2605 3624
774 112 853 154 DE
890 108 1202 152 STEPHANI

86 197 249 237 ministri
282 196 356 236 fide
376 219 387 233 ·
435 192 552 243 idque
581 189 702 239 magis
738 189 984 226 confirmatur
1013 200 1056 224 ex
1087 187 1201 224 histo-

87 253 144 289 ria
162 281 173 297 ‚
202 263 318 303 quam
347 246 600 286 Firmilianus
629 242 773 279 ibidem
803 250 953 287 narrat,
997 239 1200 289 cujusdam

85 303 258 342 mulieris
284 316 307 339 a
334 301 504 338 daemone
531 295 692 333 obsessae
711 321 721 340 ‚
757 307 846 346 quae
875 307 966 332 ausa
995 301 1047 330 est
1076 292 1201 342 bapti·

85 369 170 394 zare
199 355 332 393 usitata
374 353 524 396 forma,
567 357 609 386 ut
636 348 693 385 nil
722 347 950 396 discrepare
978 344 1028 383 ab
1057 344 1199 382 Eccle-

87 411 250 446 siastica
277 405 418 458 regula
446 401 640 440 videretur
660 427 671 439 .
714 401 922 451 interrogat
959 408 1084 437 autem
1116 399 1202 436 Fir·

85 459 268 499 milianus
289 488 299 506 ,
329 457 421 510 quid
452 456 498 494 de
530 453 748 505 hujusmodi
766 454 956 504 baptismo
971 452 1174 490 dicendum
1192 483 1203 499 ‚

111 525 159 550 uo
172 514 431 562 nequissimus
460 509 620 554 demon
649 520 719 558 per
733 507 941 545 mulierem
963 504 1204 557 baptizat-it?

83 526 273 616 ivunqutd
299 563 348 605 Θ
378 563 448 601 hoc
477 561 730 610 Stephanus,
771 561 820 601 <9¹
849 563 913 610 qui
942 560 996 597 illi
1039 572 1204 597 consen-

82 621 182 656 tiunt
204 647 215 665 ,
245 614 545 666 comprobant?
574 615 633 653 Eu
663 614 854 671 quomodo
883 622 957 651 tota
986 612 1032 650 lis
1062 614 1199 651 nonde

86 671 210 709 forma
239 670 448 723 baptismi,
491 669 552 707 sed
582 667 629 706 de
658 681 739 719 ejus
769 668 938 704 ministro
967 675 1071 704 erat.
1104 668 1141 704 ld
1173 669 1204 704 i-

82 737 194 776 psum
226 724 363 762 fatetur
390 724 609 776 Cyprianus
638 721 761 772 Epist.
795 719 977 758 LXXIV.
1018 720 1064 756 ad
1095 719 1204 757 l'om-

85 776 248 828 pejum,
292 776 469 814 videlicet
510 791 532 814 a
570 773 758 826 Stephano
804 772 979 811 effectum
1020 772 1203 824 baptismi

87 830 203 868 fuisse
232 831 443 881 majestati
471 831 646 866 nominis
673 827 708 865 J.
741 825 785 864 C.
814 825 998 864 tributum
1016 850 1026 863 .

147 882 235 921 165.
264 882 443 922 Demum
470 882 690 920 sententiam
707 878 890 931 Stephani
921 879 1035 916 fuisse
1064 878 1113 916 ab
1128 879 1202 917 Ec-

83 935 199 974 clesia
227 943 301 975 tota
344 945 552 983 retentam,
597 932 631 969 8:
660 932 935 985 approbatam,
979 939 1131 969 testatur
1160 933 1202 971 S.

88 989 318 1040 Augustinus
347 989 435 1028 Lib.
459 989 504 1026 ll.
533 995 674 1024 contra
706 984 978 1022 Gaudentium
1008 984 1201 1022 Donatis-

86 1049 172 1078 tam
201 1055 287 1093 cap.
302 1041 341 1080 8.
363 1072 374 1090 ‚
413 1040 478 1078 ubi
509 1041 657 1085 asserit,
687 1037 879 1090 Stephano
907 1037 1109 1076 adhaesisse
1143 1042 1201 1076 in-

85 1093 360 1132 numerabiles
377 1102 456 1131 toto
469 1092 560 1131 orbe
588 1092 761 1143 collegas
778 1120 788 1139 ,
818 1095 882 1141 qui
903 1091 1083 1143 ejusdem
1113 1105 1201 1129 sen-

81 1149 220 1184 tentice
259 1150 471 1198 participes
501 1154 618 1184 erant
639 1171 650 1183 .
700 1144 877 1182 Testatur
914 1146 951 1182 id
981 1158 1131 1196 qnoque
1161 1145 1201 1184 S.

83 1199 339 1252 Hieronymus
377 1202 418 1238 in
461 1199 538 1238 fine
569 1198 680 1236 Dial.
721 1207 866 1235 contra
894 1196 1202 1249 Lucfferianos‚

83 1252 276 1301 referens,
305 1266 334 1291 a
362 1252 490 1301 Julio,
519 1251 694 1298 lilarco,
725 1250 926 1303 Sylvestro
944 1281 954 1299 ,
984 1253 1033 1291 (θ’
1063 1256 1204 1290 ceteris

83 1304 272 1344 rete-ribus
299 1305 507 1358 Episcopis
524 1335 534 1354 ,
563 1305 744 1343 similiter
774 1307 789 1355 (
820 1304 889 1342 hoc
918 1312 971 1342 est
998 1305 1077 1342 sine
1105 1318 1205 1343 novo

81 1357 309 1411 baptismate
328 1359 355 1407 )·
374 1363 416 1398 in
443 1362 718 1410 poenitentiam
746 1371 888 1397 omnes
916 1356 1122 1396 lzaereticos
1141 1371 1204 1395 su-

83 1420 261 1458 sceptos.
298 1413 473 1451 Testatur
502 1414 591 1452 item
622 1411 844 1450 Vincentius
873 1411 1080 1449 Lirinensis
1121 1411 1205 1449 loco

83 1476 171 1502 mox
201 1463 306 1503 laud.
327 1466 478 1515 dicens,
507 1474 708 1503 retentam
725 1464 861 1517 fuisse
889 1468 1170 1515 antiquitatem
1191 1495 1202 1513 ,

82 1515 132 1556 (9·
159 1521 373 1556 novitatem
403 1519 612 1569 explosam
630 1546 641 1558 .
671 1519 709 1556 ld
732 1519 900 1570 denique
930 1527 1080 1555 testatur
1103 1531 1203 1568 proe-

85 1577 141 1607 ter
169 1570 263 1609 alios
291 1571 493 1610 Facundus
521 1572 811 1610 Hermianensis
840 1572 930 1610 Lib.
948 1570 999 1608 X.
1029 1570 1202 1622 Defens.

81 1625 201 1662 trium
221 1623 492 1675 Capitulorum
520 1639 606 1677 cap.
629 1626 666 1664 5.
697 1626 895 1676 inquiens:
925 1622 1119 1674 Stephani
1137 1637 1202 1672 po-

84 1679 161 1714 tius
178 1707 189 1725 ‚
219 1690 342 1729 quam
361 1677 556 1729 Cypriani
584 1682 827 1716 sententiam
857 1685 963 1714 tenet
994 1675 1201 1714 Ecclesia.

85 1726 199 1765 Porro
226 1731 314 1781 quis
355 1731 448 1767 adeo
475 1730 665 1781 desipiat,
710 1739 748 1767 ut
778 1729 868 1767 velit
897 1727 1111 1766 Ecclesiam
1150 1737 1202 1766 to·

82 1787 160 1818 tam
190 1783 307 1819 errori
335 1781 568 1820 adhaesisse?
597 1782 680 1820 Non
711 1795 799 1833 ergo
827 1780 1041 1832 Stephanus
1070 1780 1140 1818 &c.

144 1832 231 1878 164.
262 1834 373 1871 Haud
404 1848 465 1872 me
507 1833 622 1882 latet,
665 1835 770 1872 Sam.
802 1835 1028 1884 liasnagium
1059 1834 1107 1870 ad
1137 1847 1200 1872 an.

85 1884 176 1923 255.
207 1899 312 1924 num.
345 1889 380 1925 5.
409 1900 544 1925 ausum
576 1888 718 1935 fuisse,
757 1899 952 1933 errorem,
988 1900 1102 1937 quem
1134 1888 1200 1924 tri-

79 1936 165 1975 buit
192 1937 385 1990 Stephano
405 1969 415 1987 ,
446 1941 557 1977 etiam
588 1942 650 1977 toti
681 1940 866 1977 Ecclesiae
896 1938 1063 1976 tribuere
1082 1964 1092 1976 .
1122 1938 1198 1976 Ve-

87 2002 174 2028 rum
204 1992 334 2042 putida
363 1991 448 2030 haec
477 1992 672 2030 calumnia
701 2001 752 2030 est
782 1992 1016 2030 execratione
1046 1992 1196 2042 potius,

79 2055 198 2133 giam
228 2045 454 2082 refutatione
483 2045 624 2096 digua.
667 2045 767 2082 Sane
796 2044 836 2082 S.
868 2044 1126 2095 Hieronymus
1156 2046 1195 2082 in

122 2094 243 2147 ialogo
273 2110 359 2135 mox
388 2096 490 2136 laud.
521 2107 638 2145 notat,
676 2112 698 2135 a
726 2097 880 2149 Synodo
910 2095 1071 2134 Nicaena
1101 2097 1194 2136 fuis-

77 2160 116 2185 se
143 2161 272 2187 omues
302 2149 498 2189 haereticos
525 2160 740 2203 susceptos,
770 2153 944 2201 exceptis
973 2149 1089 2187 Pauli
1118 2149 1194 2187 Sa-

79 2206 278 2240 mosateni
306 2202 502 2254 discipulis
522 2234 532 2252 ‚
562 2213 662 2242 certe
690 2217 766 2242 non
795 2203 872 2242 alia
899 2203 946 2241 de
961 2217 1076 2242 causa
1093 2234 1103 2252 ‚
1133 2205 1193 2241 ni·

79 2254 110 2292 si
140 2256 232 2306 quia
261 2255 440 2308 baptismi
471 2258 635 2295 formam
664 2256 873 2295 vitiabant.
916 2256 964 2294 Et
993 2256 1034 2294 S.
1065 2259 1194 2308 Augu-

82 2307 201 2344 stinus
231 2307 318 2346 Lib.
340 2310 387 2347 ll.
418 2309 480 2347 De
509 2309 716 2359 Baptismo
743 2324 829 2363 cap.
854 2324 889 2362 7.
911 2309 1153 2347 traditionem
1174 2324 1196 2347 a

85 2357 276 2410 Stephano
305 2361 625 2414 rebaptizantibus
640 2362 855 2415 objectam,
887 2371 993 2401 vocat
1022 2361 1198 2400 saluber-

86 2414 235 2450 rimam
257 2415 580 2454 consuetudinem
601 2447 612 2464 ,
642 2430 758 2470 quam
788 2430 841 2455 ex
859 2416 1084 2468 Apostolica
1113 2424 1198 2454 tra.-

80 2462 224 2505 ditione
250 2471 381 2507 rcnire
401 2499 412 2518 ‚
439 2467 630 2520 putabat.

384 2574 592 2614 Solvuntur
619 2576 857 2630 objectiones
873 2601 884 2616 .

141 2677 227 2716 165·
253 2679 330 2718 Ob.
359 2685 513 2731 primo.
543 2683 754 2736 Stephanus
784 2684 960 2735 ignorare
988 2694 1060 2720 non
1091 2690 1196 2734 pote·

86 2737 164 2776 rat,
193 2733 372 2782 quosdam
404 2734 600 2775 haereticos
628 2750 696 2774 suo
713 2747 880 2788 tempore
902 2737 1111 2787 corrupisse
1129 2737 1202 2773 sor-

89 2795 191 2819 mam
237 2784 441 2837 baptismi:
488 2803 574 2841 ergo
603 2792 631 2827 si
664 2797 852 2841 putasset,
895 2788 1031 2826 horum
1075 2789 1200 2840 bapti-

84 2847 213 2873 smum
234 2849 310 2875 esse
332 2840 568 2891 invalidum,
599 2843 784 2882 debuisset
800 2844 853 2881 uti
869 2843 1110 2881 distinctione
1126 2872 1136 2891 ,
1166 2843 1201 2879 8<

83 2992 187 3027 Tom.
212 2995 236 3027 l.
266 2995 381 3039 Epist.
408 2998 623 3035 Romanorum
649 3003 880 3047 Pontificum,
906 3005 981 3038 Jac.
1008 3005 1088 3038 Bon.
1116 3005 1199 3038 Bos-

83 3048 159 3072 suet
186 3041 210 3095 .q
223 3052 290 3074 oin.
309 3043 349 3075 tt.
368 3043 509 3096 Operum
534 3049 696 3089 posthum.
722 3049 816 3083 Edit.
843 3051 947 3083 Paris.
974 3052 1074 3094 1753.
1102 3052 1200 3095 pagi-

85 3097 130 3138 na
160 3086 239 3119 556.
266 3100 336 3132 seq.
355 3111 364 3129 ,
391 3091 448 3123 nbi
477 3092 617 3136 Dupinii
648 3096 878 3128 temeritatem
905 3109 967 3140 pro
991 3097 1125 3130 meritis
1142 3109 1200 3130 ca-

83 3139 212 3175 stigat,
250 3137 422 3180 praecipue
448 3136 539 3181 quod
565 3139 667 3172 verba
707 3139 835 3172 decreti
863 3143 978 3175 Sancti
1006 3143 1198 3186 Stephani,

84 3188 317 3229 etfyuacumque
346 3182 463 3215 hsresi
505 3193 632 3216 uenerit
659 3187 705 3217 acl
732 3198 818 3224 nos,
859 3186 905 3219 ita
933 3189 1055 3230 gallice
1085 3198 1201 3220 verte-

85 3231 159 3255 r1t=
190 3224 242 3259 De
268 3230 403 3272 quelque
430 3235 576 3263 muniere
602 3243 660 3274 que
689 3233 740 3263 les
768 3231 958 3273 he're'tiques
987 3243 1122 3266 eiu-sent
1147 3238 1201 3266 e'te'

86 3267 259 3358 iiiss'ti'm'.
302 3286 378 3319 <pue
406 3278 590 3311 manifesta
632 3285 682 3312 est
709 3276 898 3310 verborum
923 3278 1087 3322 Stephani
1127 3290 1202 3313 cor-

173 3326 229 3350 ιο.

1237 108 1285 150 R.
1319 108 1364 149 P.
1399 108 1707 150 DECRETO.
2250 123 2330 161 ¹⁰9

1269 186 1456 236 Cypriani
1487 188 1708 222 senteutiam
1739 185 1870 222 saltem
1901 198 1946 223 ex
1976 194 2080 237 parte
2110 184 2297 236 probare3
2334 193 2387 222 at-

1269 241 1335 288 qui
1370 237 1634 274 universaliter
1666 238 1713 273 ita
1745 241 2037 287 pronunciavit:
2069 238 2111 276 Si
2140 241 2223 289 quis
2242 251 2271 275 a
2290 251 2386 288 quit·

1270 303 1438 338 cumque
1467 289 1611 326 Itaerest
1641 293 1786 325 venerit
1816 291 1902 329 (ἃς,
1934 304 2020 340 ergo
2049 292 2118 329 διε.

1331 342 1416 380 166.
1450 342 1582 394 Resp.,
1625 355 1669 379 ex
1699 340 1823 378 allatis
1852 344 2024 392 superius
2062 344 2294 382 firmissimis
2322 344 2387 381 do-

1272 397 1459 434 cumentis
1489 397 1537 433 ita
1569 409 1646 432 esse
1675 393 1793 431 verba
1821 393 2005 445 Stephani
2036 397 2259 444 explicanda
2278 427 2287 443 ‚
2319 399 2389 434 sii-

1271 448 1358 487 licet
1389 448 1565 486 haeresim
1595 460 1881 499 quamcumque
1923 446 2102 497 baptismi
2134 451 2304 486 ministro
2333 450 2390 488 ui-

1272 501 1326 539 hil
1358 502 1512 549 obesse,
1541 503 1637 554 quin
1672 500 1842 538 validum
1873 500 2043 538 conterat
2072 499 2357 538 Sacrameuttun
2376 533 2387 550 ,

1270 555 1478 592 dummodo
1492 564 1618 592 tamen
1637 555 1704 590 rite
1719 553 1891 590 conferat
1907 583 1917 600 ,
1946 553 1992 589 de
2011 564 2087 603 quo
2115 552 2220 590 nulla
2250 562 2336 591 tunc
2353 569 2390 590 e-

1272 618 1326 645 rat
1356 609 1544 660 quoesti03
1588 608 1725 644 frustra
1755 605 1950 656 Lauuojus
1997 604 2176 643 voluisset
2207 603 2303 641 hanc
2331 607 2388 644 di-

1271 663 1509 699 stinctiouem
1531 662 1570 698 iu
1591 660 1741 697 decreto
1754 658 1937 710 Stephani
1955 671 2126 710 expresse
2148 658 2260 710 poni.
2292 658 2334 694 1³.
2348 673 2388 694 u-

1273 722 1348 752 stra
1378 717 1564 766 iuquam3
1592 727 1683 751 nam
1717 713 1874 750 materia
1903 713 1985 763 ipsa
2007 741 2016 758 ,
2046 711 2078 746 ἃ
2097 712 2391 749 circumstantias

1271 769 1382 805 totius
1424 768 1690 807 controversiae
1721 765 1894 804 eamdem
1935 765 2215 803 distinctionem
2253 777 2391 816 suppo-

1272 821 1438 860 nebant.

1330 874 1417 925 167,
1448 874 1584 912 Dices.
1613 872 1856 926 Cyprianus,
1886 872 1952 923 qui
1985 872 2176 922 integrum
2206 868 2392 919 Stephani

1270 927 1464 966 decretum
1481 928 1653 974 viderat,
1685 926 1768 964 haec
1796 926 1841 964 de
1857 937 1900 962 eo
1916 924 2027 962 habet
2046 924 2168 975 Epist.
2187 922 2388 961 1.XX1V.:

1270 981 1308 1017 A
1336 994 1584 1031 quacumque
1614 979 1756 1016 lzaeresi
1786 982 2006 1017 venientem
2037 976 2226 1027 baptizari
2247 981 2286 1014 in
2309 975 2390 1013 Ec-

1270 1034 1393 1072 clesia
1422 1038 1572 1078 vetuit,·
1616 1032 1713 1070 idest
1743 1036 1926 1070 omnium
1964 1031 2238 1068 hoereticorum
2269 1028 2393 1078 bapti-

1270 1097 1407 1125 smata
1423 1089 1537 1139 justa
1557 1099 1644 1125 esse
1665 1116 1675 1134 ,
1704 1087 1753 1126 Θ·
1773 1086 1952 1137 legitima
1976 1084 2198 1136 judicarim
2228 1083 2277 1122 ὅ)
2298 1095 2391 1119 cum

1270 1141 1438 1191 singulae
1468 1140 1640 1177 Izaereses
1682 1140 1839 1190 singula
1868 1137 2114 1187 baptismata
2136 1167 2145 1185 ‚
2189 1144 2238 1176 O
2270 1135 2393 1173 <liver-

1273 1207 1322 1231 sa
1349 1202 1520 1243 peccata
1550 1192 1723 1230 habeant
1741 1221 1752 1240 ,
1781 1191 1842 1228 hic
1871 1204 1961 1228 cum
1990 1194 2169 1227 omnium
2199 1188 2394 1238 baptismo

1272 1250 1600 1293 communicans,
1621 1249 1892 1282 universorum
1908 1243 2050 1280 delicta
2068 1247 2108 1279 in
2129 1247 2260 1279 sinum
2276 1255 2392 1278 suum

1271 1308 1514 1338 coacervata
1531 1301 1751 1349 congessit.
1782 1296 1906 1349 Pergit
1925 1297 2144 1347 Cyprianus
2164 1295 2315 1332 dicens:
2345 1308 2391 1331 eo

1272 1357 1494 1404 prorupisse
1522 1351 1713 1403 Stephani
1742 1349 2050 1388 obstinationem
2072 1379 2082 1397 ‚
2122 1358 2160 1385 ut
2191 1350 2316 1385 etlam
2346 1346 2393 1385 ‹le

1274 1405 1504 1444 Marcionis
1533 1405 1728 1455 baptismo
1746 1433 1756 1451 ,
1786 1407 1880 1441 item
1913 1401 2114 1440 Valentini
2132 1432 2141 1449 ‚
2171 1401 2220 1441 (9¹
2241 1400 2394 1449 Apelle-

1273 1463 1322 1496 tis
1339 1490 1349 1507 ,
1379 1460 1429 1500 Εἴ)
1457 1468 1679 1497 ceterorum
1710 1456 2072 1506 blasphemantium
2103 1459 2142 1491 in
2162 1453 2291 1491 Deum
2314 1452 2394 1490 Pa-

1273 1521 1374 1550 trem
1404 1511 1618 1550 contendat
1640 1511 1782 1563 ,filios
1798 1510 1886 1547 Deo
1915 1511 2059 1551 nasci‚·
2088 1508 2137 1547 U
2159 1507 2236 1543 illic
2267 1510 2392 1542 inno-

1271 1569 1381 1603 mine
1408 1565 1500 1604 Jesu
1533 1564 1673 1602 Christi
1711 1563 1844 1609 (lictu,
1893 1565 2167 1600 remissionem
2210 1568 2393 1610 peccato-

1271 1631 1360 1654 rum
1391 1617 1507 1665 dari,
1545 1616 1606 1653 ubi
1635 1614 1931 1664 blasphematur
1960 1618 2000 1650 in
2033 1613 2197 1650 Patrem
2218 1642 2228 1658 ,
2272 1611 2320 1651 Εὖ
2351 1617 2392 1648 tn

1271 1669 1494 1707 Dominum
1525 1669 1658 1707 Deum
1692 1667 1915 1710 Clzrtscum;
1951 1668 2057 1718 atqui
2088 1667 2171 1703 haec
2200 1664 2394 1703 haeresum

1271 1732 1437 1760 monstra
1454 1723 1686 1774 baptismum
1716 1734 1790 1758 non
1809 1720 2053 1758 conferebant
2076 1721 2113 1757 in
2135 1719 2288 1757 nomine
2305 1717 2392 1755 Tri-

1271 1777 1420 1823 nitatis,
1450 1790 1566 1827 quam
1595 1772 1936 1825 blasphemabant:
1966 1785 2053 1823 ergo
2067 1772 2137 1810 ἃς.
2167 1772 2300 1823 Neque
2315 1773 2393 1821 C)-

1270 1830 1396 1879 priani
1435 1829 1692 1866 testimouium
1738 1826 1846 1876 rejici
1890 1833 2036 1876 potest,
2081 1834 2118 1861 ut
2148 1833 2392 1875 suspectum.

1270 1880 1365 1926 Quis
1394 1882 1495 1918 enim
1527 1889 1691 1917 mentem
1709 1877 1893 1929 Stephani
1912 1877 2050 1915 melius
2071 1879 2218 1928 assequi
2250 1879 2391 1926 potuit,

1266 1946 1383 1984 quam
1413 1934 1658 1985 Cyprianus,
1701 1934 1767 1984 qui
1812 1930 1982 1982 ejusdem
2013 1929 2207 1968 Pontificis
2251 1929 2395 1966 litteras

1264 1995 1364 2024 certe
1398 2000 1473 2024 non
1507 1986 1761 2037 perfunctorie
1810 1984 1949 2035 legerat
1971 1995 1990 2032 ,·
2030 1983 2093 2022 sed
2123 1991 2299 2021 accurate
2328 1996 2392 2019 cx-

1263 2039 1442 2092 penderat
1461 2069 1471 2086 ‚
1502 2039 1551 2084 ἃ,
1566 2036 1860 2077 cunfutaverat?

1323 2091 1410 2131 168.
1442 2091 1581 2145 Resp.‚
1625 2091 1708 2130 haec
1744 2092 1877 2129 omnia
1907 2091 2072 2138 suissea
2100 2089 2296 2142 Cypriane
2323 2102 2391 2140 op·

1262 2146 1383 2197 posita
1411 2159 1457 2183 ex
1486 2146 1651 2198 quadam
1671 2175 1681 2193 ,
1713 2153 1752 2182 ut
1770 2146 1841 2195 ipsi
1873 2144 2100 2192 videbatur,
2130 2152 2230 2182 recta
2259 2155 2387 2180 cousc-

1261 2200 1414 2237 cutione
1430 2226 1440 2238 .
1471 2198 1631 2237 Putabat
1647 2200 1751 2236 enim
1769 2197 1808 2235 S.
1831 2197 1983 2249 Martyr
2004 2227 2014 2245 ,
2045 2210 2089 2234 ex
2118 2196 2285 2234 doctrina
2305 2195 2389 2233 Ste-

1264 2251 1382 2304 phani
1414 2254 1623 2291 necessario
1652 2253 1862 2303 consequi,
1905 2249 2182 2288 admittendum
2213 2262 2290 2286 esse
2319 2247 2385 2284 ba-

1266 2306 1448 2356 ptismum
1479 2308 1591 2344 etiam
1623 2305 1861 2349 Marcionis,
1901 2302 2123 2347 Valentini,
2173 2299 2355 2352 Apellctis
2378 2329 2388 2347 ,

1266 2358 1509 2410 aliarumque
1538 2357 1727 2396 similium
1752 2357 1912 2408 pestium
1933 2384 1942 2401 ,
1974 2370 1995 2392 a
2011 2353 2153 2405 quibus
2174 2366 2310 2391 nomen
2326 2352 2389 2389 Je-

1266 2425 1310 2449 su
1351 2411 1513 2459 Christi,
1556 2412 1742 2461 totiusque
1782 2408 1982 2446 Trinitatis
2023 2405 2389 2457 blasphemabatur;

1266 2466 1376 2515 quasi
1405 2465 1549 2503 scilicet
1571 2464 1864 2514 nonputuissent
1894 2462 2011 2498 etiam
2042 2460 2101 2497 isti
2123 2458 2292 2496 haeretici
2315 2459 2389 2495 sor-

1266 2517 1414 2555 mulam
1444 2534 1464 2555 a
1485 2517 1572 2555 Jesu
1590 2517 1738 2554 Christo
1767 2515 1944 2552 traditam
1976 2525 2186 2563 usurpare,
2216 2513 2395 2564 quamvis

1266 2572 1430 2622 pessime
1459 2571 1504 2607 de
1535 2570 1723 2607 Trinitate
1760 2569 1962 2604 sentirent.
2002 2564 2116 2602 Porro
2144 2565 2184 2603 S.
2217 2566 2394 2616 Augusti-

1265 2637 1336 2660 nus
1368 2623 1454 2661 Lib.
1486 2621 1554 2660 Vt.
1586 2621 1648 2660 De
1679 2621 1886 2671 Baptismo
1915 2634 2000 2671 cap.
2021 2620 2084 2657 25.
2114 2618 2278 2665 scribit,
2314 2617 2392 2669 ja-

1269 2678 1380 2714 cilius
1410 2678 1575 2714 inveniri
1603 2675 1813 2713 haereticos
1830 2704 1840 2721 ,
1870 2676 1934 2724 qui
1962 2676 2127 2710 omnino
2155 2685 2236 2709 non
2265 2670 2390 2721 bapti-

1272 2739 1360 2767 zent
1379 2760 1388 2777 ‚
1426 2742 1549 2781 (suam
1573 2732 1636 2778 qui
1667 2727 1787 2765 verilis
1818 2727 2055 2771 &angelicis
2086 2738 2166 2763 non
2196 2723 2390 2774 baptizent

1272 2783 1358 2833 (a).
1381 2783 1428 2821 Et
1449 2783 1759 2834 S.Hieronymus
1777 2783 1814 2818 in
1835 2776 2038 2817 fiueshal-
2055 2777 2144 2816 adv.
2167 2777 2392 2829 Luciferia-

1269 2850 1342 2876 nos
1358 2846 1514 2876 testatur
1531 2867 1541 2886 ,
1564 2835 1757 2888 aSynodo
1785 2830 2090 2882 iN'icaenajitisse
2111 2844 2250 2869 omnes
2267 2830 2392 2869 licere-

2291 2894 2337 2922 tt-

1316 3005 1363 3040 (at
1395 3001 1427 3033 S.
1456 3001 1604 3032 ireneus
1632 2997 1707 3030 Lib.
1734 2996 1759 3028 Ῐ.
1786 3006 1860 3039 cap.
1887 3005 1941 3027 21.
1970 2993 2076 3027 refert
2104 3004 2166 3026 sno
2203 3000 2356 3037 tempore
2378 3013 2388 3030 ‚

1270 3048 1452 3081 innumera
1480 3057 1562 3090 pene
1585 3045 1688 3076 fuisse
1716 3043 1963 3075 haereticorum
1989 3040 2201 3085 baptismata
2224 3061 2235 3079 ‚
2273 3040 2389 3081 aliqua

1269 3107 1340 3128 cum
1364 3093 1521 3137 projimis
1546 3091 1756 3124 dictionibus
1784 3097 1946 3128 sacrata,
1987 3088 2041 3118 vet
2068 3098 2147 3119 curn
2176 3086 2300 3128 ignotis
2327 3096 2386 3116 vo-

1268 3141 1366 3174 cibus
1394 3138 1434 3171 ad
1465 3136 1640 3171 terrendos
1668 3134 1960 3174 catechumenos,
1986 3133 2041 3164 vel
2062 3145 2139 3165 eum
2169 3132 2232 3163 hac
2253 3133 2384 3163 forma.-

1270 3185 1307 3219 Jn
1333 3190 1464 3218 nomine
1491 3187 1601 3227 ignoti
1630 3182 1744 3216 Putris
1769 3194 1912 3213 onmium
1929 3202 1940 3220 ,
1983 3183 2016 3212 in
2045 3184 2190 3211 veritate
2216 3188 2323 3208 ma‘re
2348 3189 2383 3206 o·

1269 3245 1389 3264 mnium
1416 3236 1488 3264 Ue.
1519 3229 1610 3263 idem
1645 3229 1769 3273 repetit
1798 3239 1871 3271 vap·
1891 3228 1945 3260 8..
1975 3224 2217 3258 The-..torena
2259 3222 2334 3254 Lib·
2360 3221 2385 3250 l·

1269 3277 1430 3310 Ilaeretic.
1449 3278 1644 3320 fabularum
1671 3287 1744 3318 cap.
1766 3284 1815 3306 12.
1845 3281 1983 3305 accusat
2011 3272 2174 3304 similiter
2192 3264 2385 3300 'I'ascodrn-

1270 3331 1364 3368 getas
1391 3323 1691 3359 Montanistarum
1716 3320 1876 3355 soboles.
1911 3317 1978 3352 Sed
2003 3314 2188 3352 dicendum
2214 3322 2262 3347 est
2278 3333 2288 3350 ,
2314 3310 2385 3340 3¹10
