2605 3624
266 164 323 206 9¹2

206 239 387 273 causam,
421 236 492 263 cur
518 223 587 264 illa
615 236 688 265 vox
721 224 1070 265 Consecrationem
1115 238 1323 268 mutaretur

201 281 243 317 in
274 278 372 316 hanc
401 277 518 316 aliam
536 309 547 328 ,
577 292 664 336 qnae
694 280 734 318 in
749 279 944 321 Breviario
965 280 1123 335 legitur,
1153 282 1323 334 Dispen-

203 335 400 368 sationem
417 358 428 370 .

260 385 349 423 553.
382 386 471 423 lust.
491 385 648 426 Grotius
664 412 674 424 .
704 386 875 426 Celebris
895 397 971 436 est,
992 389 1178 428 referente
1198 388 1321 427 Theo-

202 437 332 475 doreto
360 438 448 477 Lib.
470 439 500 476 Ι.
532 438 635 478 Hisc.
666 439 779 479 Eccl.
809 453 893 492 cap.
917 442 1008 492 25.,
1039 442 1192 481 historia
1222 443 1318 480 Fru-

200 492 364 540 mentii,
394 493 461 544 qui
491 491 611 531 laicus
640 508 727 531 curn
758 504 874 542 esset,
906 495 938 529 δε
967 496 1068 546 apud
1098 497 1207 533 ludos
1237 508 1319 532 ver-

202 553 375 593 saretur,
417 546 601 601 quosdam
633 546 817 585 Romanos
847 558 1069 585 mercatores
1105 561 1149 584 eo
1177 547 1318 585 adven-

202 606 320 636 tantes
350 598 512 636 hortatus
542 609 620 648 est,
652 609 691 638 ut
710 600 983 638 Romanorum
1013 613 1123 637 more
1151 613 1318 637 conven-

203 664 265 688 ius
281 650 501 703 facerent,
531 657 579 693 <J
608 666 745 691 sacros
773 657 870 690 ritus
899 652 1170 691 celebrarent.
1218 654 1317 690 Cum

201 714 328 743 autem
359 706 485 743 nullus
516 707 610 743 inter
641 719 699 743 eos
719 715 808 742 esset
824 706 1032 752 Sacerdos,
1064 704 1318 756 proculdubio

199 773 222 796 a
251 757 358 797 laicis
387 773 510 796 coenae
538 760 764 795 consecratio
793 757 877 795 fieri
906 758 1057 795 debuit.

257 812 347 857 554.
380 812 477 848 Huic
508 812 629 848 Grotii
660 819 880 860 argumento
908 811 1141 861 respondeO,
1171 825 1244 849 non
1273 812 1318 850 de

198 863 331 903 Missae
362 865 572 911 sacrificio,
610 877 676 901 nec
704 864 751 901 de
779 862 1042 915 symbolorum
1071 867 1319 903 consecratio-

196 932 246 955 ne
277 917 358 954 haec
380 916 604 953 Theodoreti
634 916 751 954 verba
782 916 1029 968 intelligenda
1048 931 1151 965 esse,
1181 919 1243 956 sed
1273 918 1318 956 de

195 971 397 1021 proelium,
428 983 521 1020 quas
541 969 748 1010 Christiani
776 969 891 1007 simul
921 972 1190 1009 convenientes
1217 972 1319 1010 statis

196 1024 300 1059 horis
328 1023 486 1059 fundere
522 1023 568 1062 ad
598 1023 724 1060 Deum
767 1022 964 1062 solebant.
1007 1024 1119 1073 Quod
1160 1026 1318 1063 omnino

194 1076 340 1113 :iudicat
370 1075 542 1117 Ruffinus
559 1076 647 1115 Lib.
666 1077 696 1115 l.
727 1077 824 1114 Hist.
845 1091 878 1114 c.
894 1090 932 1129 9.
950 1107 960 1124 ,
990 1093 1012 1115 a
1041 1091 1116 1129 quo
1137 1079 1169 1115 &
1192 1078 1316 1116 Theo-

196 1129 366 1177 doretus,
397 1130 430 1166 &
452 1130 621 1168 Socrates
642 1130 737 1169 hanc
759 1130 974 1169 Frumentii
1005 1130 1200 1170 historiam
1222 1132 1315 1170 hau-

194 1191 350 1230 serunt,
372 1184 563 1234 inquiens:
594 1182 864 1231 Hortabatur,
895 1194 935 1221 ut
953 1188 1112 1235 propria
1126 1185 1314 1236 quaedam

193 1245 434 1286 occuparent
463 1236 579 1284 loca,
608 1246 649 1274 ut
679 1241 720 1274 in
749 1236 806 1274 liis
830 1236 1082 1276 Clzristianas
1109 1251 1248 1288 preces
1274 1253 1315 1276 o·

195 1287 348 1326 hireni.
396 1290 572 1326 Ceterum
602 1291 692 1342 quis
716 1291 851 1328 audeat
879 1300 981 1328 certo
1010 1305 1201 1340 asserere,
1231 1291 1316 1330 nul-

194 1340 279 1379 lum
309 1356 368 1380 eos
397 1352 619 1381 mercatores
649 1357 777 1382 secum
811 1344 987 1382 habuisse
1018 1344 1316 1397 Presbyterum,

196 1397 264 1446 qui
295 1397 389 1433 inter
417 1396 598 1434 barbaras
628 1406 750 1447 gentes
793 1398 881 1448 ipsis
924 1406 1044 1449 posset
1072 1399 1316 1437 Sacramenta

192 1450 271 1486 situ
301 1448 483 1486 Ecclesiae
515 1448 697 1485 Romanae
728 1449 967 1488 ministrare?

251 1501 342 1538 555.
372 1502 487 1539 lustat
515 1501 688 1539 secundo
717 1502 872 1541 Grotius
910 1504 1161 1553 contendens,
1205 1506 1320 1543 etiam

192 1554 424 1592 mulieribus
451 1556 668 1594 necessitate
709 1565 865 1607 urgente
906 1556 1056 1594 licuisse
1084 1558 1320 1596 sacrificinm

192 1606 511 1646 Eucharisticum
541 1608 676 1646 offerre
697 1636 708 1647 .
738 1610 838 1647 Nam
870 1611 908 1648 in
937 1613 1054 1648 veteri
1085 1610 1320 1664 Martyrolo-

194 1664 257 1711 gio
286 1661 331 1698 ad
361 1662 461 1700 diem
494 1663 616 1714 pridie
633 1662 726 1701 Kal.
746 1663 836 1702 Jun.
866 1666 1178 1703 commemoratio
1207 1664 1249 1702 fit
1278 1664 1321 1703 S.

194 1714 412 1753 Petroniilae
442 1715 536 1753 filiae
556 1716 763 1754 beatissimi
788 1716 957 1768 Apostoli
973 1716 1094 1765 Petri,
1125 1732 1213 1770 quae
1230 1732 1321 1756 cuin

197 1777 391 1819 cogeretur
412 1769 552 1807 Flacco
572 1771 701 1807 comiti
723 1769 868 1807 nubere
883 1800 892 1818 ,
923 1771 1040 1808 tridui
1061 1770 1228 1809 induciis
1248 1775 1321 1809 irn-

198 1825 360 1866 cetratis
389 1835 479 1859 curn
501 1823 542 1861 S.
559 1822 734 1861 Felicilla
755 1825 1011 1862 collactanea
1040 1838 1115 1862 sua
1130 1827 1320 1877 jejuniis,

198 1875 247 1913 e&
277 1875 519 1914 orationibus
549 1890 700 1914 vacans
718 1907 728 1924 ,
758 1881 873 1914 tertio
901 1878 1107 1915 celebratis
1137 1879 1322 1917 Domini-

197 1941 257 1964 (τω
287 1928 496 1966 oblationis
535 1934 766 1981 mysteriis,
797 1943 895 1967 moa:
924 1940 964 1967 ut
998 1930 1139 1969 Christi
1169 1932 1324 1970 Sacra-

195 1990 378 2019 mentum
407 1987 588 2030 accepit,
630 1984 834 2020 reclinans
863 1997 904 2021 se
947 1988 988 2021 in
1021 1985 1161 2022 lectulo
1190 1990 1320 2023 emisit

197 2037 398 2083 spiritum.
430 2037 472 2073 ln
503 2035 780 2088 Martyrologio
804 2037 965 2075 Roman.
995 2039 1132 2075 omissa
1162 2048 1246 2076 sunt
1277 2054 1321 2076 ea

196 2088 333 2126 verba:
364 2089 570 2127 celebratis
599 2089 826 2127 Dominicae
854 2089 1063 2128 oblationis
1092 2095 1321 2143 mysteriis,

197 2150 324 2193 utpote
340 2141 548 2180 pontificiis
576 2141 724 2194 placitis
754 2144 800 2181 de
820 2143 961 2182 Altaris
981 2145 1155 2183 ministro
1175 2146 1324 2183 incom—

198 2195 343 2233 :modis-

254 2248 344 2286 556-
377 2248 659 2300 Resp.primo-,
688 2250 894 2288 admodum
916 2250 1119 2302 probabile
1135 2266 1211 2290 esse
1228 2283 1239 2301 ,
1271 2254 1325 2290 A·

201 2310 259 2338 ista
289 2302 328 2340 S.
360 2300 599 2351 Petronillae,
642 2316 687 2340 ex
717 2305 859 2355 quibus
901 2305 983 2356 ejus
1011 2307 1328 2343 commemoratio

199 2357 240 2392 in
270 2354 591 2407 Martyrologium
634 2357 804 2394 derivata
842 2367 919 2405 est,
963 2372 1041 2395 esse
1083 2361 1240 2411 spuria,
1285 2368 1324 2398 ut

197 2407 292 2445 Eur.
313 2408 536 2447 Dodwellns
564 2409 744 2461 gravibus
773 2412 975 2448 momentis
995 2413 1151 2449 ostendit
1172 2413 1208 2450 in
1230 2412 1322 2449 Dis-

198 2470 294 2499 sert.
323 2461 390 2499 De
409 2464 502 2514 jure
531 2463 724 2501 laicorum
753 2464 995 2502 sacerdotali
1023 2467 1159 2517 cap-5.
1188 2466 1262 2504 Sed
1290 2467 1322 2504 si

203 2523 243 2550 nt
272 2516 434 2566 genuina
465 2517 740 2565 admittantur,
780 2519 906 2555 favent
942 2527 1069 2556 nostro
1095 2518 1323 2571 martyrolo-

201 2568 291 2617 giO,
320 2577 533 2620 nosti-reque
562 2572 757 2609 sententiae
776 2572 820 2608 de
837 2571 1092 2610 Eucharistiae
1123 2575 1294 2610 ministro
1309 2587 1324 2620 3·

200 2623 249 2657 ’.ἷξε
274 2623 373 2658 enim
393 2621 550 2668 habent3
584 2621 717 2661 Tertia
737 2628 869 2673 itaque
890 2624 951 2662 die
971 2629 1130 2663 veniens
1150 2626 1204 2663 ad
1224 2640 1320 2664 eam

197 2674 241 2710 ὅ.
262 2673 501 2713 Nicomedes
518 2675 729 2729 Presbyter
758 2676 966 2716 celebr-imi
996 2684 1193 2731 mysteria
1213 2679 1322 2716 Cliri-

199 2730 272 2762 sti:
306 2726 425 2779 Virgo
453 2737 590 2767 autem
619 2735 881 2769 sanctissima
904 2746 1002 2770 mox
1022 2742 1062 2770 ut
1085 2732 1226 2770 Christi
1246 2732 1325 2769 Sa-

199 2791 454 2818 cramentum
482 2788 657 2834 accepit,
685 2786 889 2824 reclinans
917 2799 960 2824 se
989 2791 1030 2825 in
1054 2786 1199 2824 lectulo
1223 2788 1326 2822 emi-

198 2835 254 2868 sit
280 2837 456 2880 spiritum
472 2862 483 2873 .

259 2886 350 2935 557.
380 2889 678 2939 Obj-secundo.
708 2892 760 2930 Ut
789 2908 813 2930 a·
838 2893 951 2931 nobis
977 2893 1122 2930 dictum
1153 2899 1223 2938 est,
1253 2891 1327 2928 Sa·-

198 2949 437 2976 eramentum
467 2941 718 2981 Eucharistiae
748 2955 985 2985 cousecratur
1021 2947 1157 2984 virtute
1186 2944 1322 2983 verbo-

199 3004 288 3029 rum
317 2992 484 3040 Christi,
526 3009 614 3046 quae
643 3007 726 3035 sunt
755 2998 871 3049 hujus
900 2999 1139 3038 sacramenti
1169 2998 1317 3035 forma:

198 3046 322 3084 immo
350 3047 463 3083 etiam
495 3047 531 3082 iu
563 3062 720 3098 persona
750 3051 920 3101 ejusdem
949 3053 1116 3100 Christi,
1159 3052 1226 3103 qui
1267 3059 1320 3089 est

162 3128 165 3130 -
201 3097 382 3137 Sacerdos
413 3100 452 3137 in
483 3108 689 3138 aeternum:
720 3118 808 3154 ergo
837 3105 931 3142 nihil
962 3118 1114 3156 prorsus
1145 3105 1322 3152 interest,

205 3165 228 3190 a
256 3165 498 3204 quocumque
527 3151 594 3191 illa
625 3155 740 3193 verba
769 3159 807 3193 in
829 3171 1014 3207 persona,
1046 3158 1078 3194 ἃ
1107 3159 1262 3196 nomine
1290 3160 1324 3196 i-

204 3207 313 3261 psius
342 3206 479 3243 Christi
511 3207 767 3257 proferantur.

263 3257 354 3296 558.
387 3258 597 3311 Respondet
626 3260 766 3297 Ductor
797 3261 1002 3312 Angelicus
1029 3270 1099 3299 art.
1126 3276 1158 3300 1.
1189 3263 1235 3300 ad
1262 3278 1293 3302 ῐ.
1311 3295 1326 3314 2

206 3340 239 3362 5,
264 3312 365 3362 quod
395 3314 512 3350 virtus
541 3312 835 3351 sacramentalis
864 3317 901 3351 in
933 3315 1106 3366 pluribus
1135 3318 1322 3367 consistit,

208 3361 239 3415 δ’.
266 3365 299 3403 ἃ
327 3378 402 3405 non
431 3367 471 3406 in
493 3380 566 3405 uno
586 3375 730 3406 tantuin
746 3381 757 3413 5
787 3369 880 3406 sicut
897 3369 1015 3408 virtus
1034 3369 1216 3423 baptismi
1237 3384 1323 3410 cou-

997 144 1261 193 DISSERT.
1285 149 1340 194 V.
1375 149 1503 194 CAP.
1525 149 1729 194 POSTR.

1392 260 1418 280 „
1446 231 1538 269 sistit
1567 232 1604 269 in
1634 231 1724 282 ipsis
1754 229 1905 280 verbis,
1936 230 1970 267 8(
1999 230 2037 269 in
2068 243 2166 284 aqua
2184 256 2195 271 .
2225 230 2335 270 Unde
2365 231 2398 269 ἃ
2426 233 2505 273 vir·

1391 313 1417 333 „
1448 292 1506 321 tus
1534 284 1787 321 consecrativa
1815 297 1890 322 non
1919 285 2041 322 solum
2062 287 2230 324 consistit
2251 287 2288 323 in
2309 286 2399 338 ipsis
2421 301 2506 325 ver·

1392 366 1419 385 „
1447 336 1532 385 bis,
1573 337 1637 373 sed
1665 336 1780 374 etiam
1810 338 1848 374 in
1879 346 2053 388 potestate
2082 339 2275 377 Sacerdoti
2303 339 2439 377 tradita
2468 341 2510 378 in

1390 418 1418 438 „
1446 403 1512 426 sua
1540 389 1843 437 consecratione,
1873 389 1906 425 ἃ
1935 391 2197 440 ordinatione,
2227 406 2318 430 cum
2347 393 2380 430 ei
2410 393 2508 430 dici-

1389 470 1415 490 „
1444 450 1505 478 tur
1533 441 1582 478 ab
1612 440 1829 491 Episcopo:
1871 442 2016 493 Accipe
2043 454 2280 495 potestatem
2308 444 2504 494 offerendi

1388 523 1414 542 „
1444 496 1485 529 in
1515 493 1702 531 Ecclesia
1730 492 1977 546 sacrificium
2004 505 2092 534 tam
2131 511 2200 550 pro
2230 502 2346 548 faris,
2385 510 2507 551 quam

1388 576 1414 595 „
1445 559 1514 593 pro
1544 549 1709 582 mortuis
1725 546 1749 561 '³
1765 571 1777 583 .

1440 599 1623 646 Quaeres,
1652 612 1709 635 an
1724 597 1919 639 Sacerdos
1940 602 2071 640 malus
2086 603 2387 644 Eucharistiam
2409 618 2502 643 con-

1372 651 1507 703 ficere
1535 665 1583 701 po
1590 655 1656 688 §sit
1680 649 1705 686 ?

1440 706 1532 756 559.
1564 705 1676 755 Hesp.
1706 703 1974 753 affirmative;
2010 706 2044 743 St
2088 717 2140 745 est
2176 709 2372 748 catholicae
2415 711 2507 749 fidei

1386 757 1544 808 dogma,
1574 758 1674 810 quod
1703 759 1784 795 sine
1813 757 1949 798 haeresi
1969 761 2099 811 negari
2129 773 2204 798 non
2234 771 2377 811 potest,
2407 773 2507 814 post-

1386 825 1504 862 quam
1535 813 1573 849 in
1603 811 1758 863 Synodo
1785 812 2061 851 constantiensi
2090 813 2186 852 Sess.
2217 814 2324 851 Vlll.
2352 815 2509 855 damna-

1386 872 1423 901 ta
1452 873 1502 902 est
1530 865 1700 916 opposita
1728 865 1899 904 doctrina
1914 867 1974 904 Jo.
1997 866 2092 915 Hus,
2123 867 2230 905 &JQ
2251 866 2443 912 Wiclefi3
2472 870 2506 904 δε

1386 918 1427 956 in
1456 918 1629 955 Concilio
1657 918 1832 957 Trident.
1860 919 2062 958 Sess.V11.
2092 934 2175 960 can.
2202 933 2261 958 12.
2306 920 2512 959 anathema.

1386 972 1681 1022 pronunciatum
1711 980 1764 1009 est
1794 973 1852 1020 ei,
1889 976 1955 1024 qui
1991 972 2136 1011 dixerit
2155 1004 2166 1022 ,
2209 976 2440 1011 ministrum
2469 976 2512 1012 in

1383 1034 1549 1074 peccato
1577 1026 1739 1062 mortali
1769 1029 2029 1075 existentem,
2061 1026 2176 1064 modo
2203 1030 2345 1064 omnia
2375 1039 2511 1064 essen-

1383 1078 1521 1126 tialia,
1552 1091 1641 1129 quoe
1669 1078 1723 1115 ad
1752 1078 2064 1117 Sacramentum
2094 1079 2410 1132 conficiendum,
2440 1087 2513 1117 aut

1386 1131 1674 1183 conserendum
1702 1136 1898 1181 pertinent
1916 1163 1926 1181 ,
1956 1137 2165 1172 servaverit
2183 1165 2193 1183 ,
2223 1147 2302 1171 non
2334 1132 2508 1186 confice-

1385 1197 1455 1231 re,
1485 1194 1555 1222 aut
1583 1184 1766 1236 conferre
1796 1185 2109 1224 Sacramentum
2127 1213 2138 1225 .

1440 1238 1531 1276 560.
1561 1238 1644 1276 Hoc
1672 1247 1799 1276 autem
1843 1248 1953 1277 antea
1984 1239 2026 1278 S.
2056 1239 2224 1278 Thomas
2265 1239 2328 1277 hic
2368 1248 2438 1277 art.
2471 1239 2510 1278 5.

1384 1290 1457 1331 hac
1487 1291 1696 1343 theologica
1726 1292 1867 1330 ratione
1896 1294 2127 1331 ostenderat:
2157 1323 2182 1341 „
2211 1292 2393 1331 Sacerdos
2422 1305 2516 1329 con·

1386 1374 1412 1395 „
1442 1354 1562 1383 secrat
1597 1344 1668 1383 hoc
1697 1346 1987 1384 Sacramentum
2005 1376 2015 1394 ,
2054 1360 2126 1384 non
2156 1348 2293 1384 virtute
2330 1346 2514 1397 propria,

1387 1428 1413 1447 „
1442 1398 1505 1436 sed
1534 1399 1629 1436 sicut
1650 1400 1823 1437 minister
1840 1400 1978 1437 Christi
1998 1429 2008 1448 ,
2040 1400 2078 1437 in
2108 1398 2220 1450 cujus
2251 1412 2407 1451 persona
2428 1411 2517 1436 con-

1389 1481 1417 1500 „
1446 1461 1564 1490 secrat
1594 1451 1664 1490 hoc
1693 1453 2006 1491 Sacramentum.
2036 1453 2121 1491 Nou
2149 1462 2277 1490 antem
2308 1464 2353 1488 ex
2383 1451 2453 1489 hoc
2483 1452 2517 1489 i-

1388 1534 1415 1553 „
1445 1518 1512 1556 pso
1540 1506 1674 1543 desiuit
1704 1505 1846 1558 aliquis
1876 1508 2047 1544 minister
2091 1519 2167 1544 esse
2195 1505 2372 1553 Christi,
2414 1504 2517 1556 quod.

1389 1587 1415 1607 „
1447 1567 1498 1596 est
1528 1559 1672 1605 malus3
1703 1559 1817 1597 habet
1848 1562 1952 1598 enim
1982 1559 2172 1597 Dominus
2202 1559 2346 1606 bonos,
2377 1556 2411 1592 δί
2433 1571 2514 1594 ma—

1389 1640 1416 1660 „
1446 1609 1501 1649 los
1531 1613 1752 1661 ministros,
1783 1626 1846 1650 seu
1877 1625 2024 1651 servos:
2068 1613 2169 1650 unde
2199 1610 2342 1650 Matth.
2364 1609 2517 1649 XXIV·

1390 1693 1417 1712 „
1447 1664 1514 1709 45.
1544 1665 1735 1703 Dominus
1764 1667 1879 1704 dicit:
1915 1665 2010 1716 Quis
2039 1675 2156 1716 putas
2186 1674 2244 1703 est
2261 1663 2401 1717 fidelis
2430 1675 2514 1701 ser-

1390 1746 1415 1765 „
1446 1731 1539 1766 vus,
1559 1717 1835 1770 &prudens?
1867 1718 1937 1757 &c.
1967 1720 2014 1757 Et
2044 1729 2169 1771 postea
2199 1718 2350 1756 subdit:
2378 1716 2420 1753 Si
2440 1729 2515 1754 au-

1390 1801 1416 1819 „
1446 1779 1527 1808 tem
1557 1771 1704 1809 dixerit
1735 1772 1865 1809 malus
1894 1776 1968 1810 iste
1997 1785 2130 1810 servus
2159 1775 2201 1809 in
2229 1769 2433 1807 cordesuo
2455 1794 2514 1808 ..η

1391 1853 1418 1873 „
1447 1824 1496 1862 Et
1527 1823 1597 1863 hoc
1627 1825 1675 1863 ad
1718 1824 1984 1864 excellentiam
2013 1826 2180 1873 Christi,
2210 1825 2393 1876 pertinet,
2423 1824 2485 1861 cui
2503 1853 2517 1871 2

1391 1907 1417 1925 „
1447 1879 1545 1915 sicut
1574 1892 1664 1916 vero
1693 1879 1801 1927 Deo,
1830 1880 1997 1918 serviunt
2026 1893 2102 1917 non
2132 1877 2256 1916 solnm
2285 1876 2415 1924 hona,
2450 1877 2517 1914 sed.-

1390 1960 1417 1979 „
1448 1932 1561 1968 etiam
1592 1931 1715 1980 mala,
1745 1946 1835 1984 quae
1855 1947 1925 1984 per
1945 1933 2063 1985 ipsius
2093 1931 2372 1985 providentiam
2402 1931 2442 1967 in
2472 1943 2516 1966 e·

1390 2012 1415 2031 „
1445 1983 1507 2034 jus
1534 1983 1696 2035 gloriam
1726 1987 1951 2023 ordinantur
1971 1986 2015 2024 ³².

1446 2036 1535 2075 561.
1567 2037 1626 2074 An
1656 2047 1782 2075 autem
1815 2040 1941 2076 minus
1970 2038 2092 2076 valeat
2108 2037 2231 2076 Missa
2259 2036 2352 2074 mali
2382 2035 2519 2074 Sacer-

1391 2089 1506 2137 dotis,
1537 2104 1654 2141 quam
1684 2091 1774 2128 boni
1806 2092 1856 2128 ita
1887 2091 2052 2143 explicat
2073 2090 2277 2141 Angelicus
2292 2088 2436 2127 art.6.:
2466 2088 2516 2126 In

1391 2142 1527 2180 Missa
1556 2142 1631 2181 duo
1659 2153 1716 2181 est
1745 2143 2028 2192 considerare,
2056 2144 2202 2182 scilicet
2223 2147 2350 2196 ipsum
2366 2142 2517 2180 Sacra-

1392 2206 1571 2233 mentum
1588 2227 1598 2245 ,
1628 2197 1729 2247 quod
1745 2207 1804 2235 est
1817 2198 2035 2247 principale
2050 2228 2061 2246 ,
2090 2198 2141 2237 (θ’
2169 2200 2370 2235 orationes
2386 2226 2396 2244 ‚
2425 2207 2516 2246 quie

1390 2252 1432 2286 in
1462 2249 1597 2287 lllissa
1614 2250 1728 2301 fiunt
1755 2263 1825 2299 pro
1853 2255 1968 2299 rivis,
1999 2253 2049 2291 &⁴
2078 2254 2242 2288 mortuis
2263 2276 2273 2287 .
2308 2249 2520 2299 Quantum*

1391 2315 1485 2354 ergo
1513 2302 1568 2340 ad
1598 2304 1910 2341 Sacramentum
1928 2335 1938 2352 ,
1976 2317 2058 2341 non
2087 2306 2218 2340 minus
2248 2303 2349 2341 valet
2379 2301 2516 2340 Missa

1391 2355 1619 2394 Sacerdotis
1648 2357 1775 2405 mali,
1817 2371 1940 2408 quam
1975 2356 2092 2405 boni,
2133 2360 2226 2408 quia
2255 2354 2452 2407 utrobique
2481 2359 2512 2392 ἰ-

1392 2408 1484 2447 dem
1499 2423 1571 2447 con
1574 2409 1707 2458 ficii-ur
1723 2410 2038 2449 Sacramentum
2051 2437 2061 2448 .
2094 2410 2236 2448 Oratio
2251 2414 2377 2447 etiam
2395 2439 2407 2457 ,
2426 2421 2521 2460 quoti¹

1379 2462 1438 2515 fit
1467 2468 1508 2501 in
1538 2457 1699 2510 Missa,
1743 2473 1866 2513 potest
1895 2463 2140 2501 considerari
2170 2463 2400 2513 dupliciter:
2437 2474 2517 2498 uno

1392 2517 1535 2563 modo,
1565 2521 1807 2567 inquantum
1832 2516 1946 2554 habet
1975 2516 2204 2564 efficaciam
2235 2516 2287 2553 ex
2318 2515 2522 2553 devotione

1391 2569 1616 2608 Sacerdotis
1631 2573 1783 2606 orantis
1787 2584 1802 2613 ;
1816 2570 1864 2609 ἴθ’
1876 2573 1932 2606 sic
1948 2582 2028 2606 non
2043 2577 2099 2606 est
2117 2568 2288 2616 dubium,
2302 2567 2404 2619 quod
2415 2567 2518 2604 Mis-

1390 2637 1439 2661 sa
1457 2622 1629 2661 melioris
1643 2622 1871 2660 Sacerdotis
1887 2626 2018 2674 magis
2035 2630 2092 2659 est
2089 2621 2322 2673 fructuosa:
2339 2621 2419 2658 alio
2436 2633 2519 2657 mo-

1390 2676 1439 2713 do
1457 2707 1467 2723 ,
1488 2681 1723 2726 inquantum
1745 2679 1872 2713 oratio
1891 2680 1931 2713 in
1952 2675 2087 2713 llIissa
2106 2674 2302 2727 profertur
2322 2687 2349 2711 a
2373 2673 2521 2714 Sacer-2

1390 2728 1478 2766 dote
1515 2733 1555 2766 in
1583 2742 1757 2778 persona
1787 2733 1900 2767 totins
1929 2728 2126 2767 Ecclesiae
2145 2759 2155 2776 ,
2186 2730 2298 2781 cujus
2321 2727 2523 2765 Sacerdos

1389 2792 1448 2819 est
1478 2785 1683 2830 minister,
1714 2782 1817 2833 quod
1842 2782 2001 2833 quidem
2031 2786 2295 2820 ministerium
2325 2785 2448 2818 etiam
2477 2784 2521 2817 in.

1392 2835 1662 2885 peccatoribus
1702 2845 1870 2874 manet:
1913 2835 2017 2873 unde
2059 2839 2185 2873 etiam
2227 2844 2420 2885 quantum
2465 2832 2519 2871 ad

1392 2887 1463 2927 lioc
1492 2899 1549 2926 est
1565 2888 1783 2941 fructuosa
1802 2920 1812 2938 ,
1855 2903 1935 2927 non
1964 2890 2093 2927 solum
2135 2893 2262 2927 oratio
2291 2886 2521 2926 Sacerdotis

1391 2945 1432 2979 in
1449 2942 1582 2980 Missa
1598 2973 1608 2991 ,
1639 2943 1707 2981 sed
1736 2947 1860 2981 etiam
1889 2956 2028 2981 omnes
2049 2944 2135 2995 ejus
2156 2946 2358 2980 orationes
2375 2972 2385 2989 ‚
2415 2952 2520 2992 quas

1376 2995 1489 3048 jacit
1520 3000 1560 3034 in
1590 2999 1869 3035 ecclesiasticis
1898 2996 2058 3045 officiis,
2089 3000 2130 3033 in
2150 2996 2283 3047 quibus
2303 2999 2402 3047 gerit
2429 3005 2516 3044 per-

1390 3063 1537 3087 sonamv
1553 3049 1774 3100 Ecclesiae,
1805 3051 1893 3089 licet
1909 3054 2113 3088 orationes
2126 3051 2212 3102 ejus
2243 3053 2408 3101 privatae
2435 3057 2518 3082 non

1391 3107 1469 3141 sint
1486 3102 1717 3154 fructuosae·
1733 3131 1745 3142 .
2487 3152 2495 3159 ·

1451 3157 1541 3195 562.
1573 3159 1744 3210 idipsum
1768 3157 1971 3209 Angelicus
2000 3157 2106 3196 dooet
2134 3167 2203 3196 art.
2224 3170 2259 3207 7.
2289 3151 2518 3214 ‹le-llaeretl-

1394 3212 1475 3258 eis,
1505 3209 1780 3258 schismaticis,
1820 3212 1853 3247 8(
1884 3212 2246 3253 excommunicatis,
2283 3218 2377 3256 (luha
2406 3218 2513 3242 7⁸60&-

1393 3273 1534 3315 perunt
1562 3273 1797 3313 potesta-rem
1842 3264 2106 3302 consec-randi
2135 3259 2433 3300 Eucharistiam
2473 3262 2516 3297 in

1391 3317 1643 3356 ordinatione
1671 3317 1928 3356 sacerdotii...
1958 3316 2014 3354 Et
2043 3320 2134 3367 quia
2163 3316 2409 3350 consecratio
2432 3310 2517 3348 Εκ-

1393 3370 1595 3412 ςῆιινὶεῐὶσε
1623 3381 1681 3412 esc
1711 3380 1825 3411 actus
1867 3382 2108 3423 consequens
2139 3365 2300 3408 Ordinis
2341 3373 2517 3416 potesta«

2357 3428 2438 3458 tem
2453 3446 2468 3468 2
