2605 3624
633 112 712 158 DE
747 109 1302 156 SAGRAMENTORUM
1337 110 1394 153 N.
1430 111 1479 153 L.
1513 110 1862 156 EFFICACIA.
2289 117 2338 158 61

93 196 230 250 quidm
245 196 401 235 diversoe
421 191 618 232 traduntur
636 195 898 229 investiturae:
929 205 965 227 ν.
985 204 1022 241 g.
1052 192 1203 243 inquit,
1259 188 1372 240 fides
1399 187 1602 239 perficitur
1630 201 1696 235 per
1728 190 2003 239 Baptismum,
2049 188 2277 241 Baptismus
2311 205 2400 229 vern

95 253 295 288 investitur
325 248 547 286 Canonicus
573 257 644 294 per
671 244 811 282 librum
828 273 838 291 ,
882 242 1011 280 Abbas
1040 256 1110 292 per
1137 243 1206 281 ba·

95 304 247 351 culum,
277 300 492 352 Episcopus
521 311 588 348 per
617 297 800 336 baculum
823 327 834 344 ,
864 296 1126 337 &annulum
1155 301 1206 334 si-

97 357 181 394 mul
199 369 214 400 ;
242 355 345 406 atqui
375 361 476 390 certo
495 353 633 390 certius
661 360 748 399 est,
779 349 998 401 hujusmodi
1027 351 1132 401 signa
1153 365 1207 388 es-

93 421 132 447 se
160 420 276 446 vacua
296 435 308 453 ,
337 404 372 442 ἃ
402 406 552 443 inania:
583 417 671 456 ergo
700 405 840 455 pariter
860 403 1106 441 Sacramenta
1136 403 1207 443 ἃς.

95 461 247 511 Quarto
273 458 313 496 S.
344 457 505 496 Basilius
536 458 624 496 Lib.
654 456 716 495 De
744 457 891 508 Spiritu
933 466 1074 494 sancto
1120 471 1208 509 cap.

100 526 160 552 ια.
188 511 384 550 Proecerlit
411 511 568 562 quidem
585 542 595 560 ,
626 512 704 559 ait,
733 509 926 561 projessio
953 509 1008 547 ad
1036 510 1208 549 salntem

91 564 336 617 perducens,
366 570 537 615 sequitur
565 573 706 602 autem
734 564 933 614 baptisma
962 568 1208 616 consignans

89 627 249 671 pactum
278 627 485 657 nostrum.
534 618 712 657 Demum
755 617 1061 670 frequentissime
1089 618 1207 655 sancti

90 671 215 710 Patres
234 670 478 710 Sacramenta
498 671 741 724 appellarunt
756 675 874 722 signa
887 700 897 717 ,
917 670 1047 722 sigilla
1064 700 1075 718 ,
1096 683 1208 722 sym-

88 724 199 774 bola,
240 729 410 777 pignora
437 725 525 765 (irc.
569 726 691 763 lmmo
719 724 759 762 S.
790 723 929 762 Paulus
959 722 1117 760 Roman.
1140 723 1209 761 lV.

95 791 154 816 n.
183 782 344 831 signum
373 782 683 816 circumcisionis
711 785 896 815 memorat
917 778 931 826 (
953 789 1078 828 graece
1096 791 1207 827 σφρα-

86 831 189 879 γίὲα
219 833 263 880 ),
294 845 377 871 eam
407 844 544 871 vocans
572 830 826 882 signaculum
854 830 957 882 pacti
987 829 1107 867 aDeo
1135 831 1208 868 ini-

86 884 117 921 ti
144 898 234 924 cum
265 883 482 924 patriarcha
512 883 707 922 Abraham
725 909 736 921 .

141 937 234 977 368.
267 938 378 990 Resp-
407 938 453 975 ad
482 939 683 988 primum,
713 936 754 975 S.
785 935 1034 974 Ambrosium
1064 935 1119 974 ibi
1150 935 1206 974 lo·

88 991 159 1042 qui
187 992 235 1029 de
274 991 543 1034 consuetudine
585 990 664 1040 jam
708 1003 777 1027 suo
817 998 986 1042 tempore
1030 990 1206 1040 vigente,

87 1057 255 1096 quaeqne
282 1043 405 1082 adhuc
435 1042 607 1095 religiose
635 1052 832 1090 servatur,
864 1052 902 1080 ut
931 1056 1033 1094 aqua
1062 1043 1204 1094 baptis-

83 1098 197 1135 matis
224 1098 335 1135 certis
363 1095 689 1135 benedictionibus
707 1104 968 1148 praeparetnr3
999 1110 1071 1134 non
1101 1098 1204 1149 qnod

81 1148 123 1187 in
152 1162 265 1189 causa
293 1151 522 1189 necessitatis
548 1151 662 1188 etiam
683 1162 782 1202 aqua
801 1151 1018 1188 communis
1035 1179 1045 1198 ,
1075 1149 1108 1186 St
1130 1162 1206 1188 non

79 1200 279 1242 benedicta
308 1217 382 1242 non
409 1203 582 1249 valeret3
626 1204 689 1242 sed
717 1205 810 1255 quia
839 1202 902 1242 hic
932 1213 1009 1240 erat
1043 1216 1204 1241 consue-

83 1262 140 1292 tus
170 1257 208 1294 in
238 1255 396 1295 solemni
426 1257 616 1309 Baptismo
645 1271 751 1295 mos.
795 1256 882 1295 Non
925 1265 1050 1294 autem
1081 1255 1206 1309 loqui-

81 1316 143 1346 tur
169 1308 209 1347 S.
240 1308 347 1349 Pater
375 1309 425 1348 de
464 1310 750 1362 praedicatione
786 1313 941 1357 crucis,
984 1324 1048 1348 sen
1078 1308 1206 1348 Evan-

84 1360 176 1412 gelii
206 1363 245 1402 in
275 1365 430 1417 proprio
458 1377 594 1412 sensu,
635 1366 744 1418 quasi
776 1377 843 1415 per
885 1362 985 1402 hanc
1015 1364 1204 1416 praedica-

83 1415 222 1453 tionem
251 1425 493 1456 consecratur
521 1432 620 1470 aqua
641 1444 652 1456 .
697 1418 867 1456 Fortasse
910 1418 1026 1454 etiam
1056 1416 1097 1456 S.
1128 1417 1205 1455 An-

82 1468 180 1505 tistes
211 1483 277 1520 per
311 1471 639 1522 praedicationem
667 1470 899 1509 Dominicae
930 1469 1066 1508 Crucis
1096 1470 1204 1508 intel-

81 1519 173 1559 lexit
202 1523 323 1574 ipsam
364 1526 682 1564 consecrationem
700 1555 710 1574 ,
753 1539 842 1578 qnae
870 1524 914 1562 fit
943 1539 964 1562 a
993 1523 1174 1563 Ministro
1192 1554 1204 1572 ‚

78 1573 172 1612 dun»
200 1590 339 1628 aquam
370 1579 537 1617 infundit
557 1604 568 1616 .
611 1578 812 1632 Propterea
855 1579 963 1616 initio
1005 1576 1112 1616 illius
1140 1591 1204 1616 ca-

77 1628 189 1678 pitis,
231 1628 336 1680 Quid
362 1630 528 1669 vidisti?
575 1633 728 1684 inquit,
779 1644 909 1682 aquas
938 1634 1095 1680 utique,
1136 1630 1206 1667 sed

78 1692 159 1718 non
187 1683 322 1720 solas.
363 1683 525 1722 Lectitas
553 1685 631 1722 illic
660 1687 959 1730 ministrantes,
998 1695 1203 1719 summum

77 1731 337 1773 Sacerdotem
380 1740 695 1788 interrogantem
720 1767 731 1784 ‚
783 1738 832 1776 <9⁰
869 1744 1204 1774 consecrantem.

81 1785 261 1824 Ceterum
290 1787 405 1826 fidem
428 1819 440 1837 ,
485 1803 573 1842 quae
605 1803 671 1841 per
701 1790 823 1827 crucis
862 1789 1173 1840 praetlicationem
1191 1819 1203 1837 ‚

79 1838 160 1875 sive
187 1853 255 1890 per
283 1843 498 1880 concionem
545 1845 756 1890 excitatur,
800 1842 846 1879 ad
889 1841 1202 1892 justificationem

80 1891 242 1929 minime
269 1894 470 1944 sufficere,
499 1906 629 1948 aperte
659 1896 802 1933 ibidem
833 1896 944 1932 tradit
976 1894 1200 1932 Ambrosius

80 1955 186 1981 num.
209 1957 272 1982 20.
304 1948 340 1984 in
374 1950 502 1986 niens:
548 1947 679 1985 Credit
707 1957 846 1985 autem
880 1946 1202 1985 catechumenus

78 1998 119 2034 t'n
147 2008 307 2036 crucem
377 2004 502 2038 omini
529 2000 648 2048 Iesu,
687 2013 765 2050 qua
795 2000 844 2040 <9⁶
873 2003 956 2049 ipse
984 2004 1168 2052 signatur
1188 2015 1202 2038 .·

77 2048 149 2087 sed
175 2054 251 2089 nisi
279 2050 499 2103 baptizatus
528 2052 660 2105 suerit
689 2058 731 2091 in
768 2057 932 2091 nomine
961 2052 1121 2102 Patris,
1151 2055 1203 2095 (9⁶

79 2100 190 2152 Πῖἰὶ,
236 2105 286 2146 (9¹
315 2105 483 2157 Spiritus
510 2110 641 2145 sancti
663 2137 674 2156 ,
722 2111 995 2145 remissionem
1026 2121 1106 2145 non
1135 2121 1202 2158 po-

78 2163 152 2194 test
181 2163 364 2210 accipere
388 2170 642 2212 peccatorum
660 2191 672 2210 ,
709 2173 784 2199 nec
812 2160 1028 2213 spiritualis
1053 2166 1204 2214 gratiae

76 2221 222 2249 munus
250 2210 435 2253 haurire.

135 2263 226 2316 569.
259 2266 314 2304 Ad
344 2267 582 2307 secundum.
613 2269 656 2306 In
686 2277 788 2306 textu
805 2268 845 2307 S.
868 2269 1201 2321 Hieronyminui-

75 2313 114 2354 la
143 2327 195 2355 est
222 2318 454 2368 difficultas;
494 2335 609 2361 nemo
635 2323 738 2361 enim
770 2323 922 2362 inficias
949 2324 1088 2370 iverit,
1119 2325 1197 2361 vir-

76 2376 154 2408 tute
172 2370 336 2422 Spiritus
364 2376 482 2414 sancti
511 2377 683 2414 animam
704 2391 726 2414 a
745 2376 921 2414 sordibus
949 2386 1196 2428 peccatorum

75 2426 260 2483 pjirgari3
298 2425 368 2466 hoc
396 2438 523 2468 tamen
552 2442 626 2467 non
657 2430 842 2482 impedit,
872 2431 969 2482 quin
996 2428 1081 2467 haec
1107 2429 1199 2481 Spi-

73 2485 168 2515 ritus
195 2481 313 2518 sancti
345 2482 462 2520 virtus
491 2483 610 2521 indita
639 2484 684 2521 sit
714 2485 805 2535 ipsis
833 2483 1120 2521 Sacramentis.

125 2529 216 2581 370.
250 2531 423 2573 Tertium
453 2549 498 2574 ex
527 2536 568 2575 S.
598 2536 792 2574 Bernardo
833 2536 916 2574 leve
946 2547 1021 2574 est:
1065 2536 1194 2574 inelli-

73 2578 172 2621 fluns
200 2587 300 2625 enim
332 2589 470 2628 Doctor
500 2605 561 2628 eas
589 2590 860 2629 similitudines
888 2590 1039 2638 attulit,
1068 2590 1194 2629 solum

73 2641 115 2671 ut
141 2635 271 2688 aliquo
300 2643 408 2680 modo
451 2643 662 2696 explicaret
691 2658 798 2682 suam
829 2644 1092 2683 definitionem
1123 2643 1192 2682 Sa-

72 2693 253 2729 eumenii
272 2723 283 2741 ,
325 2695 425 2747 quod
454 2698 500 2735 sit
528 2701 687 2750 signum
728 2710 916 2746 sacrum,
955 2712 1020 2736 sen
1050 2700 1103 2736 rei
1133 2713 1192 2736 sa-

72 2749 171 2777 crae.
201 2743 384 2797 Magnum
400 2759 526 2788 tamen
555 2753 652 2788 inter
682 2761 890 2790 memorata
911 2753 1043 2802 signa,
1071 2752 1191 2789 &Sa-

74 2802 264 2851 cramenta
281 2799 487 2842 discrimen
518 2804 662 2843 ibidem
690 2803 826 2852 affert,
857 2805 1042 2843 subdens:
1082 2804 1191 2842 Dia-2·-

75 2854 206 2904 stones
233 2856 455 2900 gratiarum
470 2857 630 2896 diversis
657 2867 747 2895 sunt
767 2859 929 2896 tradztae
944 2859 1191 2896 Sacramen-

70 2903 146 2934 ns.
187 2898 231 2936 Et
261 2902 492 2955 Baptismum
522 2912 615 2950 dicit
644 2912 759 2950 fuisse
788 2914 999 2951 institutum
1017 2943 1027 2961 ,
1058 2922 1097 2950 ut
1129 2917 1189 2949 in-

71 2958 294 3013 veteratam
336 2958 551 3012 rubiginem
581 2967 597 3015 (
626 2968 773 3016 peccati
814 2966 1014 3017 originalis
1043 2966 1059 3015 )
1097 2979 1192 3004 cum

68 3013 254 3068 unitione
285 3016 414 3047 sancti
443 3013 605 3060 Spiritus
636 3032 743 3068 aqua.
773 3018 963 3057 dilueret.

124 3068 216 3120 o7i.
251 3060 448 3111 Quartum
477 3080 520 3103 ex
550 3068 590 3105 S.
620 3069 758 3108 Basilio
786 3072 909 3109 solum
942 3073 1105 3126 probat,
1151 3074 1189 3111 in

67 3109 209 3173 adultis
238 3113 354 3153 fidem
398 3119 615 3169 praecedere
643 3122 780 3160 debere
801 3154 813 3171 ,
860 3139 933 3164 nou
974 3136 1099 3164 autem
1130 3126 1190 3164 illi

71 3163 144 3201 solt
173 3180 248 3204 esse
279 3171 588 3220 justificationem
618 3173 903 3215 adscribendam
922 3205 934 3216 .
973 3179 1096 3217 humo
1123 3193 1191 3231 op-

66 3219 238 3266 positum
270 3222 413 3262 ibidem
435 3225 475 3263 S.
495 3225 654 3263 Basilius
681 3237 808 3277 aperte
836 3229 968 3278 docet,
999 3233 1192 3284 inquiens:

77 3265 211 3330 Fl‘sses,
240 3275 288 3316 (θ’
310 3276 521 3328 Baptisma
551 3278 625 3316 <luo
654 3288 743 3316 sunt
776 3280 880 3316 modi
907 3286 1105 3330 paranda:
1124 3299 1192 3323 sa-

78 3320 165 3362 lutis
200 3330 301 3369 inter
341 3346 385 3372 se
413 3336 605 3388 cognati,
646 3333 695 3375 (9
725 3333 1036 3384 inseparabiles.
1076 3337 1192 3378 Nam

1261 240 1541 293 fundamento
1558 239 1662 292 fidei
1693 245 1853 279 nititur.
1898 244 2049 281 Dicitur
2095 254 2220 283 antem
2253 246 2396 296 Baptis-

1275 308 1384 332 mum
1413 292 1612 344 obsignare
1657 302 1809 344 pactum
1839 308 1925 331 cum
1958 297 2037 332 Deo
2060 326 2070 343 ‚
2112 307 2300 349 qnatenus
2330 312 2397 350 per

1276 361 1365 385 eum
1408 348 1668 384 renuntiamus
1697 347 1849 385 Satanae
1871 376 1882 394 ‚
1926 346 1959 381 ἃ
1988 348 2061 386 filii
2095 350 2164 388 Dei
2196 365 2263 404 pot
2305 353 2396 390 ado-

1276 402 1444 452 ptionem
1475 399 1667 437 efficimur
1688 425 1699 438 .

1331 453 1423 504 572.
1455 452 1704 491 Postremum
1735 451 1832 489 nibil
1863 452 2023 490 continet
2045 452 2299 503 difficultatis5
2331 471 2398 495 ne-

1275 520 1351 559 que
1379 507 1483 545 enim
1518 519 1607 544 cuin
1639 504 1931 544 l’rotestantibus
1975 504 2173 556 litigamus
2201 510 2246 546 de
2274 513 2399 548 nomi-

1274 574 1349 607 ne,
1393 559 1456 598 sed
1485 559 1532 597 de
1562 573 1627 604 re;
1672 572 1746 596 nou
1775 573 1823 596 an
1851 559 2094 597 Sacramenta
2136 560 2214 597 dici
2257 565 2399 612 possint

1274 617 1393 665 signa
1415 643 1425 661 ,
1455 614 1668 666 symbola,
1697 614 1867 663 pignora
1889 642 1898 660 ‚
1929 611 2064 649 arrlzoe
2093 612 2212 657 Θου·
2258 616 2318 652 sed
2349 631 2399 654 au

1276 669 1347 705 sint
1376 668 1480 718 signa
1510 680 1632 705 vacua
1653 695 1664 714 ,
1696 667 1825 703 inania
1843 696 1852 712 ,
1882 674 1997 716 atque
2025 668 2130 703 omni
2160 676 2313 705 careant
2342 670 2399 704 es-

1277 719 1443 767 ficacia‚
1486 720 1540 758 ita
1572 728 1611 756 ut
1641 728 1713 757 tota
1742 717 1974 770 justificandi
2019 720 2078 756 vis
2106 732 2179 757 non
2210 722 2302 771 ipsis
2331 719 2401 758 Sa-

1277 774 1482 811 cramentis
1503 802 1514 821 ‚
1555 772 1617 811 sed
1648 771 1717 810 soli
1748 771 1839 810 fidei
1877 775 1924 811 sit
1951 772 2183 810 tribuenda.
2222 773 2304 811 Hoc
2335 786 2401 811 no-

1275 825 1426 864 biscum
1456 835 1590 879 negent
1619 824 1891 873 I'rotestantes‚
1936 825 1969 862 &
1999 838 2064 863 nos
2094 839 2184 862 cum
2214 828 2304 878 ipsis
2333 841 2401 878 ap-

1275 879 1510 931 pellabimus
1545 879 1792 918 Sacramenta
1839 882 1985 932 signa,
2027 877 2240 930 symbola,
2287 889 2402 932 atque

1273 937 1444 985 pignora
1473 935 1609 985 gratiae
1626 963 1636 981 ,
1665 946 1784 985 quam
1814 934 1941 984 positis
1955 932 2095 970 debitis
2121 933 2404 977 conditionibus

1275 988 1317 1025 in
1347 987 1453 1025 nobis
1483 987 1731 1038 producunt.

1328 1040 1421 1091 573.
1451 1039 1524 1078 Sed
1556 1040 1653 1077 illud
1701 1039 1947 1089 addendum,
1991 1039 2116 1078 Patres
2159 1053 2232 1078 non
2261 1054 2400 1079 vocare

1273 1093 1518 1132 Sacramenta
1547 1093 1706 1145 sigilla,
1736 1092 1944 1144 symbola,
1975 1104 2038 1131 aut
2059 1095 2218 1144 pignora
2232 1099 2400 1144 promis-

1274 1150 1459 1195 sionum,
1507 1146 1653 1185 scilicet
1681 1146 1728 1183 ad
1757 1146 1996 1184 excitandam
2028 1146 2146 1184 fidem
2183 1149 2403 1198 promissio-

1274 1213 1369 1238 num
1397 1201 1617 1238 divinarum
1636 1229 1646 1247 ‚
1677 1198 1740 1236 sed
1771 1200 1892 1250 potius
1920 1199 2028 1250 signa
2056 1200 2188 1249 gratiae
2206 1230 2217 1247 ,
2278 1215 2335 1238 uae
2358 1202 2399 1238 in

1274 1254 1323 1291 iis
1350 1254 1569 1292 confertur.
1605 1252 1671 1291 Sic
1708 1252 1822 1290 etiam
1855 1252 2055 1302 Apostolus
2087 1250 2232 1290 Rom.l
2277 1279 2287 1290 .
2316 1255 2402 1291 Cir-

1274 1307 1547 1346 cumcisionem
1576 1306 1726 1346 vocavit
1753 1305 2009 1358 signaculum
2033 1306 2229 1357 justitiae,
2271 1306 2320 1347 <9-
2338 1306 2401 1359 fi-

1275 1358 1368 1405 dei;
1395 1373 1643 1413 quanquam,
1674 1369 1713 1398 ut
1741 1372 1857 1412 supra
1886 1359 2055 1397 vidimus
2084 1372 2123 1397 n.
2142 1358 2206 1411 78.
2235 1373 2315 1411 seq.
2343 1359 2402 1397 la·-

1274 1422 1355 1452 tum
1386 1422 1438 1452 est
1469 1414 1565 1452 inter
1593 1414 1957 1461 Circumcisionem‚
1989 1412 2141 1464 aliaque
2171 1411 2402 1450 Sacramena

1275 1475 1312 1506 ta
1355 1468 1491 1506 veteris
1532 1466 1654 1518 legis,
1697 1465 1731 1502 ἃ
1759 1466 2008 1505 Sacramenta
2043 1466 2130 1504 Jesn
2160 1466 2299 1504 Christi
2340 1466 2400 1504 di-

1275 1522 1440 1559 scrimen
1464 1547 1475 1559 .

1329 1574 1422 1622 574.
1453 1574 1580 1612 Multo
1609 1573 1738 1610 minus
1766 1573 1812 1610 ad
1842 1585 1921 1609 rem
1952 1580 2118 1610 nostram
2149 1573 2340 1623 pertinent
2360 1587 2402 1611 a·

1273 1625 1325 1664 lia
1355 1629 1488 1678 signa,
1532 1625 1674 1678 quibus
1701 1625 1885 1663 Calvinus
1927 1625 2161 1676 ineptissime
2203 1636 2404 1679 comparat

1272 1688 1398 1716 nostra
1426 1679 1697 1724 Sacramenta5
1736 1687 1775 1716 ut
1803 1691 1914 1716 arcus
1943 1678 2109 1716 coelestis
2136 1680 2287 1730 signnm
2319 1688 2401 1718 erat

1273 1733 1538 1784 promissionis
1564 1733 1610 1769 de
1640 1744 1715 1768 non
1742 1731 1981 1769 immittendo
2009 1731 2228 1770 diluvium:
2258 1747 2397 1771 manna

1273 1795 1351 1822 erat
1395 1788 1547 1837 signum
1579 1783 1859 1823 Eucharistiae:
1908 1798 2063 1836 serpens
2107 1799 2234 1823 aeueus
2273 1785 2399 1838 figura

1270 1840 1394 1876 crucis
1423 1838 1595 1876 Christi:
1626 1838 1804 1875 transitus
1834 1838 1950 1876 maris
1981 1837 2088 1875 rnrbi
2121 1837 2395 1888 praefigurabat

1269 1891 1507 1942 Baptismum
1539 1892 1609 1929 ἃς.
1642 1890 1737 1927 Haec
1767 1892 1873 1928 enim
1901 1892 2033 1928 omnia
2061 1903 2136 1928 non
2166 1901 2297 1939 erant,
2328 1906 2400 1930 nec

1268 1945 1344 1982 dici
1377 1955 1548 1996 poterant
1569 1945 1812 1984 Sacramenta
1832 1975 1842 1992 ,
1873 1946 1945 1982 nisi
1979 1943 2161 1982 latissimo
2189 1958 2328 1993 sensu,
2360 1955 2399 1983 ut

1271 1999 1347 2036 sint
1377 2013 1398 2035 a
1428 2001 1560 2037 nostris
1589 2000 1774 2036 immenso
1802 1997 2005 2036 intervallo
2032 1998 2209 2036 distantia
2233 2025 2243 2036 .
2275 1999 2398 2036 Immo

1272 2053 1387 2090 etiam
1419 2053 1457 2090 in
1485 2065 1583 2091 novo
1611 2051 1758 2089 foedere
1788 2051 1900 2089 multi
1931 2051 2029 2090 sacri
2059 2052 2179 2098 ritus,
2228 2061 2267 2088 nt
2297 2067 2399 2104 aqna

1269 2103 1491 2155 benedicta,
1537 2107 1688 2158 siguum
1719 2106 1845 2143 crucis
1866 2135 1876 2154 ,
1920 2104 2074 2157 aliaque
2118 2104 2215 2143 bene
2246 2106 2362 2144 multa
2385 2136 2398 2153 ,

1269 2172 1357 2212 quae
1386 2160 1434 2198 ad
1464 2159 1703 2198 excitandam
1747 2159 1988 2197 devotionem
2030 2160 2115 2211 pie,
2158 2159 2191 2194 ἀ
2222 2158 2397 2210 religiose

1269 2221 1356 2251 sunt
1385 2214 1578 2262 instituta,
1607 2227 1696 2266 quae
1725 2221 1851 2250 tamen
1878 2214 2040 2264 gratiam
2071 2224 2144 2250 non
2173 2212 2393 2260 continent,

1267 2280 1340 2305 nec
1369 2265 1478 2305 illam
1509 2269 1647 2306 virtute
1675 2280 1743 2306 sua
1764 2266 2003 2315 infundunt,
2031 2265 2276 2303 Sacramenta
2306 2278 2394 2316 pro-

1269 2321 1355 2372 prie
1384 2334 1457 2358 non
1485 2331 1601 2359 sunt.

1320 2374 1411 2426 575.
1441 2374 1516 2412 Ob.
1546 2378 1688 2412 tertio,
1718 2374 1953 2411 Postremum
1983 2380 2154 2410 nostrum
2185 2385 2388 2422 argumen-

1264 2435 1344 2465 tum
1376 2436 1504 2465 contra
1533 2427 1718 2464 Sectarios
1747 2427 1957 2464 desumitur
2002 2438 2046 2462 ex
2077 2425 2271 2476 Baptismo
2303 2439 2390 2476 par-

1265 2480 1444 2518 vulorum
1462 2510 1472 2527 ‚
1518 2481 1556 2518 in
1584 2480 1726 2532 quibus
1758 2479 1872 2517 verba
1902 2479 2181 2517 concionatoria
2209 2479 2258 2516 ad
2287 2480 2391 2517 exci-

1262 2535 1412 2573 tandam
1444 2534 1558 2571 sidem
1591 2534 1741 2570 inutilia
1770 2542 1918 2570 essent.
1968 2531 2016 2569 At
2046 2544 2136 2568 vero
2174 2531 2244 2569 lioc
2273 2546 2389 2583 argu-

1262 2599 1431 2626 mentum
1464 2603 1486 2626 a
1506 2588 1547 2625 S.
1567 2588 1777 2639 Augustino
1805 2587 1958 2638 penitus
1985 2584 2166 2631 eliditur,
2196 2586 2261 2636 qui
2285 2585 2391 2623 haud

1259 2641 1374 2680 semel
1406 2642 1513 2679 docet
1531 2671 1541 2688 ‚
1580 2642 1693 2678 etiam
1726 2640 1818 2691 ipsis
1847 2653 1924 2676 esse
1954 2638 2207 2676 necessariam
2237 2637 2352 2675 fidem
2371 2668 2384 2685 ,

1260 2697 1317 2732 sin
1347 2697 1471 2733 minus
1501 2695 1719 2746 propriam,
1764 2693 1898 2731 saltem
1929 2691 2116 2730 Ecclesiae
2135 2717 2147 2728 .
2187 2690 2284 2745 Lib.
2315 2691 2385 2729 Vi.

1259 2757 1389 2786 contra
1417 2748 1618 2786 ,lulianum
1648 2762 1733 2798 cap.
1762 2761 1821 2784 io.
1851 2760 1959 2784 num.
1985 2759 2050 2798 29.
2099 2744 2295 2792 Pertinet,
2327 2746 2388 2782 in·

1259 2803 1370 2853 quit,
1401 2801 1456 2839 ad
1482 2802 1688 2853 parvulum
1706 2830 1716 2848 ,
1747 2805 1872 2838 etiam
1902 2798 2003 2849 quod
2021 2811 2091 2849 per
2107 2798 2281 2836 alterum
2299 2811 2390 2850 ges-

1259 2859 1333 2903 sit,
1382 2855 1480 2893 illest
1511 2854 1676 2893 credidit
1699 2879 1740 2891 ...
1783 2854 1960 2890 alienum
1992 2856 2132 2901 quippe
2175 2864 2270 2899 opus
2300 2861 2388 2899 est,

1259 2922 1349 2946 cum
1380 2909 1501 2947 credit
1532 2921 1600 2957 per
1629 2909 1830 2946 alterum.
1863 2911 1958 2943 sicut
1977 2906 2154 2943 alienum
2170 2918 2265 2953 opus
2283 2904 2385 2956 fnit,

1258 2960 1350 3001 cuni
1379 2966 1554 3013 peccarit
1584 2966 1624 2998 in
1655 2962 1808 2999 altero.
1840 2959 1887 2998 Et
1917 2960 2006 2998 Lib.
2030 2960 2097 2996 111.
2141 2958 2202 2995 De
2231 2967 2387 3008 peccat.

1259 3020 1390 3055 merit.
1419 3018 1469 3058 (¹)-
1499 3020 1635 3053 remis.
1667 3030 1753 3067 cap.
1776 3028 1813 3052 ¹2.
1844 3015 1977 3062 docet,
2008 3012 2186 3065 parvulos
2216 3012 2387 3064 baptiza·

1259 3080 1311 3108 tos
1341 3085 1418 3108 essa
1450 3072 1486 3107 in
1516 3070 1755 3106 medentium
1799 3080 1960 3105 numero
1988 3066 2250 3118 deputandos,
2293 3067 2386 3116 quia.

1259 3137 1423 3172 eorum,
1468 3136 1536 3174 per
1565 3136 1660 3173 qnos
1692 3130 1986 3169 renascuntur,
2032 3122 2194 3163 justitiae
2231 3122 2386 3167 spiritus

1258 3182 1512 3228 responsione
1542 3190 1616 3214 sua
1645 3177 1796 3227 trajicit
1828 3180 1866 3212 in.
1897 3188 1962 3212 eos
1979 3172 2137 3226 ficiem,
2167 3185 2289 3215 qnam
2319 3183 2379 3207 co-

1260 3232 1413 3269 lunnae
1442 3234 1601 3280 propria
1633 3229 1809 3266 nondum
1842 3227 1983 3264 'tabere
2013 3234 2246 3277 potuerunt.

1315 3285 1406 3336 576.
1440 3285 1580 3336 Ἡρη»,
1629 3294 1742 3321 totam
1776 3283 1807 3318 Ιι,
1828 3295 1870 3318 τις
1900 3283 2111 3318 doctrinam
2141 3279 2376 3314 verissimam

1259 3351 1366 3386 esse3
1394 3352 1440 3378 ex
1469 3353 1513 3380 ea
1541 3347 1668 3378 autem
1697 3336 1860 3377 minime
1885 3335 2092 3386 consequi,
2122 3330 2238 3372 verba
2252 3325 2382 3415 fflti-
