2605 3624
813 116 893 161 DE
927 115 1378 162 IMPEDIMENTIS
1414 115 1792 160 MATtuMoNlt
1812 146 1821 156 .
2317 115 2401 166 245

159 206 322 239 verunt.
350 197 538 238 Praeterea
552 195 644 236 dici
673 195 812 246 debet,
842 196 938 234 nihil
969 196 1074 235 aliud
1107 197 1219 235 fuisse
1240 198 1278 234 in

162 251 222 292 liis
239 253 425 291 Conciliis
453 253 647 290 decretum
669 280 679 298 ,
709 265 825 302 quam
856 251 956 303 quod
987 263 1031 289 ex
1062 249 1279 303 Apostolica

157 306 359 345 traditione
390 305 533 356 ubique
562 303 641 355 jam
670 304 945 342 observabatur
974 304 1062 355 (a).

221 359 310 404 124.
338 357 412 395 Sed
442 365 571 395 contra
601 356 844 408 Launojanos
862 389 871 405 ,
900 358 969 409 qui
999 372 1037 396 se
1065 355 1280 395 (latliolic-os

154 411 384 462 profitentur
399 439 411 458 ,
441 410 615 449 suth'cere
643 411 782 449 dehent
811 421 1056 450 sacrosanctae
1077 410 1188 448 Tuti.
1208 410 1281 463 Sy-

156 464 249 502 nodi
290 463 471 512 decreta,
514 478 680 517 quorum
723 464 974 503 infallibilem
1018 466 1277 503 auctoritatem

153 529 244 555 cum
274 529 347 554 non
368 518 787 557 audeantcontemuere
805 548 816 566 ,
847 531 980 555 verum
1005 518 1137 555 saltem
1154 547 1164 563 ,
1194 531 1278 566 ger-

151 582 391 622 manumque
419 584 572 610 sensum
603 573 711 610 vanis
742 572 1117 622 interpretationibus
1147 571 1276 608 elude-

151 634 194 661 re
222 634 438 663 conantur.
479 624 578 664 Sess.
609 624 758 664 XXtV.
799 638 882 662 can.
915 625 952 663 5.
996 626 1044 662 ita
1076 626 1274 662 statuitur:

152 704 180 724 ,‚
211 675 253 714 Si
282 678 368 730 quis
396 678 536 718 dixerit
565 682 579 730 (
602 688 641 717 ut
661 678 811 716 dicebat
832 677 1022 716 Lutlierns
1043 678 1080 725 )‚
1112 691 1171 715 eos
1192 687 1274 715 tan-

152 758 180 778 „
207 737 289 768 tum
320 733 676 784 consanguinitatis,
707 731 740 768 &
770 730 964 770 affinitatis
1000 732 1164 783 gradus,
1205 731 1274 782 qui

152 811 179 832 „
211 783 250 821 in
278 783 451 823 Levitico
480 787 775 838 exprimuntur,
819 797 926 837 posse
967 784 1154 836 impedire
1193 799 1273 822 nia-

152 865 179 886 „
211 837 436 877 trimonium
463 838 763 878 contrahendum
783 868 794 887 ,
837 837 870 874 8<
913 838 1095 876 dirimere
1123 847 1272 874 contra-

151 918 181 939 „
209 898 342 939 ctum,
384 905 454 930 nec
483 905 592 945 posse
621 892 834 931 Ecclesiam
880 893 918 929 in
960 890 1152 929 nonnullis
1185 889 1272 928 illo-

152 971 179 994 „
209 957 295 982 rum
324 944 564 997 dispensare,
593 955 658 984 aut
685 946 933 993 constituere,
972 954 1011 983 ut
1041 944 1168 997 plures
1199 946 1272 982 im-

152 1024 181 1044 „
212 997 367 1048 pediant
388 1027 399 1046 ,
429 998 462 1033 &
481 999 692 1046 dirimant,
723 997 927 1038 atiatliema
957 999 1001 1035 sit
1019 1024 1028 1035 .
1060 997 1108 1036 Et
1128 1011 1210 1035 can.
1233 997 1272 1043 4.

151 1077 179 1098 ,,
209 1050 252 1088 Si
281 1051 368 1102 quis
396 1051 561 1100 dixerit,
590 1051 804 1090 Ecclesiam
837 1065 908 1089 non
940 1053 1103 1103 potuisse
1133 1053 1272 1089 consti-

149 1130 178 1151 „
207 1111 311 1141 tuere
332 1105 606 1157 impedimenta
626 1107 915 1144 matrimonium
932 1106 1151 1142 dirimentia
1168 1135 1179 1152 ,
1210 1103 1270 1141 vel

150 1184 179 1203 „
208 1157 246 1194 in
268 1157 315 1195 iis
333 1159 602 1197 constituendis
623 1173 781 1206 errasse,
801 1158 1000 1196 anatliema
1021 1160 1068 1196 sit
1083 1162 1108 1179 ‘⁴
1127 1184 1138 1196 .
1167 1158 1273 1206 Quid

150 1208 199 1246 ad
230 1218 309 1248 tam
337 1210 482 1260 claras,
513 1213 547 1248 ἃ
576 1221 724 1265 apertas
753 1210 1019 1250 definitiones?

211 1264 298 1301 125.
326 1263 475 1316 Objicit
503 1269 630 1317 primo
651 1265 873 1317 Launojus,
904 1267 1055 1303 nomine
1084 1263 1270 1302 Ecclesiae

148 1329 173 1353 a
201 1315 376 1356 Patribus
405 1318 582 1358 'Pi-idem.
611 1333 687 1359 11011
721 1321 837 1358 fuisse
873 1319 1131 1368 significatum
1168 1319 1272 1356 ordi-

151 1382 236 1407 nem
269 1369 552 1411 hierarchicum
571 1403 581 1421 ,
610 1375 679 1426 qui
711 1386 755 1412 ex
788 1372 1014 1425 Episcopis,
1044 1385 1272 1424 sunnnoque

147 1421 333 1462 Pontifice
362 1428 626 1475 constituitur,
660 1428 724 1465 sed
753 1436 871 1464 totum
893 1425 1066 1464 fidelium
1097 1437 1240 1464 coetum
1260 1455 1271 1473 ,

146 1476 187 1514 in
207 1490 285 1530 quo
299 1480 468 1517 eminent
484 1479 708 1533 Principes3
728 1481 823 1518 sicut
837 1479 988 1531 quando
1003 1478 1102 1516 Sess.
1118 1479 1270 1517 XXW.

144 1543 233 1581 cap.
270 1544 302 1570 1.
338 1532 387 1570 ‹le
418 1532 586 1585 reform.
628 1535 819 1581 edicitur,
863 1534 1149 1571 matrimonium
1192 1546 1270 1570 esse

142 1583 416 1624 celebrandum
445 1590 487 1624 in
504 1586 624 1639 facie
645 1585 843 1625 Ecclesiae
864 1616 874 1632 ,
905 1588 1061 1625 nomine
1084 1586 1267 1624 Ecclesiae

143 1649 220 1675 non
250 1638 502 1690 intelligitur,
531 1642 606 1678 nisi
637 1649 759 1678 coetus
787 1640 963 1678 fidelium
981 1665 992 1678 .
1035 1639 1136 1678 Sane
1167 1639 1270 1691 (ad-

143 1690 199 1728 dit
218 1690 451 1742 Launojus)
495 1707 584 1731 cum
614 1693 758 1745 Synodi
787 1706 923 1744 scopus
956 1707 1029 1731 non
1059 1694 1156 1731 alius
1185 1694 1268 1731 fue—

143 1744 220 1790 rit,
264 1758 381 1796 quam
411 1746 664 1784 condemnare
707 1759 873 1784 errorem
904 1745 1060 1784 Lutlteri
1100 1747 1234 1795 aientis
1255 1777 1267 1796 ,

142 1795 293 1835 nullam
325 1812 402 1836 esse
432 1801 470 1838 in
500 1800 674 1838 Ecclesia
713 1809 929 1853 potestatem
964 1802 1150 1839 statuendi
1186 1815 1266 1839 ma-

139 1851 314 1889 trimonii
346 1853 649 1905 impedimenta,
683 1868 799 1906 quam
831 1868 920 1905 quse
950 1868 970 1892 a
1003 1854 1083 1892 Deo
1113 1855 1193 1906 ipso
1222 1856 1262 1893 in

139 1902 315 1942 Levitico
342 1909 539 1946 constituta
569 1908 676 1946 suere
695 1937 705 1956 ,
740 1907 915 1946 Patribus
944 1908 1032 1946 satis
1060 1917 1139 1946 erat
1167 1907 1262 1946 defi-

139 1957 248 2005 nire,
291 1973 342 1996 aii
387 1959 472 2000 haec
515 1970 675 2013 potestas
704 1970 850 1999 tantum
885 1961 932 1998 ad
961 1961 1145 1999 Ordinem
1180 1960 1262 2000 hie-

141 2009 361 2049 rarchicum
393 2015 624 2065 pertineret,
666 2029 715 2052 an
746 2028 837 2053 vero
865 2014 911 2053 ad
945 2013 1102 2053 civilem
1133 2015 1262 2067 Magi·

139 2072 323 2114 stratum,
352 2066 399 2104 de
427 2081 505 2120 quo
533 2068 639 2106 nulla
668 2077 746 2106 erat
775 2082 864 2106 cum
894 2066 1084 2107 liaereticis
1112 2076 1262 2106 contro-

137 2118 286 2156 versia:
331 2127 369 2176 tit
399 2121 557 2172 proinde
585 2120 682 2159 nihil
713 2134 758 2160 ex
789 2120 1024 2160 Tridentinis
1052 2122 1262 2160 canonibus

136 2169 178 2208 in
208 2183 289 2208 rein
319 2182 485 2212 nostram
514 2175 682 2212 derivari
712 2175 854 2225 possit.
901 2175 944 2212 Id
973 2187 1019 2211 ex
1047 2174 1261 2226 Spalatensi

136 2223 317 2274 Apostata
346 2224 542 2277 Lauuojus
571 2229 766 2265 mutuatus
795 2235 875 2274 est,
913 2239 958 2264 ex
990 2225 1164 2277 Latmojo
1191 2241 1260 2264 au-

136 2283 213 2313 tem
251 2279 530 2331 exscripserunt
565 2280 656 2321 novi
684 2279 719 2318 T
724 2278 872 2331 lieologi
918 2280 1033 2331 regiae
1072 2281 1263 2332 potestatis

133 2338 379 2370 assentatores
395 2359 407 2370 .

196 2383 284 2422 126.
315 2383 456 2438 Resp.,
496 2387 674 2440 quamvis
705 2385 881 2425 Trident.
912 2386 1041 2425 Patres
1072 2399 1259 2436 expresse

135 2449 208 2476 non
238 2437 430 2488 dixerint,
473 2441 629 2479 nomine
657 2440 843 2479 Ecclesiae
874 2454 911 2478 se
941 2453 1015 2478 non
1046 2440 1261 2492 intelligere

135 2499 279 2530 coettnn
311 2493 576 2533 universorum
596 2493 796 2543 fidelium,
827 2494 888 2533 sed
917 2495 1092 2532 ordinem
1123 2494 1260 2532 dunta-

134 2554 198 2584 xat
227 2543 515 2585 hierarchicum
535 2577 547 2597 ,
576 2549 670 2600 quia
698 2549 839 2586 nedum
871 2549 1006 2586 exortis
1026 2547 1262 2599 Launojanis

133 2598 511 2649 interpretationibus
528 2629 540 2648 ,
568 2601 608 2638 id
627 2601 756 2639 dicere
775 2602 1032 2640 necessarium
1055 2613 1128 2639 non
1152 2611 1230 2639 erat
1246 2631 1257 2650 ,

134 2651 268 2690 multis
298 2659 427 2690 tamen
456 2654 688 2704 argumentis
708 2668 893 2707 apparere
910 2685 921 2702 ,
953 2655 1100 2693 nonnisi
1123 2655 1170 2693 de
1191 2654 1260 2693 Pa-

129 2705 294 2744 stoi-ibus
323 2706 441 2743 sacris
469 2718 606 2745 nomen
623 2706 821 2746 Ecclesiae
850 2708 908 2746 ibi
939 2722 1014 2746 esse
1044 2708 1260 2760 intelligen-

132 2759 227 2797 dum
246 2784 256 2796 .
304 2757 445 2796 Primo
474 2761 575 2798 euim
605 2763 922 2814 quotiescumque
966 2774 1090 2799 sermo
1131 2771 1183 2800 est
1213 2763 1261 2800 de

134 2810 312 2850 Ecclesia
342 2810 536 2861 docente,
563 2818 848 2866 praecipiente,
883 2813 1131 2863 prohibente,
1161 2829 1260 2853 sem-

132 2877 203 2916 per
231 2863 457 2919 intelligitur
491 2864 562 2905 hoc
596 2880 739 2907 nomen
781 2869 828 2906 de
857 2868 1136 2920 Episcoporum
1179 2883 1257 2906 coe-

131 2926 196 2966 tn,
228 2931 273 2956 ac
303 2921 544 2969 potissimum
573 2920 619 2959 de
649 2920 822 2960 Romano
851 2921 1060 2968 Pontifice,
1090 2935 1259 2972 quorum

132 2969 220 3011 haec
252 2973 386 3010 munia
415 2981 499 3010 sunt
517 3002 528 3021 ,
559 2987 635 3013 non
663 2975 711 3012 de
740 2974 919 3014 fidelium
940 2977 1258 3027 congregatione,

130 3025 180 3066 ad
214 3039 334 3079 quam
363 3035 506 3078 spectat
526 3025 726 3068 Pastorum
753 3041 887 3070 vocem
915 3028 1075 3077 audire,
1105 3041 1258 3068 eorum-

176 3188 226 3224 (a)
250 3184 288 3220 ld
314 3186 407 3220 clare
435 3187 551 3222 innuit
579 3189 614 3222 S.
641 3189 850 3223 Ambrosius
877 3189 911 3222 in
939 3189 1040 3234 epist.
1068 3190 1145 3223 Lx.
1181 3203 1253 3236 (fua

127 3229 297 3283 Paterno,
324 3235 384 3278 qui
408 3246 488 3268 eum
507 3236 729 3269 consuluerat
748 3247 853 3281 super
867 3236 1131 3269 matrimonium
1145 3258 1156 3277 ‚
1181 3249 1251 3281 quo

131 3276 244 3313 filium
269 3290 372 3314 suum
399 3293 478 3314 cum
502 3281 573 3315 filia
599 3294 669 3315 suae
696 3283 774 3315 filiae
802 3281 1014 3327 conjungere
1033 3281 1250 3325 intendebat,

129 3322 310 3376 respondit
337 3325 373 3358 id
398 3328 470 3361 fieri
498 3329 641 3362 omnino
668 3340 735 3362 non
754 3340 874 3374 posse,
899 3330 980 3373 quia
1007 3341 1087 3362 cum
1115 3329 1167 3362 lex
1195 3328 1250 3362 ‹li-

129 3380 211 3406 vma
234 3369 419 3419 prohibeat
445 3375 672 3411 matrimonia
695 3376 788 3410 inter
807 3375 1060 3417 consobrinos,
1082 3388 1101 3410 a
1127 3376 1250 3412 tortio-

1349 210 1424 248 que
1454 197 1637 235 mandatis
1666 196 1954 247 obtemperare.
1984 191 2166 232 Secundo
2185 192 2466 232 observandum

1350 259 1425 297 est,
1456 264 1531 288 non
1561 251 1636 288 dici
1657 280 1666 298 ,
1697 264 1773 286 esse
1805 250 1842 286 in
1875 247 2048 286 Ecclesia
2078 257 2319 298 potestatem,
2355 247 2465 336 lquorl

1350 304 1504 340 sortasse
1534 304 1778 354 aequivocum
1810 316 1887 339 esse
1918 310 2063 353 posset,
2093 313 2181 338 cum
2212 303 2325 339 etiam
2386 303 2466 338 rin·

1349 356 1453 406 cipes
1481 357 1554 394 sint
1585 359 1622 392 iu
1657 355 1852 400 Ecclesia3
1882 356 1944 393 sed
1980 353 2203 392 Ecclesztmz
2234 366 2370 402 posse,
2400 366 2466 402 po-

1352 413 1495 457 tuisse,
1525 422 1606 446 non
1635 421 1772 445 errare
1793 408 1911 452 (Era,-
1941 409 2082 459 quibus
2109 408 2300 460 designari
2332 406 2467 445 Eccle-

1351 464 1446 501 siam
1476 462 1683 501 ‹locentem
1702 491 1711 500 .
1741 465 2058 510 praecipientem,
2097 476 2141 500 ac
2170 460 2436 512 11⁷·o³.z''›enrem
2455 490 2467 508 ,

1348 527 1477 554 coecus
1507 525 1585 558 est,
1615 516 1681 566 qui
1714 529 1786 551 nou
1817 514 1968 551 videat.
2016 514 2079 552 Sic
2109 515 2262 566 quaudo
2290 515 2463 552 Christus

1348 568 1488 608 Mattli.
1519 569 1664 608 Xvnt.
1696 569 1847 620 inquit:
1880 565 1956 604 Da:
1988 565 2213 612 Ecclesiam
2242 568 2290 608 ’ἐκ
2319 573 2352 606 si
2382 567 2464 605 Ec-

1346 623 1514 661 clesiam
1545 636 1624 661 non
1654 621 1822 660 audierit
1844 650 1855 669 ,
1886 624 1934 658 sit
1963 619 2027 657 tic'n
2048 628 2134 660 Orc.
2153 651 2162 665 ,
2192 633 2321 660 omnes
2352 621 2460 659 intel-

1346 675 1471 727 ligunt
1503 676 1697 715 ls'ccletezae
1729 674 1954 719 I’raelntos,
1997 683 2036 711 ut
2079 673 2263 712 intellexit
2295 674 2462 726 Chryso-

1344 738 1484 768 stomus
1514 733 1551 769 in
1581 730 1680 767 huuc
1703 728 1829 767 locum
1847 755 1857 766 .
1893 727 2022 765 'lertio
2042 725 2186 779 Scopus
2207 726 2360 764 l'atruni
2382 741 2463 765 cer-

1343 791 1377 819 te
1406 793 1484 822 erat
1515 784 1690 822 infandas
1721 781 1878 820 Lutlieri
1910 783 2089 819 novitates
2118 781 2393 819 condemnare:
2424 789 2464 819 at.

1343 850 1432 875 vero
1462 837 1649 875 Lutlierus
1673 836 1828 876 Roman.
1851 834 2078 873 Ponitfiwn
2108 833 2168 884 jus
2198 833 2359 886 ponendi
2390 835 2465 872 im-

1342 891 1560 942 pedimenta
1581 891 1798 928 dirimentia
1816 919 1826 937 ,
1857 898 1970 940 atque
1992 890 2030 927 in
2053 889 2097 926 iis
2113 887 2356 939 dispensandi
2375 901 2464 939 pro-

1342 952 1446 981 terve
1477 944 1752 997 impugnabat,
1782 952 1819 981 ut
1841 943 2006 980 vidimus
2028 942 2072 979 ad
2094 956 2131 979 n.
2159 943 2246 979 115.
2262 971 2273 990 ,
2304 954 2376 979 non
2399 954 2464 979 ve-

1342 1011 1384 1034 ro
1411 998 1456 1035 de
1474 997 1696 1049 Principum
1728 1005 1903 1049 potestate
1932 994 2176 1047 disputabat,
2206 1008 2370 1047 quorum
2392 1008 2463 1033 au-

1340 1052 1551 1089 ctoritatem
1583 1052 1706 1103 potius
1735 1063 1900 1101 augere,
1943 1062 2062 1100 quam
2105 1048 2304 1086 decurtare
2345 1046 2462 1086 homo

1340 1105 1571 1143 vaterrimus
1610 1104 1817 1142 studebat.
1866 1100 2036 1140 Ulterius
2079 1115 2197 1153 quam
2240 1110 2461 1154 potestatem

1339 1168 1492 1209 negaret
1520 1156 1711 1196 Lutherus
1729 1187 1739 1205 ,
1768 1158 1853 1195 satis
1884 1163 2012 1207 aperte
2041 1153 2238 1203 declarat,
2277 1169 2366 1194 cum
2397 1169 2463 1194 no-

1341 1213 1462 1249 minat
1484 1210 1740 1263 Pontificias,
1769 1210 1818 1250 Φ
1839 1208 2150 1247 Ecclesiastims
2171 1210 2276 1260 leges
2298 1238 2308 1257 ,
2338 1218 2464 1246 teme-

1340 1268 1503 1303 ritatem
1536 1263 1855 1302 Romanensiwn
1884 1272 2152 1315 tyrannorum
2173 1263 2291 1306 Θεη-
2319 1263 2365 1299 de
2396 1276 2462 1314 po-

1341 1327 1470 1356 testate
1501 1317 1724 1368 Principum
1754 1315 1853 1355 nihil
1876 1315 2017 1354 babet.
2046 1315 2226 1353 Demum
2243 1345 2257 1364 ,
2283 1316 2461 1354 311101111-

1341 1385 1386 1410 ne
1417 1371 1600 1411 Ecclesiae
1632 1370 1695 1409 hic
1727 1371 1871 1409 veniret
1900 1370 2074 1407 omnium
2105 1368 2281 1408 fidelium
2311 1379 2461 1419 coetus,

1342 1438 1414 1463 non
1445 1426 1582 1474 video,
1626 1425 1817 1477 quomodo
1845 1422 1906 1475 jus
1936 1422 2094 1475 ponendi
2113 1451 2123 1470 ‚
2170 1422 2229 1461 vel
2261 1421 2462 1462 relaxandi

1340 1479 1617 1531 impedimenta
1648 1479 1883 1516 matrimonii
1915 1486 2035 1528 posset
2063 1476 2107 1514 ad
2139 1476 2235 1514 solos
2265 1475 2462 1528 Principes

1340 1534 1542 1584 restringi,
1572 1533 1639 1584 qui
1671 1542 1756 1570 sunt
1784 1532 1941 1583 quidem
1972 1532 2012 1568 in
2042 1539 2144 1568 coetu
2160 1529 2336 1569 fidelium
2355 1560 2365 1577 ,
2395 1529 2461 1568 sed

1339 1586 1517 1625 fidelium
1547 1595 1691 1625 coetum
1736 1599 1803 1624 nec
1841 1584 2096 1633 constituunt,
2139 1598 2209 1622 nec
2247 1597 2462 1637 repraesen-

1339 1648 1444 1679 tant.
1932 1655 1935 1658 ’

1397 1707 1486 1746 127.
1515 1694 1602 1733 Inst.
1622 1697 1750 1744 primo
1767 1720 1777 1732 .
1805 1692 1979 1732 canones
2009 1691 2070 1730 illi
2091 1704 2162 1730 non
2184 1701 2270 1730 sunt
2291 1690 2462 1743 <logma-

1336 1751 1403 1786 rici
1420 1778 1431 1796 ,
1463 1756 1501 1785 ut
1531 1748 1687 1799 proinde
1718 1750 1762 1786 iis
1793 1748 1980 1799 refragari
2001 1747 2081 1784 sine
2103 1744 2258 1784 liaeresis
2279 1754 2362 1783 nota
2383 1758 2460 1784 uon

1336 1801 1474 1848 liceat3
1517 1802 1582 1840 sed
1611 1811 1694 1840 sunt
1723 1802 1906 1840 duntaxat
1936 1799 2213 1851 discip-'Anares
2231 1829 2242 1847 ,
2271 1801 2364 1851 quia
2393 1811 2459 1836 eo·

1333 1855 1510 1893 rumdem
1532 1857 1692 1894 materia
1713 1868 1788 1892 non
1807 1855 1854 1892 ad
1877 1854 1992 1892 fidem
2009 1884 2020 1901 ,
2049 1867 2137 1905 quae
2160 1853 2348 1891 credenda
2370 1864 2459 1904 pro·

1330 1910 1465 1961 ponit,
1508 1908 1571 1947 sed
1601 1909 1648 1946 ad
1677 1908 1924 1960 disciplinam
1954 1915 2127 1959 spectat,
2168 1921 2257 1959 queo
2287 1907 2456 1944 actiones

1331 1963 1536 2013 praecipit,
1579 1961 1638 2001 vel
1669 1961 1844 2014 prohibet
1863 1988 1873 1999 .
1916 1961 2052 2011 Neque
2080 1960 2204 2007 {refert
2233 1958 2461 1996 ‹inathema-

1330 2017 1371 2053 in
1404 2016 1537 2054 iisdem
1567 2015 1780 2053 canonibus
1809 2015 2114 2060 comminatum3
2143 2026 2232 2051 cum
2263 2013 2385 2051 desint
2414 2026 2456 2048 e-

1330 2067 1486 2122 xempla
1515 2068 1706 2107 similium
1735 2067 2052 2115 anathematum,
2095 2080 2184 2119 quae
2230 2068 2268 2104 in
2309 2079 2370 2104 eos
2400 2067 2458 2104 vi·

1331 2121 1494 2161 brantur
1509 2151 1520 2170 ,
1550 2123 1618 2173 qui
1638 2121 1797 2173 aliquod
1817 2119 2034 2171 disciplinae
2056 2129 2170 2172 caput
2191 2119 2334 2157 violare
2357 2133 2458 2170 prae-

1330 2175 1591 2227 sumpserint.
1621 2174 1722 2213 Addi
1752 2175 1866 2211 etiam
1896 2181 2044 2225 potest,
2074 2173 2113 2210 in
2141 2171 2360 2223 hujusmodi
2382 2174 2458 2210 im-

1330 2228 1560 2279 pedimentis
1587 2241 1690 2278 saepe
1709 2227 1948 2278 dispensari;
1979 2225 2299 2277 dispensationem
2328 2235 2458 2264 autem

1330 2282 1478 2319 nonnisi
1510 2282 1552 2319 in
1580 2280 1694 2319 rebus
1723 2279 2038 2332 disciplinaribus
2068 2278 2209 2318 habere
2238 2278 2366 2316 locum
2388 2306 2399 2317 .

1390 2334 1479 2373 128.
1513 2333 1656 2387 Resp.,
1693 2334 1940 2373 Adversarios
1969 2331 2032 2370 hic
2063 2332 2306 2371 vehementer
2335 2332 2420 2370 falli
2438 2363 2452 2381 ,

1329 2386 1364 2424 8<
1394 2387 1550 2436 fallere,
1581 2389 1673 2439 quia
1704 2400 1775 2425 non
1805 2387 2035 2439 distinguunt
2065 2387 2200 2437 dogma
2229 2402 2250 2424 a
2279 2386 2455 2439 discipli·

1329 2454 1406 2480 na.
1449 2442 1562 2489 Quod
1592 2441 1767 2480 Ecclesia
1807 2439 1945 2479 habeat
1987 2454 2009 2477 a
2041 2440 2190 2478 Christo
2231 2449 2454 2491 potestatem

1330 2496 1495 2547 ponendi
1539 2495 1816 2548 impedimenta
1862 2494 2083 2533 dirimentia
2125 2495 2454 2542 matrimonium,

1327 2549 1464 2600 dogma
1494 2548 1584 2586 fidei
1614 2557 1695 2596 est,
1737 2547 1840 2600 quod
1869 2549 1951 2586 sine
1980 2557 2108 2599 aperta
2152 2547 2288 2584 iimresi
2324 2549 2455 2600 negari

1329 2615 1403 2640 non
1434 2610 1580 2655 potest.
1625 2602 1738 2649 Quod
1768 2611 1894 2640 autem
1925 2600 2100 2640 Ecclesia
2142 2600 2212 2639 liae
2251 2614 2318 2638 sua
2347 2612 2454 2653 pote·

1325 2663 1419 2694 state
1451 2665 1602 2702 utatur,
1633 2656 1679 2694 ad
1709 2655 1955 2706 disciplinam
1990 2663 2160 2707 spectat,
2189 2668 2278 2706 quae
2319 2656 2448 2692 varia·

1325 2711 1360 2747 ri
1392 2718 1535 2761 potest.
1587 2708 1725 2761 Reipsa
1754 2709 1913 2747 diversis
1941 2707 2177 2759 temporibus
2219 2716 2330 2746 aucta
2363 2717 2453 2747 sunt

1326 2761 1413 2800 liaec
1443 2763 1744 2814 impedimenta,
1783 2776 1904 2817 usque
1932 2762 1982 2800 ad
2014 2762 2262 2799 novissimum
2291 2774 2452 2813 genera·

1327 2815 1365 2854 le
1393 2816 1631 2864 Concilium,
1661 2817 1699 2854 in
1729 2828 1806 2868 quo
1835 2814 2007 2854 Ecclesia
2035 2829 2104 2854 sua
2133 2823 2239 2852 utens
2269 2823 2450 2866 potestate

1326 2882 1471 2909 novum
1502 2870 1645 2908 addidit
1673 2870 2019 2922 impedimentum,
2058 2867 2206 2908 scilicet
2234 2867 2450 2906 clandesti-

1326 2927 1491 2972 nitatis,
1522 2923 1624 2976 qnod
1653 2932 1765 2961 antea
1794 2936 1868 2961 non
1898 2931 2005 2961 erat.

1386 2991 1473 3030 129.
1502 2976 1675 3015 Ecclesia
1705 2978 1822 3014 etiam
1853 2990 1920 3015 usa
1951 2984 2004 3015 est
2033 2989 2103 3015 sua
2139 2975 2358 3014 auctoritate
2386 2973 2449 3012 di·

1324 3030 1526 3084 spensaudi
1556 3029 1641 3069 haec
1677 3031 1984 3082 impedimenta,
2026 3027 2279 3071 diversimode
2315 3033 2447 3067 tamen

2318 3093 2388 3131 pro

1319 3191 1351 3226 ri
1374 3191 1583 3238 prohibetur
1608 3191 1720 3232 illud,
1744 3190 1838 3238 quod
1864 3192 2032 3226 Paternus
2057 3186 2131 3222 fieri
2158 3186 2321 3231 cupiebat
2347 3186 2443 3220 inter·

1318 3251 1422 3281 ,suttm
1450 3239 1582 3282 filium,
1607 3241 1640 3272 ὃ(
1664 3239 1771 3272 filiam
1798 3251 1868 3273 sure
1896 3239 1996 3271 fitiae.
2023 3233 2102 3267 Non
2127 3241 2227 3265 erant
2254 3233 2371 3276 itaque
2397 3233 2438 3266 il-

1319 3286 1353 3319 la
1378 3286 1619 3320 conciliorum
1644 3284 1784 3319 decreta
1809 3282 1947 3318 aliunde.
1974 3280 2081 3325 petita
2097 3300 2108 3320 ,
2145 3291 2254 3324 quam
2279 3290 2319 3313 ex
2345 3277 2442 3312 divi-

1320 3343 1363 3367 na
1390 3333 1490 3378 lege,
1515 3332 1572 3368 vel
1596 3332 1756 3378 scripta,
1782 3332 1838 3366 vel
1864 3327 2019 3366 tradita.
