2605 3624
946 124 1027 167 DE
1062 124 1511 169 INDULGENTIIS
1531 153 1543 166 .

96 220 172 248 nus
199 208 496 261 sapientissimus
511 203 735 244 Benedictus
752 233 761 251 ,
790 201 891 240 unde
910 212 1036 254 postea
1058 205 1107 241 ita
1127 216 1214 242 cou-

96 292 124 312 „
153 262 290 301 cludit:
312 291 337 310 „
356 261 397 298 Si
427 273 515 310 quae
537 259 749 310 reperiatur
779 255 1012 308 indulgentia
1039 257 1214 308 superius

96 344 125 365 „
153 315 277 353 allatis
306 312 458 359 verbis,
499 325 564 350 seu
594 309 770 348 formulis
799 322 997 360 expressa,
1046 310 1213 361 prudens

93 396 122 417 „
152 368 362 419 Episcopus
403 366 491 403 satis
539 363 678 416 justam
722 363 796 402 sibi
839 376 916 400 esse
958 362 1210 401 arbitrabitur

92 449 118 470 „
146 431 300 458 causam
330 417 495 456 habendi
524 426 736 469 suspectam
767 414 873 454 illius
901 416 1179 454 concessionem
1197 442 1208 454 .

90 501 118 521 „
147 471 190 510 Si
220 484 308 509 vero
327 470 541 509 exhibitum
572 471 821 509 concessionis
852 478 1139 508 monumentum
1170 484 1211 507 a·

88 553 116 572 „
144 525 316 576 gnoverit
343 523 604 564 authenticum
634 538 741 572 esse,
783 524 882 575 quod
914 536 985 561 nou
1018 525 1065 561 ita
1098 522 1211 561 facile

88 606 117 626 ,‚
146 579 369 630 contigerit,
412 579 545 630 poterit
574 576 672 616 illud
700 590 866 629 congrua
904 577 1210 629 interpretatione

88 658 118 679 ,‚
146 631 340 670 declarare
360 631 410 669 '’-

144 683 238 729 455.
268 683 495 723 Secundum
525 683 635 722 solvit
664 683 704 721 S.
735 682 905 721 Thomas
931 681 1039 720 laud.
1068 691 1206 734 quaest.

89 737 155 776 25.
185 747 254 776 art.
287 752 350 785 2.‚
381 739 583 789 inquiens:
616 767 642 785 „
661 738 785 775 Causa
815 737 1047 774 remissionis
1076 750 1205 787 poenae

87 818 116 839 „
147 791 185 828 in
216 791 461 843 indulgentiis
490 804 564 830 non
592 799 644 828 est
673 792 747 828 nisi
790 790 1024 827 abundantia
1054 790 1207 826 merito-

89 872 117 892 „
147 857 233 882 rum
263 844 448 883 Ecclesiae
466 874 476 892 ,
506 858 595 896 quae
624 858 664 882 se
693 843 804 881 habet
833 842 1062 880 sufficienter
1091 843 1136 880 ad
1154 852 1207 880 to-

89 925 118 944 „
148 905 224 935 tam
255 911 408 950 poenam
440 898 694 949 expiandam:
737 910 810 934 non
839 905 967 935 autem
1008 909 1118 933 causa
1150 909 1208 933 re-

87 977 116 998 „
147 951 336 989 missionis
378 951 551 989 effectiva
580 959 632 989 est
662 949 721 988 vel
756 950 932 997 devotio,
976 947 1034 986 vel
1063 947 1175 986 labor
1195 980 1207 999 ,

88 1031 117 1051 „
147 1003 208 1041 vel
237 1005 367 1042 datum
398 1004 617 1055 recipientis
644 1001 942 1054 indulgentiam,
972 1010 1036 1040 aut
1064 1015 1206 1051 causa,

87 1083 116 1105 „
144 1069 213 1108 pro
240 1070 316 1109 qua
345 1057 456 1094 datur
498 1055 734 1107 indulgentia
754 1081 765 1093 .
811 1054 921 1093 Unde
950 1068 1023 1093 non
1063 1064 1208 1106 oportet

88 1136 116 1156 „
147 1109 193 1146 ad
222 1110 370 1162 aliquid
400 1110 536 1147 horum
569 1110 855 1162 proportionare
884 1110 1130 1160 quantitatem
1149 1122 1207 1146 re-

87 1188 115 1210 „
146 1159 360 1211 missionis,
389 1163 452 1201 sed
481 1163 529 1200 ad
559 1164 690 1199 merita
708 1161 892 1199 Ecclesiae
911 1192 922 1209 ,
951 1175 1039 1214 quae
1057 1173 1206 1213 semper

87 1241 116 1262 „
144 1215 456 1268 superabundant
475 1242 486 1254 .
509 1216 531 1232 ”
550 1215 750 1254 Concludit
772 1224 896 1253 autem
914 1246 924 1263 ,
955 1214 1208 1266 indulgentias

86 1275 231 1306 tantum
262 1269 414 1318 valere,
450 1278 636 1322 quantum
668 1269 952 1321 praedicantur,
992 1267 1206 1306 dummodo

86 1333 142 1358 ex
169 1331 285 1372 parte
313 1323 448 1361 dantis
474 1327 524 1361 sit
552 1327 800 1370 auctoritas,
842 1323 891 1362 ζῇ·
919 1334 974 1359 ex
1001 1331 1118 1373 parte
1144 1335 1206 1360 re-

87 1378 268 1424 cipientis
303 1375 507 1423 charitas,
554 1376 606 1416 (J
633 1388 686 1414 ex
713 1384 829 1426 parte
869 1388 1008 1413 causae
1047 1378 1205 1425 pietas,

87 1441 178 1478 quoe
207 1429 501 1481 comprehendit
529 1429 720 1467 honorem
749 1428 854 1477 Dei,
883 1429 934 1468 (90
961 1432 1135 1478 proximi
1163 1443 1205 1466 ιι-

85 1482 270 1520 mitatem
292 1508 305 1521 .
342 1483 456 1521 Addit
484 1483 640 1521 demum
672 1483 710 1520 in
740 1495 840 1533 resp.
870 1482 915 1520 ad
954 1495 1014 1530 1.,
1062 1482 1204 1520 Praela-

84 1543 168 1572 tum
199 1549 356 1586 peccare
383 1540 416 1574 si
446 1535 672 1574 inordinate
691 1539 891 1583 remittat,
920 1539 978 1572 ita
1005 1535 1111 1586 quod
1136 1535 1206 1573 ho-

84 1590 216 1626 mines
242 1593 359 1639 quasi
384 1601 458 1640 pro
475 1589 594 1626 nihilo
609 1588 658 1626 ab
674 1588 849 1639 operibus
878 1592 1120 1638 poenitentioe
1140 1602 1205 1626 re-

83 1651 296 1681 rocentur.
323 1643 450 1682 Estius
480 1651 608 1681 tamen
637 1644 677 1680 in
696 1641 766 1680 1V.
794 1643 905 1680 Sent.
928 1641 1026 1680 Dist.
1048 1641 1142 1680 XX.
1163 1640 1202 1694 §-

92 1706 153 1733 ιο.
183 1695 422 1746 probabilius
450 1710 527 1734 esse
556 1696 679 1744 dicit,
709 1696 756 1732 ad
786 1694 1110 1746 indulgentiarum
1138 1709 1202 1733 va-

83 1744 204 1785 lorem
236 1750 380 1800 requiri
396 1762 551 1787 causam
580 1749 924 1800 proportionatam,
955 1756 1032 1785 tam
1050 1761 1093 1785 ex
1118 1763 1204 1801 par-

83 1809 121 1838 te
149 1801 403 1849 conferentis,
432 1815 550 1854 quain
581 1815 625 1838 ex
657 1810 762 1851 parte
790 1802 1054 1853 suscipientis,
1083 1803 1132 1839 ita
1162 1810 1203 1841 ut

83 1865 181 1905 opus
208 1864 537 1893 commensuretur
566 1854 842 1905 indulgentiae3
872 1869 915 1892 ac
938 1868 1006 1905 pro
1035 1854 1106 1893 liae
1120 1867 1202 1894 sen-

83 1909 200 1945 tentia
232 1908 396 1955 multos,
437 1914 648 1960 gravesque
683 1909 773 1946 citat
814 1918 1012 1946 auctores.
1057 1907 1202 1946 Verum

82 1958 155 1997 hoe
185 1960 464 2012 Tlieologorum
494 1962 694 1999 dissidium
736 1961 835 1998 nihil
872 1961 976 1999 obest
1004 1961 1204 1999 Catholico

79 2014 246 2065 dogmati
278 2014 375 2061 δια,
404 2015 504 2066 quod
534 2014 656 2052 solum
687 2015 867 2052 tuendum
898 2015 1164 2065 suscepimus.

137 2066 230 2112 454.
263 2068 319 2104 Ad
348 2071 507 2104 tertium
528 2067 724 2118 respondet
754 2077 871 2105 noster
890 2067 1116 2105 Dominicus
1134 2067 1204 2104 So·

81 2127 119 2158 to
148 2121 186 2158 iu
206 2119 276 2159 lV.
304 2120 403 2159 Dist.
424 2120 535 2159 XXI.
564 2129 701 2173 quaest.
724 2134 759 2158 2.
781 2129 852 2158 art.
877 2133 912 2158 ι.
927 2150 938 2168 ‚
960 2150 988 2168 ,‚
1007 2121 1109 2172 quod
1127 2120 1199 2158 hu-

81 2201 110 2221 „
140 2171 305 2224 jus-modi
337 2182 505 2225 portenta
546 2187 744 2226 nunquam
777 2173 878 2226 Papa
908 2174 1113 2212 concedere
1142 2187 1204 2212 co-

81 2255 110 2274 „
139 2228 254 2277 gitat,
281 2228 344 2264 sed
373 2229 465 2278 quia
494 2228 622 2265 forsan
651 2229 830 2264 concessit
859 2227 1100 2264 visitantibus
1130 2227 1205 2265 tale

81 2307 111 2327 „
143 2279 328 2330 hospitale
355 2279 486 2317 decem
516 2292 656 2327 annos,
686 2278 720 2313 δε
741 2279 981 2317 visitantibus
1003 2279 1117 2317 talem
1134 2280 1204 2318 ba-

81 2361 110 2379 „
139 2331 287 2370 silicam
317 2333 470 2369 totidem
489 2361 499 2379 ‚
528 2332 562 2368 8<
591 2334 645 2371 sic
677 2331 818 2384 pluries
836 2362 846 2379 ,
877 2332 912 2368 &
940 2333 1089 2370 tandem
1120 2346 1201 2370 cer-

85 2414 112 2433 „
142 2394 218 2422 tam
248 2386 480 2423 conferentes
509 2384 789 2438 eleemosynam
812 2385 901 2422 facit
934 2386 1201 2436 participesil·

83 2467 110 2486 „
141 2438 264 2476 larum
294 2440 534 2490 gratiarum,
576 2438 643 2476 illa
675 2441 818 2476 ratione
847 2437 1103 2475 conficiuntur
1132 2438 1202 2477 illa.

80 2521 109 2540 ,‚
140 2490 349 2529 milliaria.
373 2492 394 2508 ''
428 2494 546 2530 Antea
574 2501 700 2529 tamen
733 2493 831 2530 idem
863 2492 1200 2542 praestantissimus

82 2545 278 2596 Hispanus
294 2544 507 2598 Theologus
521 2547 707 2598 sapienter
723 2553 938 2592 notaverat,
960 2545 1057 2596 quod
1076 2575 1101 2593 ,‚
1120 2559 1204 2596 pos-

81 2626 109 2645 „
128 2602 190 2634 ‘set
220 2597 332 2636 liomo
360 2600 590 2636 commisisse
633 2609 785 2637 centum
803 2629 814 2646 ,
863 2599 982 2636 immo
1025 2597 1085 2635 bis
1112 2613 1200 2636 ceu·

87 2679 115 2699 „
145 2660 224 2686 tum
257 2660 408 2700 peccata
438 2652 634 2699 mortalia,
667 2666 734 2701 pro
754 2652 896 2704 quibus
927 2665 1011 2688 reus
1041 2661 1131 2688 esset
1153 2661 1202 2689 tot

85 2731 115 2752 ,2
141 2715 329 2740 annorum
363 2705 621 2754 poenitentiae.
652 2705 698 2742 Et
715 2707 895 2757 quamvis
923 2704 1037 2742 liomo
1056 2715 1200 2742 tantum

86 2785 114 2805 „
145 2757 276 2792 vivere
305 2765 489 2807 nequeat,
518 2771 588 2794 nec
604 2758 792 2795 decimam
822 2768 967 2809 partem
1001 2756 1104 2794 illius
1121 2773 1203 2809 poe-

85 2835 115 2857 ,‚
142 2809 313 2847 nitentiae
342 2811 469 2847 iacere
495 2810 534 2847 iu
570 2809 641 2849 hoc
670 2810 840 2858 saeculo,
882 2810 1136 2849 nihilominus
1163 2813 1202 2849 iu

136 2986 185 3022 (a)
210 2981 376 3014 Summus
399 2981 556 3016 Pontifex
577 2981 782 3016 Benedictus
802 2982 902 3016 Xtv.
923 2983 998 3016 Lib.
1021 2983 1117 3017 Xlll.
1147 2983 1205 3016 De

86 3028 183 3073 §frn-
214 3027 324 3060 Dioec.
352 3039 427 3072 cap.
452 3029 503 3061 18.
532 3041 563 3060 n.
585 3039 616 3061 2.
643 3028 910 3073 prudentissime
938 3039 1117 3069 metuens,
1160 3041 1202 3062 ne

85 3074 365 3114 Cliristitideles,
405 3073 541 3107 detecta
573 3073 870 3118 indulgentiarum
906 3075 1170 3108 insubsistentia
1190 3098 1205 3117 ,

84 3122 179 3155 tux-tu
193 3132 275 3154 ntur
294 3143 305 3161 ,
339 3119 581 3160 offendantur,
617 3121 761 3164 indeque
788 3121 1005 3153 occasionem
1031 3122 1202 3165 arripiant

86 3167 293 3214 obloquendi
321 3168 354 3200 in
381 3179 439 3200 eos
455 3188 469 3206 ,
490 3168 548 3210 qui
565 3168 790 3200 ecclesiastici
813 3167 991 3210 regiminis
1016 3167 1124 3199 veluti
1141 3166 1206 3199 lia-

89 3212 197 3248 henas
219 3212 468 3253 moderantur,
494 3214 681 3257 Episcopos
708 3221 822 3246 monet
841 3234 850 3252 ,
877 3220 914 3244 ut
939 3214 966 3244 si
993 3224 1080 3256 quas
1107 3223 1204 3256 repe—

88 3259 200 3292 rerint
226 3259 460 3305 indulgentias
477 3282 486 3299 ‚
528 3271 604 3304 qua·
647 3258 760 3291 dubia²
787 3257 862 3292 fidei
890 3258 956 3290 sibi
982 3256 1204 3299 videantur,

88 3316 159 3337 non
186 3307 359 3350 negligant
383 3306 519 3340 easdem
548 3317 726 3338 recensere
745 3305 778 3337 in
798 3305 965 3337 relatione
992 3313 1103 3337 status
1129 3316 1200 3337 suae

87 3350 286 3394 Ecclesiae5
308 3352 400 3398 quod
425 3365 506 3389 cum
531 3352 596 3398 ipsi
620 3351 873 3398 praestiterint,
903 3363 994 3386 onus
1017 3351 1084 3386 erit
1109 3352 1203 3386 Con-

2265 125 2344 166 163

1281 232 1307 250 ,‚
1339 201 1557 251 l'urgatorio
1585 202 1791 241 secundum
1836 200 2092 253 aequalitatem
2136 198 2292 251 justitiae
2323 201 2401 238 exi-

1281 284 1307 302 „
1337 256 1457 304 genda
1484 265 1534 290 est
1567 256 1632 292 illa
1662 270 1777 306 poena
1796 284 1807 302 ,
1849 269 1936 306 quae
1967 256 2045 292 illis
2087 254 2266 292 omnibus
2294 256 2401 292 annis

1280 337 1306 356 „
1339 309 1604 358 responderet.
1625 311 1651 328 ‘⁶
1682 308 1739 345 Ex
1769 322 1845 358 qua
1887 308 2058 345 doctrina
2087 316 2274 358 apparet,
2320 319 2396 345 non

1279 373 1356 398 esse
1386 361 1587 408 ridiculas,
1624 374 1692 398 nec
1722 359 1904 398 absurdas
1936 359 2184 410 indulgentias
2213 368 2365 398 centum
2384 390 2396 408 ,

1279 413 1337 452 vel
1370 413 1478 451 mille
1506 427 1698 452 annorum
1718 440 1728 451 .
1771 412 2004 464 Quanquam
2037 425 2183 449 necesse
2213 426 2284 451 non
2316 423 2366 451 est
2385 442 2398 461 ,

1278 480 1346 505 nos
1375 469 1414 505 in
1445 466 1511 505 lias
1540 468 1732 514 angustias
1763 465 1911 516 redigi,
1941 478 2031 501 cum
2063 464 2239 511 facilius,
2271 465 2304 502 ἆ
2336 480 2398 504 ve-

1279 523 1384 565 rius,
1427 520 1508 558 illae
1540 514 1786 571 indulgentiae
1817 518 1956 570 possint
1999 518 2095 554 inter
2124 518 2262 555 multas
2303 518 2401 557 alias

1278 576 1501 622 numerari,
1531 587 1619 627 qua:
1641 589 1662 611 a
1686 571 1863 609 Romanis
1892 569 2141 608 Pontificibus
2171 584 2233 607 seu
2265 571 2401 610 imme-

1277 627 1377 664 diate
1406 641 1473 679 per
1489 641 1548 675 se,
1578 641 1640 664 seu
1661 627 1708 663 de
1727 624 2067 676 Congregationum
2089 622 2274 670 consilio,
2304 633 2400 663 tam-

1274 694 1390 732 quam
1421 679 1665 733 apocryphae
1694 679 1915 732 proscriptae
1947 677 2134 725 fuerunt,
2172 685 2212 714 ut
2242 685 2398 716 testatur

1275 733 1495 785 supralaud.
1527 734 1751 772 Benedictus
1780 730 1889 769 XIV.
1919 744 1958 769 n.
1981 730 2020 769 5.

1328 787 1422 831 455.
1454 787 1632 839 Denique
1673 795 1860 839 quantum
1903 786 1976 832 sit,
2024 795 2253 835 semperque
2283 782 2400 821 fuerit

1276 839 1459 878 Ecclesiae
1476 841 1707 879 desiderium
1726 869 1736 887 ,
1758 848 1871 891 atque
1885 838 2055 876 studium
2072 867 2083 886 ,
2113 837 2179 874 lios
2196 866 2206 884 ,
2227 835 2401 888 aliosque

1274 905 1403 932 omnes
1431 894 1572 932 abusus
1602 892 1792 939 tollendi,
1839 905 1883 928 ac
1913 890 2187 942 praecavendi,
2235 889 2397 928 ostendit

1275 956 1403 985 sancta
1430 947 1605 1000 Synodus
1626 946 1737 984 Trid.
1769 947 1817 983 ita
1839 945 2070 982 decernens:
2099 973 2124 992 ,‚
2156 942 2309 981 Abusus
2331 956 2397 979 ve-

1333 1013 1395 1049 ro,
1423 1002 1490 1052 qui
1523 1003 1562 1038 in
1593 999 1652 1037 his
1683 1001 1942 1050 irrepserunt,
1974 997 2008 1034 ἃ
2037 1010 2203 1050 quorum
2233 998 2401 1034 occasio-

1332 1067 1379 1090 ne
1398 1055 1540 1104 insigne
1557 1053 1628 1091 lioc
1645 1052 1966 1101 indulgentiarum
1985 1064 2122 1088 nomen
2139 1051 2189 1087 ab
2205 1049 2398 1089 haereticis

1331 1105 1624 1158 blasphematur
1641 1135 1651 1154 ,
1681 1105 1896 1143 emendatos
1913 1134 1923 1151 ,
1954 1103 1988 1140 8t
2009 1113 2194 1142 correctos
2215 1105 2397 1155 cupiens,

1333 1161 1512 1210 praesenti
1542 1160 1692 1197 decreto
1711 1157 1939 1209 generaliter
1959 1158 2110 1204 statuit,
2141 1169 2276 1207 pravos
2291 1170 2400 1208 quae-

1330 1221 1407 1250 stus
1435 1225 1563 1250 omnes
1593 1224 1661 1263 pro
1679 1210 1747 1256 ,his
1768 1210 2042 1261 consequendis
2060 1239 2071 1256 ,
2102 1210 2199 1246 unde
2231 1208 2400 1260 plurima

1331 1266 1370 1303 in
1398 1264 1613 1304 Christiano
1644 1262 1786 1316 populo
1814 1263 2006 1301 abusuum
2036 1275 2149 1299 causa
2180 1261 2317 1308 ssuxit,
2359 1275 2399 1298 o-

1331 1319 1466 1356 mnino
1485 1317 1690 1356 abolendos
1719 1331 1824 1355 esse.
1852 1317 2002 1354 Ceteros
2022 1328 2136 1363 vero,
2166 1315 2233 1366 qui
2264 1327 2306 1351 ex
2338 1329 2401 1352 su-

1331 1373 1574 1423 perstitione,
1606 1371 1815 1423 ignorantia
1833 1399 1844 1417 ‚
1874 1369 2119 1407 irreverentia
2137 1397 2147 1415 ,
2179 1377 2241 1405 aut
2271 1367 2399 1406 aliun-

1329 1426 1404 1473 de,
1432 1425 1794 1478 quomodocumque
1810 1431 2066 1475 provenerunt
2083 1451 2094 1469 ,
2122 1434 2212 1459 cum
2227 1421 2277 1459 ob
2300 1421 2402 1459 mul-

1274 1507 1301 1527 „
1330 1478 1481 1530 tiplices
1511 1477 1710 1525 locorum,
1741 1476 1774 1513 8<
1806 1476 2123 1528 provinciarum,
2171 1474 2274 1526 apud
2303 1488 2401 1526 quas

1271 1561 1298 1581 „
1329 1531 1670 1570 liicommittuntur
1685 1560 1695 1578 ,
1711 1528 1944 1581 corruptelas
1961 1559 1970 1576 ,
1987 1527 2188 1566 commode
2203 1537 2398 1579 nequeant

1272 1614 1300 1634 ,‚
1327 1585 1544 1637 specialiter
1574 1583 1798 1635 prohiberi,
1843 1582 1997 1635 mandat
2025 1580 2206 1618 omnibus
2237 1580 2397 1633 Episco-

1328 1639 1416 1690 pis,
1447 1647 1487 1676 ut
1517 1636 1719 1690 diligenter
1734 1637 1896 1689 quisque
1926 1633 2307 1687 liujustnodiabusus
2322 1634 2399 1672 Ec-

1329 1690 1460 1730 clesiae
1503 1705 1583 1729 suae
1613 1690 1794 1742 colligat,
1841 1702 1978 1741 eosque
2007 1690 2045 1727 in
2089 1688 2216 1740 prima
2245 1686 2402 1739 Synodo

1330 1743 1560 1783 Provinciali
1593 1745 1757 1792 reserat,
1795 1751 1835 1780 ut
1863 1742 2028 1781 aliorum
2059 1754 2213 1793 quoque
2241 1740 2401 1793 Episco-

1332 1811 1465 1847 porum
1509 1799 1692 1836 sententia
1721 1797 1900 1848 cognita,
1946 1796 2072 1834 statim
2116 1795 2163 1832 ad
2201 1807 2399 1833 summum

1329 1851 1440 1890 Rom.
1470 1851 1697 1889 Pontificem
1726 1851 1972 1897 deferantur,
2003 1846 2116 1899 cujus
2145 1849 2399 1895 auctoritate,

1330 1904 1362 1940 8<
1385 1905 1586 1956 prudentia
1604 1935 1618 1952 ,
1645 1904 1748 1956 quod
1777 1902 1990 1941 universali
2007 1900 2194 1938 Ecclesiae
2221 1900 2401 1951 expedit,

1329 1966 1540 2004 statuatur·,
1571 1967 1608 1995 ut
1639 1958 1691 1994 ita
1720 1965 1939 1995 sanctarum
1969 1953 2293 2004 indulgentiarum
2317 1967 2402 1990 mu-

1271 2039 1300 2059 „
1329 2025 1398 2048 nus
1426 2012 1489 2063 pie
1507 2042 1518 2059 ,
1548 2018 1701 2058 sancte,
1750 2009 1783 2046 8<
1815 2009 2035 2060 incorrupte
2063 2007 2244 2045 omnibus
2273 2006 2403 2044 fideli-

1271 2093 1298 2112 „
1330 2063 1399 2101 bus
1427 2065 1691 2117 dispensetur.
1712 2063 1734 2078 '⁷
1763 2063 1852 2111 Qua
1882 2063 1920 2100 in
1952 2075 1991 2099 re
2021 2073 2095 2098 non
2126 2061 2216 2098 satis
2243 2059 2401 2098 laudare

1272 2129 1469 2168 possumus
1498 2117 1699 2169 providam
1716 2116 2008 2154 eminentissimi
2024 2114 2137 2152 Card.
2154 2143 2166 2162 ,
2195 2123 2310 2165 atque
2327 2115 2400 2152 Ar-

1271 2169 1507 2222 cliiepiscnpi
1539 2172 1648 2209 nostri
1671 2171 1724 2208 D.
1747 2170 1906 2208 Andre-:e
1927 2168 2112 2206 Joannetti
2142 2180 2300 2214 curam,
2329 2167 2401 2217 qui

1271 2223 1311 2261 in
1342 2238 1408 2261 sua
1429 2223 1586 2275 Synodo
1614 2237 1678 2261 an.
1699 2222 1814 2273 1788.
1846 2236 1930 2273 pag.
1949 2220 2013 2258 65.
2043 2233 2123 2271 seq.
2152 2219 2198 2256 ad
2219 2232 2397 2256 normann

1271 2274 1377 2313 laud.
1408 2290 1494 2313 mox
1509 2276 1653 2328 Synodi
1671 2276 1781 2312 Trid.
1811 2275 1949 2312 decreti
1969 2275 2005 2310 iu
2023 2271 2270 2310 eliminandis
2298 2273 2396 2309 abu·

1270 2329 1374 2366 sibus
1393 2359 1402 2376 ,
1431 2331 1497 2381 qui
1518 2328 1834 2379 indulgentiarum
1860 2327 2012 2364 nomine
2043 2327 2210 2375 irrepere
2239 2338 2398 2363 consue-

1272 2392 1408 2420 verunt
1426 2411 1435 2430 ,
1466 2382 1796 2432 diligentissimam
1813 2394 1968 2432 operam
1991 2380 2111 2430 posuit
2130 2408 2140 2426 ,
2171 2392 2398 2430 severasque

1271 2449 1404 2486 poenas
1434 2438 1689 2472 comminatus
1710 2444 1761 2471 est
1778 2464 1788 2482 ,
1820 2434 2016 2485 praecipue
2040 2433 2083 2468 iis
2113 2430 2365 2468 nebulonibus
2383 2462 2395 2480 ‚

1269 2487 1530 2537 improbisque
1544 2487 1783 2535 hominibus,
1805 2490 1869 2537 qui
1889 2486 2157 2537 indulgentius
2171 2486 2368 2536 jactitarit
2385 2515 2399 2533 ,

1271 2545 1390 2578 certis
1410 2540 1716 2578 numismatibus
1735 2571 1744 2588 ‚
1775 2539 2017 2592 itrmginz'bus·
2032 2569 2042 2586 ,
2072 2547 2144 2574 auc
2163 2542 2397 2575 oratiuncu-

1271 2596 1318 2631 lis
1347 2593 1564 2641 adnexus,
1611 2596 1661 2635 (J
1690 2592 1805 2631 rerba
1836 2594 1934 2631 <amc
1978 2590 2172 2639 credulis,
2221 2601 2260 2627 uc
2290 2605 2399 2639 9⁷11ae-

1270 2647 1557 2698 suariz—litentur
1589 2648 1652 2697 (a)
1674 2674 1684 2685 .
1716 2647 1774 2684 Do
1789 2645 2144 2698 superstitionibus,
2175 2644 2315 2695 quibus
2338 2646 2399 2681 in-

1271 2702 1551 2751 dulgentiarum
1583 2701 1722 2738 abusus
1745 2701 1872 2737 locuni
1901 2701 1990 2736 dare
2014 2706 2195 2749 possunt,
2228 2698 2306 2735 vid.
2336 2697 2396 2735 Jo-

1272 2755 1379 2806 Hapt.
1410 2754 1548 2792 Tliiers
1581 2753 1715 2792 Truiw‘
1744 2753 1813 2792 <les
1840 2754 2130 2804 superstitionis
2156 2750 2244 2791 &c-
2275 2749 2394 2789 Toni.

1270 2808 1312 2854 4.
1338 2822 1425 2860 cap.
1451 2821 1485 2846 1.

1276 1028 1303 1048 2>

1275 1082 1302 1101 θ’

1276 1135 1304 1154 25

1275 1187 1302 1207 22

1274 1241 1301 1260 2,

1273 1294 1300 1314 θ’

1274 1348 1302 1368 35

1273 1401 1300 1421 θ’

1273 1455 1302 1474 ’7

1271 1667 1298 1686 22
1311 1684 1320 1695 7

1274 1721 1301 1740 n

1273 1773 1299 1793 ss

1273 1827 1301 1846 ss

1272 1880 1298 1899 s,

1272 1933 1300 1952 n

1272 1986 1301 2006 π

2249 2855 2339 2896 AR-

1271 2980 1484 3026 greg-ationis
1511 2977 1658 3012 Concilii
1684 2976 1834 3022 hujusce
1858 2975 1908 3010 rei
1934 2976 2115 3010 notionem
2140 2975 2320 3008 remittere
2345 2972 2389 3007 ad

1272 3029 1418 3060 alteram
1446 3025 1757 3069 Congregationein
1787 3022 2113 3067 indulgentiarum,
2147 3023 2201 3054 cui
2232 3022 2394 3053 Clemens

1272 3074 1334 3107 lx.
1355 3075 1517 3106 l'ontil'··x
1538 3079 1789 3103 alletoritatem
1805 3070 1929 3103 tribuit
1945 3092 1956 3110 ‚
1971 3069 2124 3113 falsas,
2148 3066 2391 3110 apocrrphas,

1271 3121 1546 3162 incliscre’misue
1572 3117 1811 3160 Indulgenttas
1839 3119 1938 3160 {rpis
1965 3120 2113 3157 imprimi
2141 3114 2275 3147 vetandi
2293 3131 2302 3149 ,
2329 3114 2393 3141 im-

1268 3178 1408 3209 pressus
1436 3166 1728 3209 recognoscendi,
1753 3169 1793 3196 (Τ
1819 3164 2065 3201 examinandi,
2090 3173 2153 3199 ac,
2179 3159 2233 3190 ubi
2260 3156 2356 3188 nubis
2377 3177 2391 3195 ,

1271 3225 1328 3245 seu
1350 3213 1440 3246 Ηοηι.
1468 3211 1633 3254 Pontifici
1658 3223 1722 3255 pro
1736 3213 2061 3253 temporeverisrenti
2081 3227 2092 3246 5
2118 3206 2274 3255 rander-tt
2291 3224 2300 3241 ²
2325 3215 2389 3252 Μ’

1273 3267 1366 3298 stra,
1402 3273 1459 3292 seu
1485 3261 1584 3292 illius
1609 3261 1819 3291 aucsorieafe
1844 3256 2052 3302 rejiciendi·
2098 3253 2152 3302 lu.
2176 3248 2384 3299 ¹¹¹l¹¹¹⁰r¹³l¹³

1268 3304 1473 3339 benedictus
1489 3317 1504 3345 ·,
1527 3304 1627 3348 cujus
1654 3315 1826 3336 summam
1847 3301 2067 3346 prudentiam
2097 3305 2222 3347 rin’tar·
2244 3293 2388 3325 delinis-

1265 3360 1320 3386 set
1341 3360 1518 3397 postrema
1542 3349 1702 3396 synodus
1726 3348 1948 3383 pistoriensis
1969 3355 2026 3378 an·
2048 3343 2177 3386 ww,
2212 3351 2291 3384 (με
2319 3348 2390 3375 πω
