2605 3624
817 117 976 161 ottDO
1010 118 1123 160 EST
1159 117 1630 162 SACRAMENTUM
1645 148 1658 161 .

83 221 161 260 qua
195 205 236 246 S.
265 202 406 243 Paulus
435 197 661 245 Timotheo,
704 210 939 248 quamquam
983 197 1190 233 admodum

80 260 234 312 juveni,
264 270 331 310 per
359 265 544 293 manuum
567 252 842 303 impositionem
866 250 1114 302 Episcopatus
1133 249 1192 285 di-

80 315 258 364 gnitatem
287 305 472 346 contulit.
515 304 611 342 Hoec
640 304 680 343 S.
712 304 875 341 ‘rhomae
906 303 1110 355 explicatio
1140 310 1192 339 et-

82 367 160 404 iam
189 361 330 402 multis'
349 359 643 397 l'rotestantibus
683 357 853 407 placuit,
899 366 936 394 ut
974 356 1095 393 videri
1126 368 1191 406 po·

78 426 147 456 test
174 412 314 454 Matth-
344 411 439 465 l'oly
468 413 508 451 iu
538 411 710 464 Synopst‘
730 411 984 449 walamer.
1015 409 1061 447 ad
1092 407 1192 446 hunc

75 467 207 507 locum
224 494 236 506 .

135 535 200 560 22.
233 522 289 560 Ad
318 525 476 558 tertium
518 518 715 571 respondet
748 517 787 556 S.
817 517 876 555 J0.
904 516 1194 568 Chrysostomus

77 575 194 614 Hom.
222 576 265 614 iu
296 574 396 612 hunc
425 572 528 621 loc.,
568 571 790 624 Aposlolum
821 584 894 608 non
927 571 963 607 id
992 570 1118 606 «licere
1146 567 1194 604 dc

76 627 347 681 Presbyteris,
377 625 445 664 setl
475 626 524 664 (le
553 623 786 676 Episcopis;
828 637 909 661 non
939 625 1047 660 enirn
1079 621 1193 658 Pres-

76 680 206 735 byten·
234 681 479 733 Episcopum
507 677 818 716 ordinaverunt.
868 677 995 723 Quam
1026 674 1193 725 explica-

78 738 221 773 tionem
242 735 392 787 adoptat
411 734 527 771 etiam
545 731 748 783 Angelicus
767 731 868 768 lieet.
888 731 951 767 lll.
972 728 1193 775 observans,

79 790 238 828 nomina
268 787 512 839 Presbyteri,
541 784 602 822 vel
632 784 810 835 Episcopi
842 798 917 821 esse
948 783 1163 833 promiscua
1185 806 1194 816 .

75 842 187 880 Certe
216 840 356 880 Paulus
385 842 423 877 in
453 852 489 877 2.
519 840 629 890 epist.
661 838 687 875 Ι.
717 836 755 874 ὃ.
798 839 961 888 seipsum
993 833 1196 871 Timotheo

79 909 218 935 manus
248 894 471 945 imposuisse
499 900 652 930 testatur
674 921 683 938 ,
726 891 855 928 dicens
884 902 953 941 per·
983 891 1194 936 impositio-

76 961 174 987 nem
204 959 403 985 manuum.
432 958 647 988 mearum;
678 943 776 980 nihil
807 951 932 980 autem
963 941 1134 986 obesset,
1162 941 1193 977 si

111 1010 220 1040 raeter
249 999 413 1037 Paulum
445 997 668 1048 Apostolum
709 997 776 1033 alii
807 995 1020 1048 Presb3tei·i
1059 1007 1192 1031 manus

75 1015 280 1093 'ilzimoiheo
308 1051 602 1103 imposuissent.

126 1107 191 1145 25.
221 1106 311 1144 lust.
341 1108 496 1154 primo.
528 1102 599 1140 llla
629 1116 816 1140 manuum
850 1102 1040 1154 impositio
1059 1130 1069 1147 ,
1099 1113 1187 1152 quae

70 1159 122 1198 ab
152 1157 340 1211 Apostolis
369 1158 511 1208 saepius
540 1157 638 1194 facta
670 1157 860 1194 invenitur
882 1186 892 1203 ,
923 1165 1009 1193 teste
1038 1154 1078 1191 S.
1111 1154 1189 1190 Au-

70 1213 219 1266 gustino
246 1210 336 1251 Lib.
366 1211 434 1250 ΙΙΙ.
465 1209 528 1248 De
556 1209 662 1258 bapt.
695 1218 799 1246 cont.
830 1209 982 1250 Donat.
1013 1222 1100 1258 cap.
1123 1206 1188 1244 26.

66 1279 145 1305 non
173 1274 254 1303 erat
283 1265 356 1303 nisi
386 1267 515 1302 oratio
547 1274 662 1310 super
706 1262 938 1305 immineam
984 1274 1056 1299 non
1100 1273 1187 1310 ergo

66 1331 114 1356 ex
142 1317 236 1356 locis
263 1331 377 1370 supra
405 1317 501 1356 ωδ.
531 1316 701 1354 adductis
733 1316 864 1353 inferri
897 1323 1042 1367 potest,
1086 1314 1187 1351 ordi-

68 1385 158 1410 nem
191 1372 303 1409 fuisse
331 1371 649 1410 Sacramentum.
680 1368 778 1406 Sane
809 1382 899 1406 cuin
933 1367 1055 1405 {Vlarci
1080 1366 1188 1404 XVI.

73 1424 136 1464 18.
164 1424 211 1462 de
240 1425 314 1472 iis,
355 1425 423 1477 qui
452 1423 720 1469 crediderunt,
762 1421 906 1458 dictum
947 1431 1021 1458 est:
1066 1420 1189 1470 Super

68 1489 202 1531 oegros
231 1490 377 1514 manus
406 1481 636 1527 imponent,
666 1475 716 1514 Εἰ)
745 1474 842 1512 bene
872 1473 1088 1521 habebunt,
1119 1488 1185 1511 ne-

67 1544 133 1570 mo
162 1531 322 1578 inferet,
353 1531 468 1568 fuisse
488 1529 642 1582 aliquod
665 1527 954 1566 Sacramentum
977 1540 1045 1580 pro
1066 1540 1184 1579 aegro-

69 1586 116 1623 tis
145 1584 384 1622 institutum:
415 1596 502 1634 ergo
531 1583 698 1633 pariter,
729 1581 799 1618 &c-

124 1636 189 1683 24.
220 1635 332 1688 Resp.
350 1666 361 1684 ,
390 1645 490 1674 certe
518 1648 594 1673 non
623 1648 776 1672 omnem
810 1635 1086 1685 impositionem
1111 1647 1191 1671 ma-

67 1703 192 1728 nuum
221 1702 296 1727 esse
316 1689 634 1733 Sacramentum3
664 1688 725 1725 sed
756 1700 801 1724 ex
831 1686 1016 1737 adjunctis
1047 1688 1190 1725 discer-

69 1743 111 1781 ni
141 1755 273 1795 posse,
301 1756 483 1793 quaenam
513 1743 558 1778 sit
590 1754 693 1778 mera
723 1742 952 1777 caeremonia
977 1770 986 1787 ,
1017 1740 1051 1775 ἅ
1078 1754 1189 1792 qure-

68 1809 160 1834 nam
190 1794 511 1833 Sacramentalis.
554 1794 840 1844 impositionem
871 1807 1080 1841 mannum,
1110 1808 1187 1845 qua

68 1848 240 1901 Apostoli
269 1848 487 1895 Diaconos,
519 1845 758 1896 presbyteros
781 1877 792 1893 ,
835 1856 949 1899 atquc
979 1847 1187 1899 Episcopos

64 1910 336 1940 consecrarunt
361 1932 371 1949 ,
430 1902 544 1939 fuisse
591 1913 724 1938 verum
771 1900 1093 1948 Sacramentum,
1143 1914 1187 1937 ex

69 1954 250 2007 pluribus
291 1953 478 2006 adjtmctis
515 1953 735 2005 colligitur.
793 1952 929 1990 Primo
977 1955 1079 1991 enim
1128 1954 1190 1991 isti

70 2009 124 2046 sic
153 2008 316 2046 ordinati
358 2008 514 2046 fuerunt
552 2021 574 2044 a
611 2008 742 2044 ceteris
785 2006 964 2044 fidelibus
997 2007 1189 2054 distincti,

71 2062 260 2113 certisque
308 2061 347 2098 in
394 2060 568 2099 Ecclesia
616 2061 760 2097 muniis
804 2059 990 2097 obeundis
1027 2059 1189 2097 destina-

70 2115 127 2159 ti;
169 2114 271 2166 quod
314 2113 360 2151 de
402 2113 566 2152 infirmis
595 2144 604 2160 ,
648 2112 811 2164 aliisque
854 2112 1067 2150 nullatenus
1109 2113 1188 2150 dici

71 2175 216 2219 potest.
247 2166 455 2215 Secundo,
485 2167 588 2218 quod
619 2163 758 2203 Paulus
786 2166 966 2218 praecipit
987 2165 1190 2203 Timotheo

71 2232 124 2257 ne
152 2224 230 2257 cito
257 2233 390 2258 manus
420 2221 614 2271 imponat,
644 2218 862 2269 significans
880 2248 890 2261 ,
921 2220 1070 2256 imunisi
1102 2233 1189 2270 pro-

68 2271 206 2320 batos,
249 2271 284 2308 8<
312 2272 444 2322 dignos
485 2271 533 2309 ad
572 2272 831 2308 ministerium
862 2269 1047 2307 Ecclesiae
1087 2285 1191 2308 assu-

71 2325 257 2373 mendos,
299 2325 406 2362 nullo
436 2325 546 2362 modo
575 2322 738 2374 intelligi
768 2332 885 2374 potest
925 2323 971 2360 de
1002 2321 1080 2362 sola
1108 2335 1193 2361 ora·

71 2379 203 2425 tione,
243 2391 332 2430 quae
363 2390 431 2430 pro
459 2376 631 2430 quolibet
660 2379 775 2414 etiam
806 2376 963 2428 indigno
992 2375 1074 2413 fieri
1104 2389 1191 2414 con·

74 2433 223 2470 suevit.
265 2430 469 2478 Demum‚
507 2432 537 2468 si
567 2444 642 2482 qua
673 2443 864 2481 superesse
893 2439 1012 2481 posset
1042 2429 1191 2468 dubita-

71 2486 128 2523 tio
143 2515 154 2533 ,
183 2493 225 2522 ea
255 2484 401 2523 tollitur
420 2497 489 2537 per
508 2483 692 2522 Ecclesiae
715 2484 978 2530 traditionem,
1007 2497 1083 2534 qua
1104 2496 1193 2521 con·

68 2547 170 2586 stat,
215 2536 322 2576 illam
365 2551 548 2575 manuum
593 2538 875 2588 impositionem
914 2537 1028 2574 fuisse
1057 2550 1192 2575 verum

73 2590 365 2629 Sacramentum
394 2591 443 2629 ad
471 2589 581 2628 illam
602 2589 859 2628 hierarchiam
882 2590 1192 2637 conservandam,

76 2656 195 2694 quam
221 2643 391 2680 Christus
428 2645 470 2681 in
506 2657 573 2681 sua
602 2642 775 2681 Ecclesia
812 2644 1078 2681 constituerat.
1126 2643 1192 2681 Sic

74 2696 116 2733 in
147 2695 320 2734 Concilio
347 2695 509 2733 Nicaeuo
525 2696 556 2733 Ι.
584 2709 668 2734 can.
689 2709 730 2748 9.
757 2699 1015 2746 impositionis
1046 2709 1192 2733 manus

75 2748 123 2786 ad
153 2747 393 2800 presbyteros
419 2748 644 2786 ordinandos
675 2751 819 2787 mentio
857 2750 1016 2788 habetur
1034 2779 1045 2798 ,
1088 2750 1120 2786 St
1151 2751 1192 2788 in

77 2800 271 2839 nonnullis
299 2800 385 2838 aliis
414 2809 540 2853 postea
568 2800 769 2840 celebratis
786 2829 796 2840 .

134 2855 200 2892 25.
231 2854 320 2892 Inst.
348 2853 546 2893 secundo.
594 2855 764 2893 Christus
796 2855 980 2894 Dominus
1001 2885 1010 2903 ‚
1040 2856 1192 2908 quando

80 2905 276 2959 Apostolos
303 2906 547 2956 Sacerdotes,
577 2907 610 2944 &
639 2907 847 2960 Episcopos
876 2910 1056 2956 instituit,
1087 2909 1193 2946 nulla

79 2968 132 2998 est
162 2974 250 2998 tusus
278 2974 460 2999 manuum
492 2962 754 3012 impositione:
783 2975 857 2999 non
881 2976 966 3013 ergo
986 2962 1107 2999 voluit
1128 2975 1206 3013 per-

80 3015 214 3064 ipsam*
237 3013 405 3052 indicare
433 3014 588 3052 Ordinis
617 3014 906 3052 Sacramentum
924 3041 934 3051 .
966 3013 1092 3051 Multo
1122 3016 1194 3052 ini-

77 3065 350 3118 nus⁴aliquam
381 3069 421 3105 in
450 3066 522 3105 hac
552 3081 737 3105 manuum
780 3069 1018 3117 impositione
1061 3068 1195 3105 verbo-

79 3132 169 3158 rum
202 3118 408 3157 formulam
439 3120 634 3171 Apostolos
662 3120 880 3158 adhibuisse
905 3121 1087 3170 legimus.

139 3172 204 3211 26.
236 3172 372 3224 ἢθη»,
413 3172 629 3221 Christum,
665 3175 728 3211 cui
759 3182 919 3223 potestas
947 3174 1198 3211 excellentia?

84 3225 127 3263 in
155 3225 408 3264 Sacramentis
436 3226 673 3278 competebat
702 3230 716 3277 (
735 3226 784 3263 V.
801 3225 958 3264 Dissert.
976 3226 1003 3262 l.
1025 3225 1158 3277 cap.8.
1181 3229 1195 3274 )

85 3290 211 3329 neque
241 3281 397 3317 materia
414 3309 425 3327 ,
455 3293 580 3330 neque
611 3279 733 3317 forma
762 3280 800 3316 in
823 3279 867 3316 iis
885 3279 1120 3318 conferendis
1140 3280 1196 3316 in-

85 3329 265 3383 digebat;
294 3335 334 3371 in
364 3333 496 3370 iisdem
527 3343 651 3370 tamen
672 3333 720 3370 ab
741 3331 912 3371 Ecclesia
933 3332 1196 3372 administrau-

201 3383 439 3441 Gazzaniga
471 3385 601 3426 Theol.
632 3375 837 3426 Tom.1X.

2217 113 2317 176 '193

1257 196 1314 232 dis
1344 197 1464 233 voluit
1495 198 1668 235 adhiberi
1699 198 1801 248 signa
1831 198 2008 250 qusedam
2039 197 2255 247 sensibilia,
2293 214 2375 238 cer—

1259 256 1390 298 tasque
1410 250 1613 287 verborum
1638 251 1819 289 lurniulas
1842 278 1851 288 .
1884 253 1930 289 lit
1954 253 2039 289 licet
2062 251 2266 290 formulam
2289 267 2372 291 ver-

1258 299 1395 337 borum
1428 303 1464 338 in
1495 317 1675 340 manuum
1709 305 1948 354 impositione
1977 305 2026 342 ab
2059 305 2244 357 Apostolis
2265 306 2373 344 adhi-

1259 353 1379 391 bitam
1410 354 1606 406 Scriptura
1637 369 1741 394 sacra
1770 371 1844 394 non
1875 360 2084 408 exprimat,
2128 374 2210 396 erun
2241 368 2369 396 tamen

1260 407 1449 455 insinuat,
1479 422 1566 445 cnm
1588 409 1699 446 dicit:
1728 420 1889 448 orantes
1919 415 2182 460 imposuerunt
2204 415 2260 449 eis
2281 426 2370 450 ma-

1262 472 1335 497 nus
1352 486 1362 496 .
1396 461 1477 498 Act.
1496 461 1561 498 vt.
1579 460 1617 498 G.

1316 516 1476 560 Quaeres
1502 527 1631 565 primo
1653 544 1663 561 ,
1693 529 1883 565 cyzicenam
1905 520 1979 553 siut
2003 516 2114 569 Rujus
2132 518 2375 557 Sacramen-

1261 571 1290 604 n·
1320 572 1518 616 riunena,
1548 570 1596 608 Εἴ)
1614 567 1758 619 jormu
1779 567 1802 603 ?

1318 633 1381 670 27.
1401 620 1510 672 liesp.
1525 621 1716 673 Eugenius
1732 621 1799 659 lV.
1817 623 1854 659 in
1875 622 2020 659 lstruct.
2045 623 2201 661 Arinen.
2233 655 2257 672 ,‚
2275 626 2374 663 Sex-

1263 703 1289 721 „
1319 681 1430 721 tum,
1462 677 1610 726 inquit,
1652 684 1711 712 est
1739 675 2052 712 Sacramentum
2087 675 2268 725 Ordinis,
2309 694 2374 716 cu-

1264 756 1290 774 „
1320 725 1380 777 jus
1410 729 1566 765 materia
1588 738 1638 766 est
1659 727 1785 775 illud,
1816 742 1882 779 per
1903 728 2013 779 cujus
2029 729 2268 768 traditionem
2290 744 2376 768 con-

1264 809 1290 827 „
1323 782 1442 817 fertur
1469 782 1586 828 ordo,
1615 783 1710 819 sicut
1732 783 2011 834 presbyteratus
2032 783 2192 820 traditur
2221 797 2287 834 per
2317 799 2379 822 ‹ta-

1262 862 1289 880 „
1321 832 1405 872 licis
1433 848 1521 872 cum
1552 836 1667 883 vino,
1698 834 1731 870 8<
1762 844 1911 885 patena:
1942 849 2031 873 cum
2061 850 2158 888 pane
2176 839 2377 887 porrectio—

1265 915 1290 933 „
1315 899 1440 931 ‹iem;
1482 889 1700 925 diaconatus
1730 901 1820 926 vero
1858 902 1924 940 per
1961 888 2052 926 libri
2084 889 2379 941 Evangeliorum

1265 968 1290 986 „
1320 939 1532 978 dationem:
1563 942 1858 980 subdiaconatus
1889 956 1956 993 per
1985 941 2117 980 calicis
2147 945 2258 981 vacui
2287 958 2380 982 cum.

1262 1021 1287 1038 ‚,
1319 1002 1452 1041 patena
1483 1008 1604 1032 vacua
1632 996 1867 1046 superposita
1897 995 2135 1033 traditionem
2154 1022 2164 1033 .
2194 996 2241 1034 Et
2270 998 2378 1035 simi-

1262 1073 1287 1091 „
1319 1045 1402 1083 liter
1432 1048 1477 1084 de
1507 1047 1593 1085 aliis
1625 1062 1691 1097 per
1722 1062 1848 1085 rerum
1879 1049 1926 1086 ad
1957 1050 2166 1087 ministeria
2197 1064 2263 1087 sua
2295 1064 2379 1102 per-

1260 1126 1286 1144 „
1317 1101 1516 1137 tinentium
1547 1102 1864 1151 assignationem.
1897 1102 2036 1139 Forma
2066 1102 2263 1141 sacerdotii
2295 1102 2380 1140 talis

1258 1179 1285 1197 „
1313 1161 1388 1189 est:
1438 1153 1582 1200 Accipe
1610 1163 1850 1203 potestatem
1895 1153 2088 1202 offerendi
2132 1155 2381 1206 sacrificium

1259 1232 1284 1250 ,‚
1315 1207 1353 1241 in
1386 1204 1574 1243 Ecclesia
1603 1220 1672 1255 pro
1701 1210 1818 1255 rivis,
1846 1208 1895 1247 (ἶ)
1926 1212 2113 1256 mortuis,
2143 1212 2185 1245 in
2213 1215 2376 1248 nomine

1259 1285 1285 1302 „
1317 1257 1471 1307 Patris,
1488 1259 1574 1298 &a
1605 1260 1638 1295 ἃ
1668 1261 1720 1298 sic
1741 1260 1787 1296 de
1807 1259 1973 1298 aliorum
1993 1262 2172 1298 ordinum
2196 1262 2375 1300 formis&

1258 1309 1398 1348 Norant
1427 1321 1555 1350 autem
1585 1313 1659 1350 viri
1690 1313 1856 1360 eruditi,
1887 1313 2103 1365 Eugenium
2135 1329 2218 1352 eam
2240 1315 2377 1352 dunta-

1257 1373 1319 1400 xat
1348 1366 1536 1416 assignare
1565 1365 1728 1403 voluisse
1759 1367 1988 1414 materiam,
2026 1381 2113 1418 quae
2158 1381 2382 1419 permanens

1257 1425 1335 1455 est.
1365 1419 1544 1457 Ceterum
1574 1421 1613 1456 in
1645 1419 1848 1458 collatione
1876 1420 2054 1457 ordinum
2075 1421 2320 1468 diaconatus,
2350 1421 2385 1457 ὃς

1257 1470 1541 1523 presbyteratus
1562 1473 1704 1524 requiri
1729 1474 1840 1510 etiam
1863 1474 2142 1523 impositionem
2165 1487 2352 1512 manuum
2369 1504 2380 1523 ,

1253 1523 1436 1562 discimus
1466 1538 1510 1562 ex
1539 1525 1712 1563 Concilio
1734 1525 1800 1562 lv.
1830 1526 2052 1577 Carthagini.
2083 1540 2166 1564 can.
2189 1527 2255 1574 5.,
2287 1526 2320 1562 8<
2343 1527 2381 1572 4.

1258 1576 1434 1628 Synodus
1463 1587 1590 1615 autem
1623 1578 1848 1616 Tridentium
1879 1582 2103 1625 materiam,
2147 1579 2181 1616 &
2213 1580 2378 1618 sormam

1260 1627 1375 1675 hujus
1417 1631 1655 1670 Sacramenti
1702 1631 1990 1671 indeterminate
2041 1642 2225 1671 memorat
2272 1632 2372 1671 Sess-

1259 1682 1408 1722 XXlll.
1437 1699 1522 1736 cap.
1546 1685 1584 1723 3.
1615 1686 1791 1737 inquiens
1810 1716 1819 1733 ‚
1863 1699 2029 1723 sacram
2062 1685 2375 1725 Orrltzzsztionem

1259 1736 1406 1785 rei-bis,
1436 1739 1485 1778 Εἰ]
1513 1742 1638 1790 signis
1668 1738 1926 1777 exterioribus
1953 1739 2118 1792 perfici.

1314 1790 1376 1827 28.
1397 1791 1499 1830 Hinc
1523 1792 1720 1830 indefinita
1738 1795 1875 1831 mansit
1897 1808 2032 1844 magua
2052 1793 2120 1831 illa
2140 1794 2236 1831 inter
2253 1793 2380 1832 Theo·

1255 1841 1358 1894 logos
1375 1846 1628 1883 controversia
1648 1846 1693 1882 de
1715 1847 1831 1884 trium
1854 1846 2182 1885 hierarchicorum
2202 1847 2383 1885 ordinum

1258 1900 1445 1945 materia,
1487 1899 1520 1934 8<
1551 1899 1702 1937 sorma-
1747 1899 1995 1951 Antiquiores
2026 1903 2128 1938 enim
2160 1899 2387 1938 Scholastici

1259 1963 1333 1988 una
1363 1965 1452 1988 cum
1483 1951 1613 1989 multis
1643 1953 1917 1991 recentioribus
1948 1965 2024 1991 non
2046 1953 2165 1990 aliam
2181 1962 2387 2004 agnoscunt

1259 2001 1396 2041 horum
1425 2005 1604 2042 ordinum
1636 2006 1858 2053 materiam,
1887 2020 2007 2057 quam
2032 2007 2307 2057 porrectionem
2329 2008 2387 2044 iu-

1256 2063 1582 2103 strumentorum3
1625 2071 1696 2096 nec
1725 2058 1841 2096 aliam
1874 2059 2068 2107 formam,
2114 2073 2230 2112 quam
2270 2059 2388 2098 verba

1261 2109 1444 2162 Episcopi
1477 2110 1561 2149 haec
1591 2112 1838 2149 instrumenta
1861 2112 2066 2160 tradentis,
2097 2111 2203 2162 juxta
2225 2125 2311 2150 mox
2333 2114 2387 2150 ci-

1259 2171 1372 2200 tatam
1404 2165 1666 2202 instrutiouem
1696 2165 1862 2214 Eugenii
1891 2165 2028 2216 Papae.
2060 2165 2136 2202 Alii
2168 2174 2309 2211 contra,
2339 2179 2386 2202 ac

1259 2218 1458 2267 praecipue
1477 2216 1536 2254 J0.
1557 2217 1734 2255 Morinos
1750 2217 1814 2254 De
1830 2217 1945 2254 Stzcr.
1975 2217 2102 2254 ortlirz.
2120 2217 2244 2254 P.111.
2266 2217 2387 2255 Exer-

1259 2270 1324 2305 cit.
1346 2268 1433 2306 Vll.
1464 2283 1550 2319 cap.
1573 2282 1605 2306 1.
1623 2299 1632 2316 ,
1665 2269 1776 2320 Hugo
1807 2269 2016 2306 Menardus
2049 2272 2086 2307 in
2102 2268 2218 2307 Notis
2239 2269 2294 2307 ad
2310 2270 2385 2308 Sa.-

1261 2333 1392 2358 cram.
1422 2320 1463 2359 S.
1481 2322 1686 2373 Gregorii,
1716 2331 1840 2360 noster
1870 2323 2037 2361 Goarius
2067 2324 2107 2360 in
2137 2332 2213 2360 not.
2236 2323 2283 2361 ad
2301 2321 2383 2360 Eu-

1262 2373 1362 2411 c¹zol.
1396 2373 1558 2422 Graec„
1603 2374 1721 2412 solam
1753 2389 1939 2413 manuum
1981 2377 2263 2427 impositionem
2293 2390 2385 2415 cum

1261 2427 1388 2465 verbis
1417 2428 1466 2465 ab
1488 2428 1679 2479 Episcopo
1707 2429 1746 2466 in
1776 2443 1820 2466 ea
1851 2429 2005 2480 prolatis
2035 2432 2219 2480 integram
2250 2429 2385 2468 dicunt

1261 2495 1336 2519 esse
1366 2482 1639 2533 praedictorum
1669 2481 1847 2520 ordinum
1879 2484 2078 2521 materiam
2097 2513 2107 2530 ,
2138 2484 2171 2519 ἃ
2194 2484 2382 2526 formam.

1261 2534 1385 2586 Atque
1416 2534 1497 2573 haec
1527 2536 1710 2572 sententia
1738 2535 1943 2574 admodum
1974 2537 2188 2574 communis
2213 2545 2264 2573 est
2287 2538 2382 2574 iuter

1261 2586 1500 2639 ff'tueotogoz,
1530 2603 1573 2626 ac
1602 2588 1823 2628 Cauonistas
1853 2591 2103 2634 recentiores,
2136 2599 2261 2640 utpote
2290 2603 2380 2641 quat

1261 2641 1435 2678 videatur
1463 2640 1497 2678 &
1527 2641 1642 2680 sacris
1671 2641 1832 2691 litteris,
1871 2643 1904 2680 8<
1935 2645 2050 2681 veteri
2080 2641 2264 2681 Ecclesiae
2294 2655 2384 2681 con-

1261 2694 1459 2732 suetudine
1490 2695 1642 2732 innixa.

1318 2760 1380 2799 29.
1413 2746 1543 2786 Tertia
1573 2756 1697 2800 postea
1737 2758 1845 2787 enata
1888 2758 1940 2787 est
1982 2750 2139 2802 opinio,
2182 2763 2269 2803 quae
2309 2762 2384 2788 non

1260 2814 1398 2852 paucos
1428 2800 1540 2838 habet
1572 2811 1772 2853 patronos,
1803 2811 1932 2853 utpote
1952 2817 2040 2854 quse
2064 2813 2264 2855 utramque
2294 2817 2383 2841 con-

1259 2853 1365 2892 ciliat
1382 2885 1391 2901 ,
1422 2853 1565 2893 scilicet
1586 2854 1746 2906 Eugenii
1769 2856 1835 2893 Vl.
1856 2857 2051 2894 decretum
2069 2887 2080 2904 ‚
2101 2856 2133 2892 ἃ
2150 2856 2259 2895 Sacr.
2280 2857 2383 2895 Scri-

1262 2917 1461 2959 pturarum
1492 2908 1732 2956 testimonia,
1762 2908 1940 2948 videlicet
1972 2911 2201 2958 materiam,
2246 2911 2278 2946 ἃ
2310 2911 2383 2946 sor·

1263 2975 1366 2997 mam
1390 2959 1524 2998 horum
1542 2961 1875 3001 Sacramcntorum
1897 2963 2137 3016 adaequatam
2159 2962 2271 3002 simul
2294 2974 2380 2998 con-

1263 3015 1393 3052 sistere
1423 3016 1460 3052 in
1501 3014 1702 3053 traditione
1745 3016 2112 3064 instrumentorum,
2155 3031 2198 3053 ac
2233 3017 2267 3051 in
2298 3027 2381 3050 ma-

1262 3081 1384 3105 nuum
1409 3068 1648 3117 impositione
1666 3097 1677 3115 ‚
1709 3082 1784 3111 uua
1811 3083 1902 3107 cum
1933 3070 2058 3108 verbis
2089 3071 2237 3118 utrique
2265 3067 2381 3102 actio-

1264 3121 1300 3157 ni
1330 3120 1512 3158 adnexis.
1557 3123 1678 3173 Atque
1709 3121 1790 3159 liaec
1818 3125 1999 3161 sententia
2028 3124 2138 3159 tutior
2167 3128 2238 3154 est.
2271 3117 2380 3155 Unde

1263 3181 1418 3211 testante
1448 3174 1772 3212 b'enedictoXlV.
1802 3175 2012 3214 Lib.Vlll.
2042 3173 2104 3209 De
2134 3170 2234 3222 «ἵγη-
2252 3169 2381 3208 Dioec·

1263 3240 1348 3279 cap.
1374 3240 1431 3264 io.
1449 3257 1459 3275 ,
1490 3242 1578 3266 cum
1607 3228 1766 3279 quidam
1796 3229 2000 3266 sacerdotio
2029 3224 2235 3261 initiandus
2253 3225 2380 3260 omni·

1262 3278 1335 3317 bus
1362 3283 1546 3320 consuetis
1575 3295 1762 3319 manuum
1793 3277 2096 3332 impositionibus
2115 3276 2165 3313 ab
2187 3276 2377 3326 Episcopo

1263 3335 1449 3386 receptis,
1491 3334 1539 3374 ad
1569 3333 1803 3386 Episcopum
1834 3341 2008 3384 patenam
2037 3342 2126 3368 cum
2155 3327 2272 3367 hostia
2290 3357 2300 3375 ,
2343 3327 2378 3363 ἃ

1722 3386 1772 3424 25
2273 3394 2336 3419 ca-
