<?xml version="1.0" encoding="UTF-8"?>
<!DOCTYPE html PUBLIC "-//W3C//DTD XHTML 1.0 Transitional//EN"
    "http://www.w3.org/TR/xhtml1/DTD/xhtml1-transitional.dtd">
<html xmlns="http://www.w3.org/1999/xhtml" xml:lang="en" lang="en">
 <head>
  <title>
</title>
<meta http-equiv="Content-Type" content="text/html;charset=utf-8" />
  <meta name='ocr-system' content='tesseract 3.04.00' />
  <meta name='ocr-capabilities' content='ocr_page ocr_carea ocr_par ocr_line ocrx_word'/>
</head>
<body>
  <div class='ocr_page' id='page_1' title='image "./fratrispetrimari08gazzuoft_0050.png"; bbox 0 0 2605 3624; ppageno 0'>
   <div class='ocr_carea' id='block_1_1' title="bbox 276 110 1681 163">
    <p class='ocr_par' dir='ltr' id='par_1_1' title="bbox 276 110 1681 163">
     <span class='ocr_line' id='line_1_1' title="bbox 276 110 1681 163; baseline 0.008 -14"><span class='ocrx_word' id='word_1_1' title='bbox 276 114 334 163; x_wconf 61' lang='lat'><strong>54</strong></span> <span class='ocrx_word' id='word_1_2' title='bbox 1071 110 1339 157; x_wconf 84' lang='lat' dir='ltr'><strong>DISSERT.</strong></span> <span class='ocrx_word' id='word_1_3' title='bbox 1362 114 1396 157; x_wconf 91' lang='lat'><strong>1.</strong></span> <span class='ocrx_word' id='word_1_4' title='bbox 1429 113 1559 159; x_wconf 76' lang='lat' dir='ltr'><strong>CAP.</strong></span> <span class='ocrx_word' id='word_1_5' title='bbox 1582 115 1681 160; x_wconf 90' lang='lat' dir='ltr'><strong>VII.</strong></span> 
     </span>
    </p>
   </div>
   <div class='ocr_carea' id='block_1_2' title="bbox 200 186 1334 1732">
    <p class='ocr_par' dir='ltr' id='par_1_2' title="bbox 209 186 1334 828">
     <span class='ocr_line' id='line_1_2' title="bbox 278 186 1334 239; baseline 0.005 -12"><span class='ocrx_word' id='word_1_6' title='bbox 278 202 368 227; x_wconf 80' lang='lat'><strong>222.</strong></span> <span class='ocrx_word' id='word_1_7' title='bbox 399 188 501 227; x_wconf 79' lang='lat' dir='ltr'><strong>idem</strong></span> <span class='ocrx_word' id='word_1_8' title='bbox 530 186 715 227; x_wconf 82' lang='lat' dir='ltr'><strong>Ecclesiae</strong></span> <span class='ocrx_word' id='word_1_9' title='bbox 752 199 890 239; x_wconf 82' lang='lat' dir='ltr'><strong>graecae</strong></span> <span class='ocrx_word' id='word_1_10' title='bbox 919 200 1007 228; x_wconf 88' lang='lat' dir='ltr'><strong>eum</strong></span> <span class='ocrx_word' id='word_1_11' title='bbox 1037 188 1152 230; x_wconf 79' lang='lat' dir='ltr'><strong>latina</strong></span> <span class='ocrx_word' id='word_1_12' title='bbox 1181 206 1334 232; x_wconf 82' lang='lat' dir='ltr'><strong>consen-</strong></span> 
     </span>
     <span class='ocr_line' id='line_1_3' title="bbox 221 241 1334 294; baseline 0.006 -16"><span class='ocrx_word' id='word_1_13' title='bbox 221 255 282 279; x_wconf 85' lang='lat' dir='ltr'><strong>sus</strong></span> <span class='ocrx_word' id='word_1_14' title='bbox 313 251 435 292; x_wconf 73' lang='lat' dir='ltr'><strong>postea</strong></span> <span class='ocrx_word' id='word_1_15' title='bbox 464 241 586 278; x_wconf 79' lang='lat' dir='ltr'><strong>adhuc</strong></span> <span class='ocrx_word' id='word_1_16' title='bbox 618 244 735 293; x_wconf 81' lang='lat' dir='ltr'><strong>magis</strong></span> <span class='ocrx_word' id='word_1_17' title='bbox 754 243 957 294; x_wconf 82' lang='lat' dir='ltr'><strong>apparuit,</strong></span> <span class='ocrx_word' id='word_1_18' title='bbox 987 245 1139 294; x_wconf 80' lang='lat' dir='ltr'><strong>quando</strong></span> <span class='ocrx_word' id='word_1_19' title='bbox 1169 248 1334 285; x_wconf 72' lang='lat' dir='ltr'><strong>famosus</strong></span> 
     </span>
     <span class='ocr_line' id='line_1_4' title="bbox 220 294 1332 345; baseline 0.006 -14"><span class='ocrx_word' id='word_1_20' title='bbox 220 294 387 345; x_wconf 71' lang='lat' dir='ltr'><strong>Cyrillus</strong></span> <span class='ocrx_word' id='word_1_21' title='bbox 410 295 565 332; x_wconf 83' lang='lat' dir='ltr'><strong>Lucaris</strong></span> <span class='ocrx_word' id='word_1_22' title='bbox 585 295 833 334; x_wconf 69' lang='lat' dir='ltr'><strong>Calvinietica</strong></span> <span class='ocrx_word' id='word_1_23' title='bbox 864 295 925 332; x_wconf 84' lang='lat' dir='ltr'><strong>lue</strong></span> <span class='ocrx_word' id='word_1_24' title='bbox 954 298 1114 336; x_wconf 78' lang='lat' dir='ltr'><strong>insectus</strong></span> <span class='ocrx_word' id='word_1_25' title='bbox 1141 300 1189 338; x_wconf 77' lang='lat' dir='ltr'><strong>ad</strong></span> <span class='ocrx_word' id='word_1_26' title='bbox 1209 300 1332 338; x_wconf 77' lang='lat' dir='ltr'><strong>Thro-</strong></span> 
     </span>
     <span class='ocr_line' id='line_1_5' title="bbox 217 348 1333 404; baseline 0.009 -22"><span class='ocrx_word' id='word_1_27' title='bbox 217 359 311 383; x_wconf 87' lang='lat' dir='ltr'><strong>num</strong></span> <span class='ocrx_word' id='word_1_28' title='bbox 342 348 797 399; x_wconf 73' lang='lat' dir='ltr'><strong>Constantinopolitanum</strong></span> <span class='ocrx_word' id='word_1_29' title='bbox 829 350 956 400; x_wconf 77' lang='lat' dir='ltr'><strong>Legati</strong></span> <span class='ocrx_word' id='word_1_30' title='bbox 974 349 1190 390; x_wconf 77' lang='lat' dir='ltr'><strong>Hollandici</strong></span> <span class='ocrx_word' id='word_1_31' title='bbox 1218 366 1333 404; x_wconf 78' lang='lat' dir='ltr'><strong>opera</strong></span> 
     </span>
     <span class='ocr_line' id='line_1_6' title="bbox 216 401 1333 455; baseline 0.008 -20"><span class='ocrx_word' id='word_1_32' title='bbox 216 408 366 437; x_wconf 78' lang='lat' dir='ltr'><strong>evectus</strong></span> <span class='ocrx_word' id='word_1_33' title='bbox 398 402 496 438; x_wconf 73' lang='lat' dir='ltr'><strong>tuit.</strong></span> <span class='ocrx_word' id='word_1_34' title='bbox 537 401 710 439; x_wconf 77' lang='lat' dir='ltr'><strong>Simulac</strong></span> <span class='ocrx_word' id='word_1_35' title='bbox 739 404 839 440; x_wconf 83' lang='lat' dir='ltr'><strong>euim</strong></span> <span class='ocrx_word' id='word_1_36' title='bbox 870 401 1074 455; x_wconf 77' lang='lat' dir='ltr'><strong>sacrilegus</strong></span> <span class='ocrx_word' id='word_1_37' title='bbox 1109 404 1176 442; x_wconf 86' lang='lat' dir='ltr'><strong>ille</strong></span> <span class='ocrx_word' id='word_1_38' title='bbox 1205 406 1333 445; x_wconf 74' lang='lat' dir='ltr'><strong>Calvi-</strong></span> 
     </span>
     <span class='ocr_line' id='line_1_7' title="bbox 214 452 1329 507; baseline 0.008 -19"><span class='ocrx_word' id='word_1_39' title='bbox 214 452 348 489; x_wconf 74' lang='lat' dir='ltr'><strong>niauos</strong></span> <span class='ocrx_word' id='word_1_40' title='bbox 378 466 519 497; x_wconf 78' lang='lat' dir='ltr'><strong>errores</strong></span> <span class='ocrx_word' id='word_1_41' title='bbox 547 468 721 507; x_wconf 79' lang='lat' dir='ltr'><strong>spargere</strong></span> <span class='ocrx_word' id='word_1_42' title='bbox 750 457 896 507; x_wconf 85' lang='lat' dir='ltr'><strong>coepit,</strong></span> <span class='ocrx_word' id='word_1_43' title='bbox 932 456 981 493; x_wconf 87' lang='lat' dir='ltr'><strong>ab</strong></span> <span class='ocrx_word' id='word_1_44' title='bbox 1012 456 1116 496; x_wconf 83' lang='lat' dir='ltr'><strong>illius</strong></span> <span class='ocrx_word' id='word_1_45' title='bbox 1144 459 1329 497; x_wconf 75' lang='lat' dir='ltr'><strong>Ecclesiae</strong></span> 
     </span>
     <span class='ocr_line' id='line_1_8' title="bbox 211 503 1331 560; baseline 0.008 -19"><span class='ocrx_word' id='word_1_46' title='bbox 211 503 437 544; x_wconf 63' lang='lat' dir='ltr'><strong>Pron-eunus</strong></span> <span class='ocrx_word' id='word_1_47' title='bbox 465 507 562 545; x_wconf 90' lang='lat' dir='ltr'><strong>duce</strong></span> <span class='ocrx_word' id='word_1_48' title='bbox 590 509 754 560; x_wconf 84' lang='lat' dir='ltr'><strong>Georgio</strong></span> <span class='ocrx_word' id='word_1_49' title='bbox 781 510 977 557; x_wconf 71' lang='lat' dir='ltr'><strong>Coaessio,</strong></span> <span class='ocrx_word' id='word_1_50' title='bbox 1020 521 1237 560; x_wconf 79' lang='lat' dir='ltr'><strong>accusatus,</strong></span> <span class='ocrx_word' id='word_1_51' title='bbox 1266 513 1331 550; x_wconf 73' lang='lat' dir='ltr'><strong>da-</strong></span> 
     </span>
     <span class='ocr_line' id='line_1_9' title="bbox 214 559 1332 613; baseline 0.005 -18"><span class='ocrx_word' id='word_1_52' title='bbox 214 568 393 607; x_wconf 79' lang='lat' dir='ltr'><strong>mnatus,</strong></span> <span class='ocrx_word' id='word_1_53' title='bbox 435 559 650 612; x_wconf 76' lang='lat' dir='ltr'><strong>depositus,</strong></span> <span class='ocrx_word' id='word_1_54' title='bbox 692 572 804 613; x_wconf 89' lang='lat' dir='ltr'><strong>atque</strong></span> <span class='ocrx_word' id='word_1_55' title='bbox 846 564 885 600; x_wconf 92' lang='lat' dir='ltr'><strong>in</strong></span> <span class='ocrx_word' id='word_1_56' title='bbox 917 562 1078 601; x_wconf 84' lang='lat' dir='ltr'><strong>exilium</strong></span> <span class='ocrx_word' id='word_1_57' title='bbox 1107 565 1332 602; x_wconf 80' lang='lat' dir='ltr'><strong>amandatus</strong></span> 
     </span>
     <span class='ocr_line' id='line_1_10' title="bbox 214 612 1333 669; baseline 0.006 -21"><span class='ocrx_word' id='word_1_58' title='bbox 214 612 313 658; x_wconf 82' lang='lat' dir='ltr'><strong>fuit3</strong></span> <span class='ocrx_word' id='word_1_59' title='bbox 355 615 532 664; x_wconf 81' lang='lat' dir='ltr'><strong>quamvis</strong></span> <span class='ocrx_word' id='word_1_60' title='bbox 562 614 731 665; x_wconf 80' lang='lat' dir='ltr'><strong>ejusdem</strong></span> <span class='ocrx_word' id='word_1_61' title='bbox 761 615 890 666; x_wconf 82' lang='lat' dir='ltr'>Legati</span> <span class='ocrx_word' id='word_1_62' title='bbox 918 628 1060 667; x_wconf 87' lang='lat' dir='ltr'><strong>opera,</strong></span> <span class='ocrx_word' id='word_1_63' title='bbox 1098 617 1131 654; x_wconf 99' lang='grc'><strong>8(</strong></span> <span class='ocrx_word' id='word_1_64' title='bbox 1162 618 1333 669; x_wconf 78' lang='lat' dir='ltr'><strong>pecuniis</strong></span> 
     </span>
     <span class='ocr_line' id='line_1_11' title="bbox 213 667 1332 720; baseline 0.006 -19"><span class='ocrx_word' id='word_1_65' title='bbox 213 678 322 703; x_wconf 82' lang='lat' dir='ltr'><strong>suam</strong></span> <span class='ocrx_word' id='word_1_66' title='bbox 352 667 476 704; x_wconf 84' lang='lat' dir='ltr'><strong>sedem</strong></span> <span class='ocrx_word' id='word_1_67' title='bbox 507 680 581 704; x_wconf 88' lang='lat' dir='ltr'><strong>uon</strong></span> <span class='ocrx_word' id='word_1_68' title='bbox 613 668 731 706; x_wconf 87' lang='lat' dir='ltr'><strong>multo</strong></span> <span class='ocrx_word' id='word_1_69' title='bbox 761 678 838 719; x_wconf 86' lang='lat' dir='ltr'><strong>post</strong></span> <span class='ocrx_word' id='word_1_70' title='bbox 867 672 1174 720; x_wconf 82' lang='lat' dir='ltr'><strong>recuperaverit3</strong></span> <span class='ocrx_word' id='word_1_71' title='bbox 1212 672 1332 709; x_wconf 86' lang='lat' dir='ltr'><strong>donec</strong></span> 
     </span>
     <span class='ocr_line' id='line_1_12' title="bbox 212 719 1333 776; baseline 0.006 -21"><span class='ocrx_word' id='word_1_72' title='bbox 212 719 366 756; x_wconf 64' lang='lat' dir='ltr'><strong>taudem</strong></span> <span class='ocrx_word' id='word_1_73' title='bbox 396 734 458 756; x_wconf 84' lang='lat' dir='ltr'><strong>au.</strong></span> <span class='ocrx_word' id='word_1_74' title='bbox 495 720 609 758; x_wconf 77' lang='lat'><strong>1638.</strong></span> <span class='ocrx_word' id='word_1_75' title='bbox 653 722 805 758; x_wconf 77' lang='lat' dir='ltr'><strong>meritas</strong></span> <span class='ocrx_word' id='word_1_76' title='bbox 842 735 920 758; x_wconf 83' lang='lat' dir='ltr'><strong>suae</strong></span> <span class='ocrx_word' id='word_1_77' title='bbox 965 724 1169 774; x_wconf 84' lang='lat' dir='ltr'><strong>impietatis</strong></span> <span class='ocrx_word' id='word_1_78' title='bbox 1201 738 1333 776; x_wconf 80' lang='lat' dir='ltr'><strong>poenas</strong></span> 
     </span>
     <span class='ocr_line' id='line_1_13' title="bbox 209 771 1331 828; baseline 0.007 -20"><span class='ocrx_word' id='word_1_79' title='bbox 209 771 340 820; x_wconf 87' lang='lat' dir='ltr'><strong>dedit,</strong></span> <span class='ocrx_word' id='word_1_80' title='bbox 362 774 499 810; x_wconf 88' lang='lat' dir='ltr'><strong>iterum</strong></span> <span class='ocrx_word' id='word_1_81' title='bbox 521 784 780 811; x_wconf 81' lang='lat' dir='ltr'>exauctoratus</span> <span class='ocrx_word' id='word_1_82' title='bbox 797 804 806 821; x_wconf 91' lang='lat'><strong>,</strong></span> <span class='ocrx_word' id='word_1_83' title='bbox 828 774 861 810; x_wconf 88' lang='grc'><strong>8(</strong></span> <span class='ocrx_word' id='word_1_84' title='bbox 877 774 1012 826; x_wconf 87' lang='lat' dir='ltr'><strong>laqueo</strong></span> <span class='ocrx_word' id='word_1_85' title='bbox 1027 774 1229 814; x_wconf 80' lang='lat' dir='ltr'><strong>suffocatus</strong></span> <span class='ocrx_word' id='word_1_86' title='bbox 1245 778 1331 828; x_wconf 79' lang='lat' dir='ltr'><strong>(a).</strong></span> 
     </span>
    </p>

    <p class='ocr_par' dir='ltr' id='par_1_3' title="bbox 204 827 1334 1362">
     <span class='ocr_line' id='line_1_14' title="bbox 267 827 1334 880; baseline 0.006 -17"><span class='ocrx_word' id='word_1_87' title='bbox 267 827 360 863; x_wconf 77' lang='lat'><strong>225.</strong></span> <span class='ocrx_word' id='word_1_88' title='bbox 389 827 542 863; x_wconf 80' lang='lat' dir='ltr'>Interim</span> <span class='ocrx_word' id='word_1_89' title='bbox 574 841 663 864; x_wconf 91' lang='lat' dir='ltr'><strong>vero</strong></span> <span class='ocrx_word' id='word_1_90' title='bbox 689 841 870 880; x_wconf 63' lang='lat' dir='ltr'><strong>quaenam</strong></span> <span class='ocrx_word' id='word_1_91' title='bbox 901 828 1014 865; x_wconf 84' lang='lat' dir='ltr'><strong>fuerit</strong></span> <span class='ocrx_word' id='word_1_92' title='bbox 1042 839 1128 867; x_wconf 85' lang='lat' dir='ltr'><strong>aute</strong></span> <span class='ocrx_word' id='word_1_93' title='bbox 1149 859 1159 878; x_wconf 94' lang='lat'><strong>,</strong></span> <span class='ocrx_word' id='word_1_94' title='bbox 1190 830 1223 866; x_wconf 85' lang='grc'><strong>8(</strong></span> <span class='ocrx_word' id='word_1_95' title='bbox 1254 839 1334 880; x_wconf 85' lang='lat' dir='ltr'><strong>post</strong></span> 
     </span>
     <span class='ocr_line' id='line_1_15' title="bbox 209 878 1332 934; baseline 0.004 -18"><span class='ocrx_word' id='word_1_96' title='bbox 209 878 406 930; x_wconf 86' lang='lat' dir='ltr'><strong>Cyrillum</strong></span> <span class='ocrx_word' id='word_1_97' title='bbox 436 880 625 917; x_wconf 65' lang='lat' dir='ltr'><strong>Lucerem</strong></span> <span class='ocrx_word' id='word_1_98' title='bbox 653 879 839 918; x_wconf 81' lang='lat' dir='ltr'><strong>Ecclesiae</strong></span> <span class='ocrx_word' id='word_1_99' title='bbox 868 893 1006 930; x_wconf 76' lang='lat' dir='ltr'><strong>graecae</strong></span> <span class='ocrx_word' id='word_1_100' title='bbox 1036 881 1129 919; x_wconf 90' lang='lat' dir='ltr'><strong>fides</strong></span> <span class='ocrx_word' id='word_1_101' title='bbox 1149 911 1160 930; x_wconf 92' lang='lat'><strong>,</strong></span> <span class='ocrx_word' id='word_1_102' title='bbox 1203 882 1332 934; x_wconf 78' lang='lat' dir='ltr'><strong>palam</strong></span> 
     </span>
     <span class='ocr_line' id='line_1_16' title="bbox 210 932 1334 988; baseline 0.007 -20"><span class='ocrx_word' id='word_1_103' title='bbox 210 932 355 970; x_wconf 78' lang='lat' dir='ltr'><strong>factum</strong></span> <span class='ocrx_word' id='word_1_104' title='bbox 385 942 435 969; x_wconf 83' lang='lat' dir='ltr'><strong>est</strong></span> <span class='ocrx_word' id='word_1_105' title='bbox 464 932 535 970; x_wconf 82' lang='lat' dir='ltr'><strong>sub</strong></span> <span class='ocrx_word' id='word_1_106' title='bbox 563 932 712 970; x_wconf 85' lang='lat' dir='ltr'><strong>duobus</strong></span> <span class='ocrx_word' id='word_1_107' title='bbox 740 932 822 983; x_wconf 85' lang='lat' dir='ltr'><strong>ejus</strong></span> <span class='ocrx_word' id='word_1_108' title='bbox 838 932 1152 984; x_wconf 87' lang='lat' dir='ltr'><strong>Successoribus,</strong></span> <span class='ocrx_word' id='word_1_109' title='bbox 1182 936 1334 988; x_wconf 88' lang='lat' dir='ltr'><strong>Cyrillo</strong></span> 
     </span>
     <span class='ocr_line' id='line_1_17' title="bbox 209 984 1332 1042; baseline 0.006 -20"><span class='ocrx_word' id='word_1_110' title='bbox 209 984 459 1032; x_wconf 72' lang='lat' dir='ltr'><strong>Berrhoensi,</strong></span> <span class='ocrx_word' id='word_1_111' title='bbox 503 984 536 1019; x_wconf 87' lang='grc'><strong>8(</strong></span> <span class='ocrx_word' id='word_1_112' title='bbox 567 984 766 1023; x_wconf 84' lang='lat' dir='ltr'><strong>Parthenio</strong></span> <span class='ocrx_word' id='word_1_113' title='bbox 808 986 984 1033; x_wconf 82' lang='lat' dir='ltr'><strong>seniore3</strong></span> <span class='ocrx_word' id='word_1_114' title='bbox 1025 1001 1190 1039; x_wconf 73' lang='lat' dir='ltr'><strong>quorum</strong></span> <span class='ocrx_word' id='word_1_115' title='bbox 1228 991 1332 1042; x_wconf 88' lang='lat' dir='ltr'><strong>prior</strong></span> 
     </span>
     <span class='ocr_line' id='line_1_18' title="bbox 208 1038 1330 1092; baseline 0.006 -18"><span class='ocrx_word' id='word_1_116' title='bbox 208 1038 366 1076; x_wconf 78' lang='lat' dir='ltr'><strong>collecta</strong></span> <span class='ocrx_word' id='word_1_117' title='bbox 394 1038 549 1090; x_wconf 72' lang='lat' dir='ltr'><strong>Synodo</strong></span> <span class='ocrx_word' id='word_1_118' title='bbox 576 1038 717 1091; x_wconf 75' lang='lat' dir='ltr'><strong>cyrilli</strong></span> <span class='ocrx_word' id='word_1_119' title='bbox 747 1039 905 1078; x_wconf 82' lang='lat' dir='ltr'><strong>Lucaris</strong></span> <span class='ocrx_word' id='word_1_120' title='bbox 934 1054 1079 1079; x_wconf 87' lang='lat' dir='ltr'><strong>errores</strong></span> <span class='ocrx_word' id='word_1_121' title='bbox 1107 1055 1264 1092; x_wconf 88' lang='lat' dir='ltr'><strong>omnes,</strong></span> <span class='ocrx_word' id='word_1_122' title='bbox 1296 1044 1330 1080; x_wconf 85' lang='lat'>&amp;</span> 
     </span>
     <span class='ocr_line' id='line_1_19' title="bbox 207 1091 1329 1144; baseline 0.007 -17"><span class='ocrx_word' id='word_1_123' title='bbox 207 1091 545 1142; x_wconf 25' lang='lat' dir='ltr'><strong>principue-illum</strong></span> <span class='ocrx_word' id='word_1_124' title='bbox 563 1121 575 1139; x_wconf 92' lang='lat'><strong>,</strong></span> <span class='ocrx_word' id='word_1_125' title='bbox 612 1104 690 1144; x_wconf 92' lang='lat' dir='ltr'><strong>quo</strong></span> <span class='ocrx_word' id='word_1_126' title='bbox 718 1102 859 1144; x_wconf 83' lang='lat' dir='ltr'>septem</span> <span class='ocrx_word' id='word_1_127' title='bbox 890 1092 1075 1132; x_wconf 72' lang='lat' dir='ltr'><strong>Ecclesiae</strong></span> <span class='ocrx_word' id='word_1_128' title='bbox 1104 1095 1329 1135; x_wconf 83' lang='lat' dir='ltr'><strong>Sacramen-</strong></span> 
     </span>
     <span class='ocr_line' id='line_1_20' title="bbox 209 1143 1330 1200; baseline 0.007 -19"><span class='ocrx_word' id='word_1_129' title='bbox 209 1153 247 1181; x_wconf 75' lang='lat' dir='ltr'><strong>ta</strong></span> <span class='ocrx_word' id='word_1_130' title='bbox 276 1145 504 1196; x_wconf 80' lang='lat' dir='ltr'>respuebat,</span> <span class='ocrx_word' id='word_1_131' title='bbox 550 1143 709 1197; x_wconf 83' lang='lat' dir='ltr'><strong>ejusque</strong></span> <span class='ocrx_word' id='word_1_132' title='bbox 737 1159 938 1198; x_wconf 79' lang='lat' dir='ltr'>personam</span> <span class='ocrx_word' id='word_1_133' title='bbox 976 1161 1170 1200; x_wconf 79' lang='lat' dir='ltr'><strong>expresse,</strong></span> <span class='ocrx_word' id='word_1_134' title='bbox 1208 1149 1243 1186; x_wconf 86' lang='grc'><strong>8(</strong></span> <span class='ocrx_word' id='word_1_135' title='bbox 1270 1152 1330 1189; x_wconf 90' lang='lat' dir='ltr'><strong>di-</strong></span> 
     </span>
     <span class='ocr_line' id='line_1_21' title="bbox 204 1197 1328 1256; baseline 0.007 -22"><span class='ocrx_word' id='word_1_136' title='bbox 204 1198 338 1236; x_wconf 72' lang='lat' dir='ltr'><strong>stincte</strong></span> <span class='ocrx_word' id='word_1_137' title='bbox 367 1197 723 1238; x_wconf 82' lang='lat' dir='ltr'><strong>anathematizavit.</strong></span> <span class='ocrx_word' id='word_1_138' title='bbox 754 1199 918 1238; x_wconf 78' lang='lat' dir='ltr'>Aderant</span> <span class='ocrx_word' id='word_1_139' title='bbox 946 1211 1072 1240; x_wconf 81' lang='lat' dir='ltr'><strong>autem</strong></span> <span class='ocrx_word' id='word_1_140' title='bbox 1094 1201 1184 1242; x_wconf 86' lang='lat' dir='ltr'><strong>huic</strong></span> <span class='ocrx_word' id='word_1_141' title='bbox 1204 1203 1328 1256; x_wconf 84' lang='lat' dir='ltr'><strong>Syno-</strong></span> 
     </span>
     <span class='ocr_line' id='line_1_22' title="bbox 209 1251 1329 1306; baseline 0.008 -19"><span class='ocrx_word' id='word_1_142' title='bbox 209 1251 287 1299; x_wconf 86' lang='lat' dir='ltr'><strong>do,</strong></span> <span class='ocrx_word' id='word_1_143' title='bbox 317 1262 455 1303; x_wconf 84' lang='lat' dir='ltr'><strong>praeter</strong></span> <span class='ocrx_word' id='word_1_144' title='bbox 484 1251 695 1304; x_wconf 83' lang='lat' dir='ltr'><strong>Episcopos</strong></span> <span class='ocrx_word' id='word_1_145' title='bbox 724 1260 798 1290; x_wconf 84' lang='lat' dir='ltr'><strong>tres</strong></span> <span class='ocrx_word' id='word_1_146' title='bbox 826 1267 941 1305; x_wconf 86' lang='lat' dir='ltr'><strong>supra</strong></span> <span class='ocrx_word' id='word_1_147' title='bbox 970 1256 1125 1306; x_wconf 83' lang='lat' dir='ltr'><strong>viginti,</strong></span> <span class='ocrx_word' id='word_1_148' title='bbox 1155 1257 1231 1295; x_wconf 89' lang='lat' dir='ltr'><strong>duo</strong></span> <span class='ocrx_word' id='word_1_149' title='bbox 1259 1257 1329 1296; x_wconf 69' lang='lat' dir='ltr'><strong>Pa-</strong></span> 
     </span>
     <span class='ocr_line' id='line_1_23' title="bbox 206 1304 1297 1362; baseline 0.008 -22"><span class='ocrx_word' id='word_1_150' title='bbox 206 1304 750 1354; x_wconf 69' lang='lat' dir='ltr'><strong>triarchae‚·Alexandrimis‚</strong></span> <span class='ocrx_word' id='word_1_151' title='bbox 780 1306 814 1342; x_wconf 87' lang='grc'><strong>8(</strong></span> <span class='ocrx_word' id='word_1_152' title='bbox 844 1307 1181 1361; x_wconf 80' lang='lat' dir='ltr'><strong>Jerosolymitanus</strong></span> <span class='ocrx_word' id='word_1_153' title='bbox 1211 1309 1267 1362; x_wconf 80' lang='lat' dir='ltr'><strong>(b)</strong></span> <span class='ocrx_word' id='word_1_154' title='bbox 1288 1337 1297 1350; x_wconf 89' lang='lat'><strong>.</strong></span> 
     </span>
    </p>

    <p class='ocr_par' dir='ltr' id='par_1_4' title="bbox 200 1357 1328 1732">
     <span class='ocr_line' id='line_1_24' title="bbox 261 1357 1328 1414; baseline 0.007 -19"><span class='ocrx_word' id='word_1_155' title='bbox 261 1357 351 1402; x_wconf 66' lang='lat'><strong>224.</strong></span> <span class='ocrx_word' id='word_1_156' title='bbox 383 1358 605 1397; x_wconf 79' lang='lat' dir='ltr'><strong>Parthenius</strong></span> <span class='ocrx_word' id='word_1_157' title='bbox 634 1368 761 1398; x_wconf 83' lang='lat' dir='ltr'><strong>autem</strong></span> <span class='ocrx_word' id='word_1_158' title='bbox 789 1362 914 1398; x_wconf 88' lang='lat' dir='ltr'><strong>senior</strong></span> <span class='ocrx_word' id='word_1_159' title='bbox 933 1390 943 1409; x_wconf 86' lang='lat'><strong>,</strong></span> <span class='ocrx_word' id='word_1_160' title='bbox 973 1363 1039 1414; x_wconf 86' lang='lat' dir='ltr'><strong>qui</strong></span> <span class='ocrx_word' id='word_1_161' title='bbox 1060 1363 1210 1414; x_wconf 86' lang='lat' dir='ltr'><strong>Cyrillo</strong></span> <span class='ocrx_word' id='word_1_162' title='bbox 1239 1365 1328 1403; x_wconf 76' lang='lat' dir='ltr'><strong>Ber-</strong></span> 
     </span>
     <span class='ocr_line' id='line_1_25' title="bbox 203 1409 1328 1468; baseline 0.008 -21"><span class='ocrx_word' id='word_1_163' title='bbox 203 1409 357 1448; x_wconf 82' lang='lat' dir='ltr'><strong>rhoensi</strong></span> <span class='ocrx_word' id='word_1_164' title='bbox 386 1413 583 1459; x_wconf 88' lang='lat' dir='ltr'><strong>successit,</strong></span> <span class='ocrx_word' id='word_1_165' title='bbox 613 1414 789 1464; x_wconf 80' lang='lat' dir='ltr'><strong>quamvis</strong></span> <span class='ocrx_word' id='word_1_166' title='bbox 817 1414 947 1451; x_wconf 87' lang='lat' dir='ltr'><strong>fuisset</strong></span> <span class='ocrx_word' id='word_1_167' title='bbox 975 1429 1066 1453; x_wconf 89' lang='lat' dir='ltr'><strong>cum</strong></span> <span class='ocrx_word' id='word_1_168' title='bbox 1086 1416 1235 1468; x_wconf 83' lang='lat' dir='ltr'><strong>Cyrillo</strong></span> <span class='ocrx_word' id='word_1_169' title='bbox 1250 1419 1328 1456; x_wconf 78' lang='lat' dir='ltr'><strong>Lu-</strong></span> 
     </span>
     <span class='ocr_line' id='line_1_26' title="bbox 203 1464 1327 1522; baseline 0.009 -23"><span class='ocrx_word' id='word_1_170' title='bbox 203 1465 284 1500; x_wconf 82' lang='lat' dir='ltr'><strong>cari</strong></span> <span class='ocrx_word' id='word_1_171' title='bbox 314 1465 485 1501; x_wconf 79' lang='lat' dir='ltr'><strong>amicitia</strong></span> <span class='ocrx_word' id='word_1_172' title='bbox 513 1464 695 1514; x_wconf 86' lang='lat' dir='ltr'><strong>junctus,</strong></span> <span class='ocrx_word' id='word_1_173' title='bbox 733 1479 810 1503; x_wconf 87' lang='lat' dir='ltr'><strong>non</strong></span> <span class='ocrx_word' id='word_1_174' title='bbox 840 1468 959 1517; x_wconf 86' lang='lat' dir='ltr'><strong>potuit</strong></span> <span class='ocrx_word' id='word_1_175' title='bbox 987 1476 1113 1507; x_wconf 84' lang='lat' dir='ltr'><strong>tamen</strong></span> <span class='ocrx_word' id='word_1_176' title='bbox 1150 1470 1232 1522; x_wconf 85' lang='lat' dir='ltr'><strong>ejus</strong></span> <span class='ocrx_word' id='word_1_177' title='bbox 1261 1472 1327 1509; x_wconf 88' lang='lat' dir='ltr'><strong>do·</strong></span> 
     </span>
     <span class='ocr_line' id='line_1_27' title="bbox 201 1517 1327 1572; baseline 0.009 -20"><span class='ocrx_word' id='word_1_178' title='bbox 201 1518 365 1553; x_wconf 84' lang='lat' dir='ltr'><strong>ctriuam</strong></span> <span class='ocrx_word' id='word_1_179' title='bbox 394 1517 636 1568; x_wconf 84' lang='lat' dir='ltr'><strong>approbare;</strong></span> <span class='ocrx_word' id='word_1_180' title='bbox 677 1518 741 1554; x_wconf 84' lang='lat' dir='ltr'><strong>sed</strong></span> <span class='ocrx_word' id='word_1_181' title='bbox 770 1519 944 1556; x_wconf 83' lang='lat' dir='ltr'><strong>eamdem</strong></span> <span class='ocrx_word' id='word_1_182' title='bbox 974 1522 1212 1572; x_wconf 84' lang='lat' dir='ltr'>proscribere</span> <span class='ocrx_word' id='word_1_183' title='bbox 1241 1536 1327 1563; x_wconf 80' lang='lat' dir='ltr'><strong>coa-</strong></span> 
     </span>
     <span class='ocr_line' id='line_1_28' title="bbox 201 1569 1326 1629; baseline 0.01 -24"><span class='ocrx_word' id='word_1_184' title='bbox 201 1577 283 1606; x_wconf 86' lang='lat' dir='ltr'><strong>ctus</strong></span> <span class='ocrx_word' id='word_1_185' title='bbox 313 1578 364 1607; x_wconf 90' lang='lat' dir='ltr'><strong>est</strong></span> <span class='ocrx_word' id='word_1_186' title='bbox 392 1569 431 1608; x_wconf 86' lang='grc'><strong>111</strong></span> <span class='ocrx_word' id='word_1_187' title='bbox 462 1569 617 1621; x_wconf 87' lang='lat' dir='ltr'><strong>Synodo</strong></span> <span class='ocrx_word' id='word_1_188' title='bbox 646 1569 818 1621; x_wconf 87' lang='lat' dir='ltr'><strong>plurium</strong></span> <span class='ocrx_word' id='word_1_189' title='bbox 839 1571 1174 1623; x_wconf 84' lang='lat' dir='ltr'><strong>Metropolitarum</strong></span> <span class='ocrx_word' id='word_1_190' title='bbox 1192 1606 1203 1624; x_wconf 91' lang='lat'><strong>,</strong></span> <span class='ocrx_word' id='word_1_191' title='bbox 1232 1577 1326 1629; x_wconf 85' lang='lat' dir='ltr'>Epi-</span> 
     </span>
     <span class='ocr_line' id='line_1_29' title="bbox 201 1622 1325 1675; baseline 0.007 -16"><span class='ocrx_word' id='word_1_192' title='bbox 201 1635 402 1674; x_wconf 86' lang='lat' dir='ltr'><strong>scoporum</strong></span> <span class='ocrx_word' id='word_1_193' title='bbox 422 1653 433 1669; x_wconf 88' lang='lat'><strong>,</strong></span> <span class='ocrx_word' id='word_1_194' title='bbox 463 1622 751 1674; x_wconf 85' lang='lat' dir='ltr'><strong>multorumque</strong></span> <span class='ocrx_word' id='word_1_195' title='bbox 780 1624 888 1662; x_wconf 81' lang='lat' dir='ltr'><strong>Sacri</strong></span> <span class='ocrx_word' id='word_1_196' title='bbox 916 1625 1071 1664; x_wconf 84' lang='lat' dir='ltr'>Ordinis</span> <span class='ocrx_word' id='word_1_197' title='bbox 1100 1627 1325 1675; x_wconf 79' lang='lat' dir='ltr'><strong>hominum3</strong></span> 
     </span>
     <span class='ocr_line' id='line_1_30' title="bbox 200 1672 1326 1732; baseline 0.008 -21"><span class='ocrx_word' id='word_1_198' title='bbox 200 1677 297 1726; x_wconf 89' lang='lat' dir='ltr'><strong>qui,</strong></span> <span class='ocrx_word' id='word_1_199' title='bbox 329 1684 367 1714; x_wconf 87' lang='lat' dir='ltr'><strong>ut</strong></span> <span class='ocrx_word' id='word_1_200' title='bbox 396 1677 447 1713; x_wconf 81' lang='lat' dir='ltr'><strong>ait</strong></span> <span class='ocrx_word' id='word_1_201' title='bbox 478 1677 656 1714; x_wconf 81' lang='lat' dir='ltr'><strong>Arseuius</strong></span> <span class='ocrx_word' id='word_1_202' title='bbox 684 1672 964 1715; x_wconf 82' lang='lat' dir='ltr'><strong>Hie‘romachus</strong></span> <span class='ocrx_word' id='word_1_203' title='bbox 995 1680 1032 1717; x_wconf 89' lang='lat' dir='ltr'><strong>iu</strong></span> <span class='ocrx_word' id='word_1_204' title='bbox 1062 1682 1170 1732; x_wconf 83' lang='lat' dir='ltr'><strong>epist.</strong></span> <span class='ocrx_word' id='word_1_205' title='bbox 1202 1683 1326 1720; x_wconf 86' lang='lat' dir='ltr'><strong>eidem</strong></span> 
     </span>
    </p>
   </div>
   <div class='ocr_carea' id='block_1_3' title="bbox 199 1728 1328 1783">
    <p class='ocr_par' dir='ltr' id='par_1_5' title="bbox 199 1728 1328 1783">
     <span class='ocr_line' id='line_1_31' title="bbox 199 1728 1328 1783; baseline 0.005 -16"><span class='ocrx_word' id='word_1_206' title='bbox 199 1728 355 1781; x_wconf 80' lang='lat' dir='ltr'><strong>Syuodo</strong></span> <span class='ocrx_word' id='word_1_207' title='bbox 384 1729 547 1783; x_wconf 67' lang='lat' dir='ltr'><strong>praefixa</strong></span> <span class='ocrx_word' id='word_1_208' title='bbox 583 1733 599 1782; x_wconf 92' lang='lat'>(</span> <span class='ocrx_word' id='word_1_209' title='bbox 620 1730 721 1781; x_wconf 79' lang='lat' dir='ltr'><strong>apud</strong></span> <span class='ocrx_word' id='word_1_210' title='bbox 743 1730 908 1769; x_wconf 82' lang='lat' dir='ltr'>Leonem</span> <span class='ocrx_word' id='word_1_211' title='bbox 930 1731 1118 1772; x_wconf 80' lang='lat' dir='ltr'><strong>Allatium</strong></span> <span class='ocrx_word' id='word_1_212' title='bbox 1139 1734 1202 1774; x_wconf 86' lang='lat' dir='ltr'><strong>De</strong></span> <span class='ocrx_word' id='word_1_213' title='bbox 1227 1734 1328 1775; x_wconf 84' lang='lat' dir='ltr'><strong>Con-</strong></span> 
     </span>
    </p>
   </div>
   <div class='ocr_carea' id='block_1_4' title="bbox 158 1863 1326 3393">
    <p class='ocr_par' dir='ltr' id='par_1_6' title="bbox 194 1863 1326 2782">
     <span class='ocr_line' id='line_1_32' title="bbox 198 1863 1325 1908; baseline 0.012 -14"><span class='ocrx_word' id='word_1_214' title='bbox 198 1863 445 1907; x_wconf 72' lang='lat' dir='ltr'><strong>Theologorum</strong></span> <span class='ocrx_word' id='word_1_215' title='bbox 469 1864 820 1908; x_wconf 67' lang='lat' dir='ltr'><strong>{Virtenbcrgensium</strong></span> <span class='ocrx_word' id='word_1_216' title='bbox 846 1868 888 1899; x_wconf 63' lang='grc' dir='ltr'><em>Θ</em></span> <span class='ocrx_word' id='word_1_217' title='bbox 916 1865 1125 1901; x_wconf 76' lang='lat' dir='ltr'><strong>Patriarchae</strong></span> <span class='ocrx_word' id='word_1_218' title='bbox 1152 1869 1325 1907; x_wconf 81' lang='lat' dir='ltr'><strong>Constan-</strong></span> 
     </span>
     <span class='ocr_line' id='line_1_33' title="bbox 199 1910 1326 1955; baseline 0.005 -11"><span class='ocrx_word' id='word_1_219' title='bbox 199 1913 344 1954; x_wconf 73' lang='lat' dir='ltr'><strong>tinopol.</strong></span> <span class='ocrx_word' id='word_1_220' title='bbox 370 1910 525 1943; x_wconf 69' lang='lat' dir='ltr'><strong>Jeremiae</strong></span> <span class='ocrx_word' id='word_1_221' title='bbox 552 1916 626 1943; x_wconf 57' lang='grc' dir='ltr'><strong>(φο.</strong></span> <span class='ocrx_word' id='word_1_222' title='bbox 653 1922 789 1955; x_wconf 81' lang='lat' dir='ltr'><strong>graece,</strong></span> <span class='ocrx_word' id='word_1_223' title='bbox 825 1915 857 1944; x_wconf 72' lang='grc' dir='ltr'>ἃ</span> <span class='ocrx_word' id='word_1_224' title='bbox 879 1913 988 1946; x_wconf 83' lang='lat' dir='ltr'><strong>latine</strong></span> <span class='ocrx_word' id='word_1_225' title='bbox 1024 1913 1127 1948; x_wconf 86' lang='lat' dir='ltr'><strong>editis</strong></span> <span class='ocrx_word' id='word_1_226' title='bbox 1154 1918 1326 1952; x_wconf 75' lang='lat' dir='ltr'><strong>W‘irtem-</strong></span> 
     </span>
     <span class='ocr_line' id='line_1_34' title="bbox 199 1955 1326 2005; baseline 0.009 -17"><span class='ocrx_word' id='word_1_227' title='bbox 199 1957 317 2000; x_wconf 75' lang='lat' dir='ltr'><strong>bergae</strong></span> <span class='ocrx_word' id='word_1_228' title='bbox 348 1955 447 1998; x_wconf 73' lang='lat'><strong>1584.</strong></span> <span class='ocrx_word' id='word_1_229' title='bbox 474 1957 509 1989; x_wconf 89' lang='lat' dir='ltr'><strong>in</strong></span> <span class='ocrx_word' id='word_1_230' title='bbox 536 1958 622 1997; x_wconf 75' lang='lat' dir='ltr'><strong>fol-3</strong></span> <span class='ocrx_word' id='word_1_231' title='bbox 659 1959 694 1989; x_wconf 91' lang='lat' dir='ltr'><strong>in</strong></span> <span class='ocrx_word' id='word_1_232' title='bbox 720 1969 867 2002; x_wconf 89' lang='lat' dir='ltr'><strong>quorum</strong></span> <span class='ocrx_word' id='word_1_233' title='bbox 894 1959 1058 1993; x_wconf 78' lang='lat' dir='ltr'><strong>Actorum</strong></span> <span class='ocrx_word' id='word_1_234' title='bbox 1084 1962 1222 2005; x_wconf 61' lang='lat' dir='ltr'><strong>praefat.</strong></span> <span class='ocrx_word' id='word_1_235' title='bbox 1249 1966 1326 1998; x_wconf 84' lang='lat' dir='ltr'><strong>fru-</strong></span> 
     </span>
     <span class='ocr_line' id='line_1_35' title="bbox 198 2003 1325 2050; baseline 0.007 -13"><span class='ocrx_word' id='word_1_236' title='bbox 198 2014 273 2037; x_wconf 71' lang='lat' dir='ltr'><strong>stra</strong></span> <span class='ocrx_word' id='word_1_237' title='bbox 299 2004 494 2037; x_wconf 74' lang='lat' dir='ltr'><strong>laboratum</strong></span> <span class='ocrx_word' id='word_1_238' title='bbox 520 2011 596 2043; x_wconf 82' lang='lat' dir='ltr'><strong>est,</strong></span> <span class='ocrx_word' id='word_1_239' title='bbox 622 2013 660 2037; x_wconf 89' lang='lat' dir='ltr'><strong>ut</strong></span> <span class='ocrx_word' id='word_1_240' title='bbox 687 2003 760 2037; x_wconf 79' lang='lat' dir='ltr'><strong>haec</strong></span> <span class='ocrx_word' id='word_1_241' title='bbox 779 2005 944 2038; x_wconf 61' lang='lat' dir='ltr'><strong>Ecclesia?</strong></span> <span class='ocrx_word' id='word_1_242' title='bbox 964 2018 1085 2050; x_wconf 76' lang='lat' dir='ltr'><strong>graecae</strong></span> <span class='ocrx_word' id='word_1_243' title='bbox 1104 2019 1184 2041; x_wconf 88' lang='lat' dir='ltr'><strong>cum</strong></span> <span class='ocrx_word' id='word_1_244' title='bbox 1204 2020 1325 2045; x_wconf 81' lang='lat' dir='ltr'><strong>nostra</strong></span> 
     </span>
     <span class='ocr_line' id='line_1_36' title="bbox 198 2050 1324 2090; baseline 0.006 -7"><span class='ocrx_word' id='word_1_245' title='bbox 198 2051 382 2083; x_wconf 72' lang='lat' dir='ltr'><strong>consensio</strong></span> <span class='ocrx_word' id='word_1_246' title='bbox 401 2050 692 2083; x_wconf 79' lang='lat' dir='ltr'><strong>labefactaretur.</strong></span> <span class='ocrx_word' id='word_1_247' title='bbox 719 2051 771 2083; x_wconf 85' lang='lat' dir='ltr'><strong>Ex</strong></span> <span class='ocrx_word' id='word_1_248' title='bbox 793 2051 920 2084; x_wconf 81' lang='lat' dir='ltr'><strong>nostris</strong></span> <span class='ocrx_word' id='word_1_249' title='bbox 939 2054 1166 2087; x_wconf 80' lang='lat' dir='ltr'><strong>consulantur</strong></span> <span class='ocrx_word' id='word_1_250' title='bbox 1182 2056 1324 2090; x_wconf 86' lang='lat' dir='ltr'><strong>Stanisl.</strong></span> 
     </span>
     <span class='ocr_line' id='line_1_37' title="bbox 199 2097 1325 2143; baseline 0.006 -14"><span class='ocrx_word' id='word_1_251' title='bbox 199 2097 401 2129; x_wconf 69' lang='lat' dir='ltr'><strong>Sucolovius</strong></span> <span class='ocrx_word' id='word_1_252' title='bbox 417 2117 428 2136; x_wconf 89' lang='lat'><strong>,</strong></span> <span class='ocrx_word' id='word_1_253' title='bbox 452 2097 512 2140; x_wconf 81' lang='lat' dir='ltr'><strong>qui</strong></span> <span class='ocrx_word' id='word_1_254' title='bbox 538 2097 671 2140; x_wconf 79' lang='lat' dir='ltr'><strong>primus</strong></span> <span class='ocrx_word' id='word_1_255' title='bbox 690 2097 852 2130; x_wconf 74' lang='lat' dir='ltr'><strong>Jeremiae</strong></span> <span class='ocrx_word' id='word_1_256' title='bbox 879 2109 1087 2142; x_wconf 78' lang='lat' dir='ltr'><strong>responsum</strong></span> <span class='ocrx_word' id='word_1_257' title='bbox 1105 2110 1229 2135; x_wconf 85' lang='lat' dir='ltr'><strong>nactus</strong></span> <span class='ocrx_word' id='word_1_258' title='bbox 1247 2112 1325 2143; x_wconf 88' lang='lat' dir='ltr'><strong>est,</strong></span> 
     </span>
     <span class='ocr_line' id='line_1_38' title="bbox 199 2141 1325 2183; baseline 0.007 -8"><span class='ocrx_word' id='word_1_259' title='bbox 199 2147 232 2175; x_wconf 74' lang='grc' dir='ltr'><strong>ὅ(</strong></span> <span class='ocrx_word' id='word_1_260' title='bbox 258 2155 337 2175; x_wconf 87' lang='lat' dir='ltr'><strong>cum</strong></span> <span class='ocrx_word' id='word_1_261' title='bbox 364 2141 652 2176; x_wconf 68' lang='lat' dir='ltr'><strong>adnotationibus</strong></span> <span class='ocrx_word' id='word_1_262' title='bbox 677 2141 784 2176; x_wconf 84' lang='lat' dir='ltr'><strong>edidit</strong></span> <span class='ocrx_word' id='word_1_263' title='bbox 799 2145 974 2177; x_wconf 77' lang='lat' dir='ltr'><strong>Cracoviae</strong></span> <span class='ocrx_word' id='word_1_264' title='bbox 994 2147 1093 2180; x_wconf 82' lang='lat'><strong>1582.</strong></span> <span class='ocrx_word' id='word_1_265' title='bbox 1122 2147 1156 2179; x_wconf 88' lang='lat' dir='ltr'><strong>in</strong></span> <span class='ocrx_word' id='word_1_266' title='bbox 1172 2148 1233 2180; x_wconf 89' lang='lat' dir='ltr'><strong>fol.</strong></span> <span class='ocrx_word' id='word_1_267' title='bbox 1259 2150 1325 2183; x_wconf 89' lang='lat' dir='ltr'><strong>sub</strong></span> 
     </span>
     <span class='ocr_line' id='line_1_39' title="bbox 199 2189 1325 2231; baseline 0.006 -10"><span class='ocrx_word' id='word_1_268' title='bbox 199 2189 264 2221; x_wconf 67' lang='lat' dir='ltr'><strong>hoc</strong></span> <span class='ocrx_word' id='word_1_269' title='bbox 291 2190 413 2222; x_wconf 86' lang='lat' dir='ltr'><strong>titulo:</strong></span> <span class='ocrx_word' id='word_1_270' title='bbox 447 2189 601 2222; x_wconf 71' lang='lat' dir='ltr'><strong>Censura</strong></span> <span class='ocrx_word' id='word_1_271' title='bbox 626 2190 820 2223; x_wconf 75' lang='lat' dir='ltr'><strong>orientalis</strong></span> <span class='ocrx_word' id='word_1_272' title='bbox 848 2190 1019 2231; x_wconf 68' lang='lat' dir='ltr'><strong>Ecclesia·</strong></span> <span class='ocrx_word' id='word_1_273' title='bbox 1045 2202 1164 2226; x_wconf 87' lang='lat' dir='ltr'><strong>contra</strong></span> <span class='ocrx_word' id='word_1_274' title='bbox 1190 2195 1325 2228; x_wconf 74' lang='lat' dir='ltr'><strong>haereti-</strong></span> 
     </span>
     <span class='ocr_line' id='line_1_40' title="bbox 196 2236 1326 2275; baseline 0.006 -8"><span class='ocrx_word' id='word_1_275' title='bbox 196 2249 257 2267; x_wconf 67' lang='lat' dir='ltr'><strong>cos</strong></span> <span class='ocrx_word' id='word_1_276' title='bbox 284 2240 393 2267; x_wconf 77' lang='lat' dir='ltr'><strong>nostri</strong></span> <span class='ocrx_word' id='word_1_277' title='bbox 421 2238 556 2275; x_wconf 72' lang='lat' dir='ltr'><strong>saculi.</strong></span> <span class='ocrx_word' id='word_1_278' title='bbox 581 2236 744 2269; x_wconf 85' lang='lat' dir='ltr'><strong>Emman·</strong></span> <span class='ocrx_word' id='word_1_279' title='bbox 773 2249 790 2268; x_wconf 82' lang='lat' dir='ltr'><strong>a</strong></span> <span class='ocrx_word' id='word_1_280' title='bbox 809 2236 1039 2272; x_wconf 78' lang='lat' dir='ltr'><strong>Schelestrate</strong></span> <span class='ocrx_word' id='word_1_281' title='bbox 1066 2240 1101 2272; x_wconf 90' lang='lat' dir='ltr'><strong>in</strong></span> <span class='ocrx_word' id='word_1_282' title='bbox 1121 2241 1226 2274; x_wconf 67' lang='lat' dir='ltr'><strong>Actis</strong></span> <span class='ocrx_word' id='word_1_283' title='bbox 1253 2241 1326 2275; x_wconf 84' lang='lat' dir='ltr'><strong>Ec-</strong></span> 
     </span>
     <span class='ocr_line' id='line_1_41' title="bbox 197 2282 1323 2332; baseline 0.005 -19"><span class='ocrx_word' id='word_1_284' title='bbox 197 2285 313 2315; x_wconf 60' lang='lat' dir='ltr'><strong>clesia*</strong></span> <span class='ocrx_word' id='word_1_285' title='bbox 332 2282 527 2314; x_wconf 83' lang='lat' dir='ltr'><strong>Orientalis</strong></span> <span class='ocrx_word' id='word_1_286' title='bbox 547 2290 665 2315; x_wconf 83' lang='lat' dir='ltr'><strong>contra</strong></span> <span class='ocrx_word' id='word_1_287' title='bbox 683 2282 826 2316; x_wconf 73' lang='lat' dir='ltr'><strong>Ltztheri</strong></span> <span class='ocrx_word' id='word_1_288' title='bbox 847 2284 1000 2317; x_wconf 79' lang='lat' dir='ltr'><strong>haeresim</strong></span> <span class='ocrx_word' id='word_1_289' title='bbox 1014 2308 1022 2317; x_wconf 91' lang='lat'><strong>.</strong></span> <span class='ocrx_word' id='word_1_290' title='bbox 1049 2287 1168 2320; x_wconf 82' lang='lat' dir='ltr'><strong>Romae</strong></span> <span class='ocrx_word' id='word_1_291' title='bbox 1194 2289 1297 2332; x_wconf 77' lang='lat'><strong>1739·</strong></span> <span class='ocrx_word' id='word_1_292' title='bbox 1312 2312 1323 2331; x_wconf 88' lang='lat'><strong>,</strong></span> 
     </span>
     <span class='ocr_line' id='line_1_42' title="bbox 195 2325 1324 2378; baseline 0.008 -19"><span class='ocrx_word' id='word_1_293' title='bbox 195 2329 306 2360; x_wconf 75' lang='lat' dir='ltr'><strong>Guiss.</strong></span> <span class='ocrx_word' id='word_1_294' title='bbox 336 2325 512 2360; x_wconf 83' lang='lat' dir='ltr'><strong>Lindanus</strong></span> <span class='ocrx_word' id='word_1_295' title='bbox 532 2327 649 2372; x_wconf 84' lang='lat' dir='ltr'><strong>Episc.</strong></span> <span class='ocrx_word' id='word_1_296' title='bbox 679 2328 990 2373; x_wconf 68' lang='lat' dir='ltr'><strong>Ruremondtmus,</strong></span> <span class='ocrx_word' id='word_1_297' title='bbox 1015 2332 1162 2366; x_wconf 87' lang='lat' dir='ltr'><strong>celebris</strong></span> <span class='ocrx_word' id='word_1_298' title='bbox 1189 2334 1263 2378; x_wconf 77' lang='lat' dir='ltr'><strong>ejus</strong></span> <span class='ocrx_word' id='word_1_299' title='bbox 1283 2347 1324 2367; x_wconf 64' lang='lat' dir='ltr'><strong>an.-</strong></span> 
     </span>
     <span class='ocr_line' id='line_1_43' title="bbox 198 2373 1324 2420; baseline 0.007 -14"><span class='ocrx_word' id='word_1_300' title='bbox 198 2375 284 2406; x_wconf 68' lang='lat' dir='ltr'><strong>:atis</strong></span> <span class='ocrx_word' id='word_1_301' title='bbox 312 2373 592 2407; x_wconf 85' lang='lat' dir='ltr'><strong>Controversista</strong></span> <span class='ocrx_word' id='word_1_302' title='bbox 607 2396 617 2414; x_wconf 90' lang='lat'><strong>,</strong></span> <span class='ocrx_word' id='word_1_303' title='bbox 645 2375 773 2418; x_wconf 81' lang='lat' dir='ltr'><strong>aliique</strong></span> <span class='ocrx_word' id='word_1_304' title='bbox 788 2397 799 2416; x_wconf 87' lang='lat'><strong>,</strong></span> <span class='ocrx_word' id='word_1_305' title='bbox 825 2377 884 2420; x_wconf 81' lang='lat' dir='ltr'><strong>qui</strong></span> <span class='ocrx_word' id='word_1_306' title='bbox 912 2375 976 2410; x_wconf 80' lang='lat' dir='ltr'><strong>hac</strong></span> <span class='ocrx_word' id='word_1_307' title='bbox 996 2377 1206 2413; x_wconf 81' lang='lat' dir='ltr'><strong>Patriarchae</strong></span> <span class='ocrx_word' id='word_1_308' title='bbox 1225 2381 1324 2414; x_wconf 86' lang='lat' dir='ltr'><strong>Jere-</strong></span> 
     </span>
     <span class='ocr_line' id='line_1_44' title="bbox 196 2420 1321 2461; baseline 0.007 -8"><span class='ocrx_word' id='word_1_309' title='bbox 196 2420 279 2453; x_wconf 64' lang='lat' dir='ltr'><strong>sniae</strong></span> <span class='ocrx_word' id='word_1_310' title='bbox 305 2420 532 2453; x_wconf 81' lang='lat' dir='ltr'><strong>Confessione</strong></span> <span class='ocrx_word' id='word_1_311' title='bbox 558 2429 679 2454; x_wconf 85' lang='lat' dir='ltr'><strong>contra</strong></span> <span class='ocrx_word' id='word_1_312' title='bbox 699 2422 872 2455; x_wconf 83' lang='lat' dir='ltr'><strong>Sectarios</strong></span> <span class='ocrx_word' id='word_1_313' title='bbox 898 2423 1050 2457; x_wconf 80' lang='lat' dir='ltr'><strong>feliciter</strong></span> <span class='ocrx_word' id='word_1_314' title='bbox 1068 2426 1122 2458; x_wconf 86' lang='lat' dir='ltr'><strong>usi</strong></span> <span class='ocrx_word' id='word_1_315' title='bbox 1148 2436 1254 2461; x_wconf 91' lang='lat' dir='ltr'><strong>sunt.</strong></span> <span class='ocrx_word' id='word_1_316' title='bbox 1285 2430 1321 2461; x_wconf 92' lang='lat' dir='ltr'><strong>In</strong></span> 
     </span>
     <span class='ocr_line' id='line_1_45' title="bbox 196 2465 1322 2507; baseline 0.011 -12"><span class='ocrx_word' id='word_1_317' title='bbox 196 2478 239 2498; x_wconf 66' lang='lat' dir='ltr'><strong>«pa</strong></span> <span class='ocrx_word' id='word_1_318' title='bbox 265 2466 357 2499; x_wconf 89' lang='lat' dir='ltr'><strong>enim</strong></span> <span class='ocrx_word' id='word_1_319' title='bbox 375 2465 544 2498; x_wconf 86' lang='lat' dir='ltr'><strong>Jeremias</strong></span> <span class='ocrx_word' id='word_1_320' title='bbox 563 2466 752 2500; x_wconf 62' lang='lat' dir='ltr'><strong>Catholicae</strong></span> <span class='ocrx_word' id='word_1_321' title='bbox 772 2468 938 2502; x_wconf 66' lang='lat' dir='ltr'><strong>Ecclesia?</strong></span> <span class='ocrx_word' id='word_1_322' title='bbox 965 2468 1160 2505; x_wconf 79' lang='lat' dir='ltr'><strong>doctrinam</strong></span> <span class='ocrx_word' id='word_1_323' title='bbox 1180 2485 1246 2507; x_wconf 90' lang='lat' dir='ltr'><strong>non</strong></span> <span class='ocrx_word' id='word_1_324' title='bbox 1266 2486 1322 2507; x_wconf 88' lang='lat' dir='ltr'><strong>so-</strong></span> 
     </span>
     <span class='ocr_line' id='line_1_46' title="bbox 194 2511 1321 2562; baseline 0.009 -19"><span class='ocrx_word' id='word_1_325' title='bbox 194 2513 271 2553; x_wconf 65' lang='grc'><strong>311111</strong></span> <span class='ocrx_word' id='word_1_326' title='bbox 297 2512 333 2544; x_wconf 87' lang='grc'><strong>111</strong></span> <span class='ocrx_word' id='word_1_327' title='bbox 357 2511 421 2545; x_wconf 82' lang='lat' dir='ltr'><strong>bac</strong></span> <span class='ocrx_word' id='word_1_328' title='bbox 447 2519 569 2555; x_wconf 79' lang='lat' dir='ltr'><strong>parte,</strong></span> <span class='ocrx_word' id='word_1_329' title='bbox 594 2512 652 2544; x_wconf 88' lang='lat' dir='ltr'><strong>sed</strong></span> <span class='ocrx_word' id='word_1_330' title='bbox 681 2514 714 2545; x_wconf 93' lang='lat' dir='ltr'><strong>in</strong></span> <span class='ocrx_word' id='word_1_331' title='bbox 740 2515 860 2548; x_wconf 85' lang='lat' dir='ltr'><strong>multis</strong></span> <span class='ocrx_word' id='word_1_332' title='bbox 880 2516 958 2549; x_wconf 78' lang='lat' dir='ltr'><strong>aliis</strong></span> <span class='ocrx_word' id='word_1_333' title='bbox 974 2517 1146 2562; x_wconf 71' lang='lat' dir='ltr'><strong>capitibus</strong></span> <span class='ocrx_word' id='word_1_334' title='bbox 1164 2518 1205 2552; x_wconf 87' lang='lat' dir='ltr'><strong>de</strong></span> <span class='ocrx_word' id='word_1_335' title='bbox 1224 2529 1321 2553; x_wconf 83' lang='lat' dir='ltr'><strong>tran-</strong></span> 
     </span>
     <span class='ocr_line' id='line_1_47' title="bbox 197 2555 1320 2610; baseline 0.008 -19"><span class='ocrx_word' id='word_1_336' title='bbox 197 2558 491 2591; x_wconf 81' lang='lat' dir='ltr'><strong>substantiatione</strong></span> <span class='ocrx_word' id='word_1_337' title='bbox 504 2578 514 2596; x_wconf 90' lang='lat'><em>‚</em></span> <span class='ocrx_word' id='word_1_338' title='bbox 539 2555 580 2589; x_wconf 86' lang='lat' dir='ltr'><strong>de</strong></span> <span class='ocrx_word' id='word_1_339' title='bbox 599 2559 697 2591; x_wconf 85' lang='lat' dir='ltr'><strong>cultu</strong></span> <span class='ocrx_word' id='word_1_340' title='bbox 715 2560 923 2595; x_wconf 81' lang='lat' dir='ltr'><strong>Sanctorum</strong></span> <span class='ocrx_word' id='word_1_341' title='bbox 936 2585 946 2603; x_wconf 91' lang='lat'><strong>,</strong></span> <span class='ocrx_word' id='word_1_342' title='bbox 973 2564 1247 2610; x_wconf 80' lang='lat' dir='ltr'><strong>eorumdemque</strong></span> <span class='ocrx_word' id='word_1_343' title='bbox 1266 2579 1320 2600; x_wconf 86' lang='lat' dir='ltr'><strong>re-</strong></span> 
     </span>
     <span class='ocr_line' id='line_1_48' title="bbox 196 2603 1325 2657; baseline 0.01 -21"><span class='ocrx_word' id='word_1_344' title='bbox 196 2604 414 2649; x_wconf 77' lang='lat' dir='ltr'><strong>liquiarum,</strong></span> <span class='ocrx_word' id='word_1_345' title='bbox 441 2607 472 2636; x_wconf 73' lang='grc' dir='ltr'>ἀ</span> <span class='ocrx_word' id='word_1_346' title='bbox 497 2603 689 2647; x_wconf 82' lang='lat' dir='ltr'><strong>imaginum</strong></span> <span class='ocrx_word' id='word_1_347' title='bbox 705 2627 715 2644; x_wconf 90' lang='lat'>‚</span> <span class='ocrx_word' id='word_1_348' title='bbox 741 2618 780 2638; x_wconf 82' lang='lat' dir='ltr'><strong>ac</strong></span> <span class='ocrx_word' id='word_1_349' title='bbox 805 2605 845 2639; x_wconf 87' lang='lat' dir='ltr'><strong>de</strong></span> <span class='ocrx_word' id='word_1_350' title='bbox 870 2609 941 2641; x_wconf 77' lang='lat' dir='ltr'><strong>vita</strong></span> <span class='ocrx_word' id='word_1_351' title='bbox 963 2612 1157 2645; x_wconf 83' lang='lat' dir='ltr'><strong>Monastica</strong></span> <span class='ocrx_word' id='word_1_352' title='bbox 1183 2612 1325 2657; x_wconf 80' lang='lat' dir='ltr'><strong>profite-</strong></span> 
     </span>
     <span class='ocr_line' id='line_1_49' title="bbox 197 2649 1323 2702; baseline 0.009 -19"><span class='ocrx_word' id='word_1_353' title='bbox 197 2661 283 2690; x_wconf 75' lang='lat' dir='ltr'><strong>tur3</strong></span> <span class='ocrx_word' id='word_1_354' title='bbox 320 2653 351 2682; x_wconf 72' lang='grc' dir='ltr'><strong>δι</strong></span> <span class='ocrx_word' id='word_1_355' title='bbox 380 2649 595 2683; x_wconf 83' lang='lat' dir='ltr'><strong>Lutheranos</strong></span> <span class='ocrx_word' id='word_1_356' title='bbox 621 2651 828 2685; x_wconf 84' lang='lat' dir='ltr'><strong>temeritatis</strong></span> <span class='ocrx_word' id='word_1_357' title='bbox 854 2653 1056 2699; x_wconf 81' lang='lat' dir='ltr'><strong>redarguit,</strong></span> <span class='ocrx_word' id='word_1_358' title='bbox 1086 2657 1180 2702; x_wconf 86' lang='lat' dir='ltr'><strong>quod</strong></span> <span class='ocrx_word' id='word_1_359' title='bbox 1204 2660 1323 2694; x_wconf 85' lang='lat' dir='ltr'><strong>omnia</strong></span> 
     </span>
     <span class='ocr_line' id='line_1_50' title="bbox 197 2695 1322 2751; baseline 0.012 -23"><span class='ocrx_word' id='word_1_360' title='bbox 197 2697 273 2731; x_wconf 71' lang='lat' dir='ltr'><strong>haec</strong></span> <span class='ocrx_word' id='word_1_361' title='bbox 298 2695 465 2741; x_wconf 81' lang='lat' dir='ltr'><strong>dogmata</strong></span> <span class='ocrx_word' id='word_1_362' title='bbox 490 2696 615 2728; x_wconf 83' lang='lat' dir='ltr'><strong>melius</strong></span> <span class='ocrx_word' id='word_1_363' title='bbox 643 2708 678 2729; x_wconf 84' lang='lat' dir='ltr'><strong>se</strong></span> <span class='ocrx_word' id='word_1_364' title='bbox 703 2698 898 2742; x_wconf 84' lang='lat' dir='ltr'><strong>intelligere</strong></span> <span class='ocrx_word' id='word_1_365' title='bbox 934 2712 1179 2747; x_wconf 69' lang='lat' dir='ltr'><strong>praesumant,</strong></span> <span class='ocrx_word' id='word_1_366' title='bbox 1215 2717 1322 2751; x_wconf 82' lang='lat' dir='ltr'><strong>quam</strong></span> 
     </span>
     <span class='ocr_line' id='line_1_51' title="bbox 198 2743 658 2782; baseline -0.002 -7"><span class='ocrx_word' id='word_1_367' title='bbox 198 2752 299 2776; x_wconf 72' lang='lat' dir='ltr'><strong>vetus</strong></span> <span class='ocrx_word' id='word_1_368' title='bbox 315 2764 326 2782; x_wconf 86' lang='lat'>,</span> <span class='ocrx_word' id='word_1_369' title='bbox 352 2747 383 2775; x_wconf 72' lang='grc' dir='ltr'><strong>δι</strong></span> <span class='ocrx_word' id='word_1_370' title='bbox 409 2754 496 2775; x_wconf 89' lang='lat' dir='ltr'><strong>nova</strong></span> <span class='ocrx_word' id='word_1_371' title='bbox 524 2743 658 2775; x_wconf 86' lang='lat' dir='ltr'><strong>Roma.</strong></span> 
     </span>
    </p>

    <p class='ocr_par' dir='ltr' id='par_1_7' title="bbox 158 2789 1324 3393">
     <span class='ocr_line' id='line_1_52' title="bbox 252 2789 1322 2842; baseline 0.012 -24"><span class='ocrx_word' id='word_1_372' title='bbox 252 2795 300 2828; x_wconf 74' lang='lat' dir='ltr'><strong>(a)</strong></span> <span class='ocrx_word' id='word_1_373' title='bbox 330 2789 446 2831; x_wconf 82' lang='lat' dir='ltr'><strong>Quis,</strong></span> <span class='ocrx_word' id='word_1_374' title='bbox 480 2791 512 2821; x_wconf 85' lang='lat'>&amp;</span> <span class='ocrx_word' id='word_1_375' title='bbox 543 2789 658 2832; x_wconf 77' lang='lat' dir='ltr'><strong>qualis</strong></span> <span class='ocrx_word' id='word_1_376' title='bbox 696 2789 825 2823; x_wconf 87' lang='lat' dir='ltr'><strong>fuerint</strong></span> <span class='ocrx_word' id='word_1_377' title='bbox 856 2793 1014 2836; x_wconf 60' lang='lat' dir='ltr'><strong>Cyl-illus</strong></span> <span class='ocrx_word' id='word_1_378' title='bbox 1042 2796 1210 2837; x_wconf 80' lang='lat' dir='ltr'><strong>Lucaris‚</strong></span> <span class='ocrx_word' id='word_1_379' title='bbox 1248 2798 1322 2842; x_wconf 84' lang='lat' dir='ltr'><strong>pri-</strong></span> 
     </span>
     <span class='ocr_line' id='line_1_53' title="bbox 198 2833 1322 2889; baseline 0.009 -22"><span class='ocrx_word' id='word_1_380' title='bbox 198 2847 297 2868; x_wconf 76' lang='lat' dir='ltr'><strong>mum</strong></span> <span class='ocrx_word' id='word_1_381' title='bbox 324 2833 529 2868; x_wconf 78' lang='lat' dir='ltr'><strong>Patriarcha</strong></span> <span class='ocrx_word' id='word_1_382' title='bbox 554 2835 831 2878; x_wconf 74' lang='lat' dir='ltr'><strong>Alexandrinus,</strong></span> <span class='ocrx_word' id='word_1_383' title='bbox 856 2847 973 2881; x_wconf 87' lang='lat' dir='ltr'><strong>postea</strong></span> <span class='ocrx_word' id='word_1_384' title='bbox 1000 2842 1322 2889; x_wconf 82' lang='lat' dir='ltr'><strong>Constantinopoli-</strong></span> 
     </span>
     <span class='ocr_line' id='line_1_54' title="bbox 200 2881 1322 2924; baseline 0.01 -10"><span class='ocrx_word' id='word_1_385' title='bbox 200 2890 303 2915; x_wconf 83' lang='lat' dir='ltr'><strong>tanus</strong></span> <span class='ocrx_word' id='word_1_386' title='bbox 319 2904 330 2922; x_wconf 92' lang='lat'><strong>,</strong></span> <span class='ocrx_word' id='word_1_387' title='bbox 355 2889 475 2914; x_wconf 79' lang='lat' dir='ltr'><strong>narrat</strong></span> <span class='ocrx_word' id='word_1_388' title='bbox 495 2881 566 2913; x_wconf 92' lang='lat' dir='ltr'><strong>Leo</strong></span> <span class='ocrx_word' id='word_1_389' title='bbox 585 2881 735 2914; x_wconf 79' lang='lat' dir='ltr'><strong>Allatius</strong></span> <span class='ocrx_word' id='word_1_390' title='bbox 755 2883 789 2914; x_wconf 92' lang='lat' dir='ltr'><strong>in</strong></span> <span class='ocrx_word' id='word_1_391' title='bbox 810 2883 885 2917; x_wconf 88' lang='lat' dir='ltr'><strong>Lib.</strong></span> <span class='ocrx_word' id='word_1_392' title='bbox 904 2886 964 2918; x_wconf 88' lang='lat' dir='ltr'><strong>lII.</strong></span> <span class='ocrx_word' id='word_1_393' title='bbox 990 2887 1044 2921; x_wconf 89' lang='lat' dir='ltr'><strong>De</strong></span> <span class='ocrx_word' id='word_1_394' title='bbox 1063 2889 1234 2923; x_wconf 81' lang='lat' dir='ltr'><strong>Ecclesiae</strong></span> <span class='ocrx_word' id='word_1_395' title='bbox 1252 2892 1322 2924; x_wconf 87' lang='lat' dir='ltr'><strong>Oc-</strong></span> 
     </span>
     <span class='ocr_line' id='line_1_55' title="bbox 197 2928 1321 2981; baseline 0.009 -20"><span class='ocrx_word' id='word_1_396' title='bbox 197 2930 414 2967; x_wconf 82' lang='lat' dir='ltr'><strong>cidentalis,</strong></span> <span class='ocrx_word' id='word_1_397' title='bbox 441 2932 482 2959; x_wconf 70' lang='lat'><strong>(9⁹</strong></span> <span class='ocrx_word' id='word_1_398' title='bbox 508 2928 701 2961; x_wconf 83' lang='lat' dir='ltr'><strong>Orientalis</strong></span> <span class='ocrx_word' id='word_1_399' title='bbox 725 2937 884 2972; x_wconf 81' lang='lat' dir='ltr'><strong>perpetua</strong></span> <span class='ocrx_word' id='word_1_400' title='bbox 907 2939 1133 2968; x_wconf 79' lang='lat' dir='ltr'><strong>consensione</strong></span> <span class='ocrx_word' id='word_1_401' title='bbox 1159 2948 1234 2981; x_wconf 78' lang='lat' dir='ltr'><strong>cap.</strong></span> <span class='ocrx_word' id='word_1_402' title='bbox 1261 2938 1321 2979; x_wconf 85' lang='lat'><strong>8·‚</strong></span> 
     </span>
     <span class='ocr_line' id='line_1_56' title="bbox 197 2974 1320 3019; baseline 0.01 -13"><span class='ocrx_word' id='word_1_403' title='bbox 197 2975 258 3007; x_wconf 82' lang='lat' dir='ltr'><strong>ubi</strong></span> <span class='ocrx_word' id='word_1_404' title='bbox 287 2976 394 3008; x_wconf 85' lang='lat' dir='ltr'><strong>etiam</strong></span> <span class='ocrx_word' id='word_1_405' title='bbox 419 2974 527 3007; x_wconf 85' lang='lat' dir='ltr'><strong>refert</strong></span> <span class='ocrx_word' id='word_1_406' title='bbox 553 2974 688 3007; x_wconf 85' lang='lat' dir='ltr'><strong>litteras</strong></span> <span class='ocrx_word' id='word_1_407' title='bbox 705 2995 714 3013; x_wconf 88' lang='lat'>‚</span> <span class='ocrx_word' id='word_1_408' title='bbox 741 2976 866 3019; x_wconf 87' lang='lat' dir='ltr'><strong>quibus</strong></span> <span class='ocrx_word' id='word_1_409' title='bbox 887 2979 1088 3014; x_wconf 80' lang='lat' dir='ltr'><strong>Gerasimus</strong></span> <span class='ocrx_word' id='word_1_410' title='bbox 1114 2983 1320 3018; x_wconf 78' lang='lat' dir='ltr'><strong>patriarcha</strong></span> 
     </span>
     <span class='ocr_line' id='line_1_57' title="bbox 198 3019 1323 3068; baseline 0.005 -15"><span class='ocrx_word' id='word_1_411' title='bbox 198 3019 461 3055; x_wconf 81' lang='lat' dir='ltr'><strong>Alexandrinus</strong></span> <span class='ocrx_word' id='word_1_412' title='bbox 488 3019 665 3064; x_wconf 77' lang='lat' dir='ltr'><strong>respondit</strong></span> <span class='ocrx_word' id='word_1_413' title='bbox 691 3022 819 3054; x_wconf 89' lang='lat' dir='ltr'><strong>Comiti</strong></span> <span class='ocrx_word' id='word_1_414' title='bbox 842 3023 952 3068; x_wconf 82' lang='lat' dir='ltr'><strong>Hagio</strong></span> <span class='ocrx_word' id='word_1_415' title='bbox 972 3028 1110 3061; x_wconf 79' lang='lat' dir='ltr'><strong>Oratori</strong></span> <span class='ocrx_word' id='word_1_416' title='bbox 1139 3029 1323 3063; x_wconf 68' lang='lat' dir='ltr'><strong>Hollanffi-</strong></span> 
     </span>
     <span class='ocr_line' id='line_1_58' title="bbox 198 3069 1322 3110; baseline 0.01 -11"><span class='ocrx_word' id='word_1_417' title='bbox 198 3079 266 3106; x_wconf 81' lang='lat' dir='ltr'><strong>co,</strong></span> <span class='ocrx_word' id='word_1_418' title='bbox 305 3079 371 3100; x_wconf 82' lang='lat' dir='ltr'><strong>non</strong></span> <span class='ocrx_word' id='word_1_419' title='bbox 399 3077 500 3110; x_wconf 85' lang='lat' dir='ltr'><strong>posse</strong></span> <span class='ocrx_word' id='word_1_420' title='bbox 527 3078 562 3099; x_wconf 88' lang='lat' dir='ltr'><strong>se</strong></span> <span class='ocrx_word' id='word_1_421' title='bbox 589 3078 667 3099; x_wconf 85' lang='lat' dir='ltr'><strong>cum</strong></span> <span class='ocrx_word' id='word_1_422' title='bbox 694 3069 897 3103; x_wconf 84' lang='lat' dir='ltr'><strong>Calvinistis</strong></span> <span class='ocrx_word' id='word_1_423' title='bbox 928 3075 1206 3109; x_wconf 79' lang='lat' dir='ltr'><strong>communionem</strong></span> <span class='ocrx_word' id='word_1_424' title='bbox 1233 3078 1322 3110; x_wconf 85' lang='lat' dir='ltr'><strong>inire</strong></span> 
     </span>
     <span class='ocr_line' id='line_1_59' title="bbox 198 3111 1322 3166; baseline 0.013 -24"><span class='ocrx_word' id='word_1_425' title='bbox 198 3121 341 3158; x_wconf 80' lang='lat' dir='ltr'><strong>propter</strong></span> <span class='ocrx_word' id='word_1_426' title='bbox 367 3111 505 3145; x_wconf 86' lang='lat' dir='ltr'><strong>diversa</strong></span> <span class='ocrx_word' id='word_1_427' title='bbox 530 3113 707 3156; x_wconf 81' lang='lat' dir='ltr'><strong>religionis</strong></span> <span class='ocrx_word' id='word_1_428' title='bbox 745 3116 885 3158; x_wconf 87' lang='lat' dir='ltr'><strong>capita,</strong></span> <span class='ocrx_word' id='word_1_429' title='bbox 922 3118 955 3150; x_wconf 89' lang='lat' dir='ltr'><strong>in</strong></span> <span class='ocrx_word' id='word_1_430' title='bbox 991 3120 1118 3164; x_wconf 88' lang='lat' dir='ltr'><strong>quibus</strong></span> <span class='ocrx_word' id='word_1_431' title='bbox 1152 3122 1217 3166; x_wconf 84' lang='lat' dir='ltr'><strong>ipsi</strong></span> <span class='ocrx_word' id='word_1_432' title='bbox 1250 3135 1322 3157; x_wconf 81' lang='lat' dir='ltr'><strong>non</strong></span> 
     </span>
     <span class='ocr_line' id='line_1_60' title="bbox 200 3160 1322 3203; baseline 0.009 -11"><span class='ocrx_word' id='word_1_433' title='bbox 200 3161 319 3193; x_wconf 85' lang='lat' dir='ltr'><strong>minus</strong></span> <span class='ocrx_word' id='word_1_434' title='bbox 347 3170 365 3191; x_wconf 83' lang='lat' dir='ltr'><strong>a</strong></span> <span class='ocrx_word' id='word_1_435' title='bbox 383 3160 506 3192; x_wconf 73' lang='lat' dir='ltr'><strong>Graeca</strong></span> <span class='ocrx_word' id='word_1_436' title='bbox 523 3180 533 3199; x_wconf 92' lang='lat'>,</span> <span class='ocrx_word' id='word_1_437' title='bbox 557 3170 664 3203; x_wconf 79' lang='lat' dir='ltr'><strong>quam</strong></span> <span class='ocrx_word' id='word_1_438' title='bbox 690 3172 708 3192; x_wconf 90' lang='lat' dir='ltr'><strong>a</strong></span> <span class='ocrx_word' id='word_1_439' title='bbox 729 3161 882 3194; x_wconf 75' lang='lat' dir='ltr'><strong>Romana</strong></span> <span class='ocrx_word' id='word_1_440' title='bbox 909 3164 1063 3199; x_wconf 84' lang='lat' dir='ltr'><strong>Ecclesia</strong></span> <span class='ocrx_word' id='word_1_441' title='bbox 1089 3165 1322 3202; x_wconf 86' lang='lat' dir='ltr'><strong>dissentiunt.</strong></span> 
     </span>
     <span class='ocr_line' id='line_1_61' title="bbox 198 3204 1322 3250; baseline 0.007 -10"><span class='ocrx_word' id='word_1_442' title='bbox 198 3207 348 3240; x_wconf 85' lang='lat' dir='ltr'><strong>Frustra</strong></span> <span class='ocrx_word' id='word_1_443' title='bbox 373 3213 489 3238; x_wconf 82' lang='lat' dir='ltr'><strong>autem</strong></span> <span class='ocrx_word' id='word_1_444' title='bbox 516 3204 609 3238; x_wconf 89' lang='lat' dir='ltr'><strong>hunc</strong></span> <span class='ocrx_word' id='word_1_445' title='bbox 633 3206 811 3250; x_wconf 82' lang='lat' dir='ltr'><strong>AEtiopem</strong></span> <span class='ocrx_word' id='word_1_446' title='bbox 836 3208 951 3242; x_wconf 81' lang='lat' dir='ltr'><strong>lavare</strong></span> <span class='ocrx_word' id='word_1_447' title='bbox 978 3212 1073 3244; x_wconf 81' lang='lat' dir='ltr'><strong>nisus</strong></span> <span class='ocrx_word' id='word_1_448' title='bbox 1097 3220 1149 3245; x_wconf 84' lang='lat' dir='ltr'><strong>est</strong></span> <span class='ocrx_word' id='word_1_449' title='bbox 1169 3214 1322 3249; x_wconf 80' lang='lat' dir='ltr'><strong>Thomas</strong></span> 
     </span>
     <span class='ocr_line' id='line_1_62' title="bbox 198 3251 1324 3302; baseline 0.008 -16"><span class='ocrx_word' id='word_1_450' title='bbox 198 3252 313 3286; x_wconf 87' lang='lat' dir='ltr'><strong>Smith</strong></span> <span class='ocrx_word' id='word_1_451' title='bbox 341 3252 376 3284; x_wconf 86' lang='lat' dir='ltr'><strong>in</strong></span> <span class='ocrx_word' id='word_1_452' title='bbox 400 3251 503 3285; x_wconf 74' lang='lat' dir='ltr'><strong>Brevi</strong></span> <span class='ocrx_word' id='word_1_453' title='bbox 520 3274 530 3293; x_wconf 87' lang='lat'>‚</span> <span class='ocrx_word' id='word_1_454' title='bbox 561 3255 603 3285; x_wconf 58' lang='grc' dir='ltr'><strong>(θ’</strong></span> <span class='ocrx_word' id='word_1_455' title='bbox 633 3257 807 3286; x_wconf 80' lang='lat' dir='ltr'><strong>succincta</strong></span> <span class='ocrx_word' id='word_1_456' title='bbox 833 3261 1026 3290; x_wconf 77' lang='lat' dir='ltr'><strong>narratione</strong></span> <span class='ocrx_word' id='word_1_457' title='bbox 1051 3259 1094 3291; x_wconf 86' lang='lat' dir='ltr'><strong>de</strong></span> <span class='ocrx_word' id='word_1_458' title='bbox 1121 3263 1214 3302; x_wconf 73' lang='lat' dir='ltr'><strong>vita,</strong></span> <span class='ocrx_word' id='word_1_459' title='bbox 1254 3271 1324 3295; x_wconf 84' lang='lat' dir='ltr'><strong>stu-</strong></span> 
     </span>
     <span class='ocr_line' id='line_1_63' title="bbox 158 3300 1323 3345; baseline 0.009 -15"><span class='ocrx_word' id='word_1_460' title='bbox 158 3326 163 3330; x_wconf 94' lang='lat'>.</span> <span class='ocrx_word' id='word_1_461' title='bbox 199 3301 299 3340; x_wconf 82' lang='lat' dir='ltr'><strong>diis,</strong></span> <span class='ocrx_word' id='word_1_462' title='bbox 336 3302 448 3343; x_wconf 81' lang='lat' dir='ltr'><strong>gestis</strong></span> <span class='ocrx_word' id='word_1_463' title='bbox 467 3320 478 3339; x_wconf 84' lang='lat'><strong>,</strong></span> <span class='ocrx_word' id='word_1_464' title='bbox 505 3302 546 3332; x_wconf 61' lang='grc' dir='ltr'><strong>(φ’</strong></span> <span class='ocrx_word' id='word_1_465' title='bbox 578 3303 750 3344; x_wconf 74' lang='lat' dir='ltr'><strong>martyrio</strong></span> <span class='ocrx_word' id='word_1_466' title='bbox 777 3300 915 3345; x_wconf 71' lang='lat' dir='ltr'><strong>Cyrilli</strong></span> <span class='ocrx_word' id='word_1_467' title='bbox 941 3302 1086 3336; x_wconf 80' lang='lat' dir='ltr'><strong>Lucaris</strong></span> <span class='ocrx_word' id='word_1_468' title='bbox 1111 3304 1203 3339; x_wconf 81' lang='lat' dir='ltr'><strong>Patr.</strong></span> <span class='ocrx_word' id='word_1_469' title='bbox 1232 3308 1323 3342; x_wconf 86' lang='lat' dir='ltr'><strong>Con-</strong></span> 
     </span>
     <span class='ocr_line' id='line_1_64' title="bbox 201 3345 1321 3393; baseline 0.01 -12"><span class='ocrx_word' id='word_1_470' title='bbox 201 3349 389 3391; x_wconf 76' lang='lat' dir='ltr'><strong>stantinop.</strong></span> <span class='ocrx_word' id='word_1_471' title='bbox 416 3345 553 3393; x_wconf 73' lang='lat' dir='ltr'><strong>Scripta</strong></span> <span class='ocrx_word' id='word_1_472' title='bbox 580 3346 710 3393; x_wconf 79' lang='lat' dir='ltr'><strong>Cyrilli</strong></span> <span class='ocrx_word' id='word_1_473' title='bbox 735 3347 882 3382; x_wconf 76' lang='lat' dir='ltr'><strong>Lucaris</strong></span> <span class='ocrx_word' id='word_1_474' title='bbox 905 3359 1062 3388; x_wconf 82' lang='lat' dir='ltr'><strong>recenset</strong></span> <span class='ocrx_word' id='word_1_475' title='bbox 1086 3351 1140 3387; x_wconf 78' lang='lat' dir='ltr'><strong>Jo.</strong></span> <span class='ocrx_word' id='word_1_476' title='bbox 1158 3353 1234 3390; x_wconf 81' lang='lat' dir='ltr'><strong>Alc·</strong></span> <span class='ocrx_word' id='word_1_477' title='bbox 1254 3355 1321 3392; x_wconf 71' lang='lat' dir='ltr'><strong>Fa-</strong></span> 
     </span>
    </p>
   </div>
   <div class='ocr_carea' id='block_1_5' title="bbox 1394 194 2528 1842">
    <p class='ocr_par' dir='ltr' id='par_1_8' title="bbox 1398 194 2526 661">
     <span class='ocr_line' id='line_1_65' title="bbox 1400 194 2521 248; baseline 0.002 -15"><span class='ocrx_word' id='word_1_478' title='bbox 1400 208 1518 233; x_wconf 83' lang='lat' dir='ltr'><strong>sensu</strong></span> <span class='ocrx_word' id='word_1_479' title='bbox 1534 196 1620 236; x_wconf 60' lang='lat' dir='ltr'><strong>&amp;a</strong></span> <span class='ocrx_word' id='word_1_480' title='bbox 1651 196 1739 234; x_wconf 84' lang='lat' dir='ltr'><strong>Lib.</strong></span> <span class='ocrx_word' id='word_1_481' title='bbox 1757 195 1822 234; x_wconf 89' lang='lat' dir='ltr'><strong>III.</strong></span> <span class='ocrx_word' id='word_1_482' title='bbox 1845 194 2022 248; x_wconf 78' lang='lat' dir='ltr'><strong>cap.8.)</strong></span> <span class='ocrx_word' id='word_1_483' title='bbox 2057 194 2207 234; x_wconf 55' lang='lat' dir='ltr'><strong>Caluini</strong></span> <span class='ocrx_word' id='word_1_484' title='bbox 2235 194 2442 246; x_wconf 72' lang='lat' dir='ltr'><strong>haeresim,</strong></span> <span class='ocrx_word' id='word_1_485' title='bbox 2471 196 2521 239; x_wconf 57' lang='lat' dir='ltr'><strong>(fir</strong></span> 
     </span>
     <span class='ocr_line' id='line_1_66' title="bbox 1400 249 2525 302; baseline 0.004 -16"><span class='ocrx_word' id='word_1_486' title='bbox 1400 252 1539 286; x_wconf 69' lang='lat' dir='ltr'><strong>onznia.</strong></span> <span class='ocrx_word' id='word_1_487' title='bbox 1568 250 1669 286; x_wconf 78' lang='lat' dir='ltr'><strong>illius</strong></span> <span class='ocrx_word' id='word_1_488' title='bbox 1711 249 1940 302; x_wconf 75' lang='lat' dir='ltr'><strong>dogmatica</strong></span> <span class='ocrx_word' id='word_1_489' title='bbox 1982 250 2188 300; x_wconf 72' lang='lat' dir='ltr'><strong>capitula,</strong></span> <span class='ocrx_word' id='word_1_490' title='bbox 2232 263 2320 301; x_wconf 79' lang='lat' dir='ltr'><strong>quae</strong></span> <span class='ocrx_word' id='word_1_491' title='bbox 2354 250 2525 302; x_wconf 75' lang='lat' dir='ltr'><strong>Cyrz&#39;llus</strong></span> 
     </span>
     <span class='ocr_line' id='line_1_67' title="bbox 1401 301 2522 356; baseline 0.002 -18"><span class='ocrx_word' id='word_1_492' title='bbox 1401 306 1514 353; x_wconf 69' lang='lat' dir='ltr'><strong>quasi</strong></span> <span class='ocrx_word' id='word_1_493' title='bbox 1543 301 1740 341; x_wconf 67' lang='lat' dir='ltr'><strong>Ecclesiae</strong></span> <span class='ocrx_word' id='word_1_494' title='bbox 1780 316 1929 356; x_wconf 70' lang='lat' dir='ltr'><strong>grae-:ce</strong></span> <span class='ocrx_word' id='word_1_495' title='bbox 1970 308 2134 341; x_wconf 80' lang='lat' dir='ltr'><strong>nomine</strong></span> <span class='ocrx_word' id='word_1_496' title='bbox 2169 303 2370 355; x_wconf 78' lang='lat' dir='ltr'><strong>professus</strong></span> <span class='ocrx_word' id='word_1_497' title='bbox 2404 313 2522 352; x_wconf 75' lang='lat' dir='ltr'><strong>erat,</strong></span> 
     </span>
     <span class='ocr_line' id='line_1_68' title="bbox 1400 355 2523 407; baseline 0.001 -15"><span class='ocrx_word' id='word_1_498' title='bbox 1400 355 1814 407; x_wconf 64' lang='lat' dir='ltr'><strong>confirmaverntque,</strong></span> <span class='ocrx_word' id='word_1_499' title='bbox 1857 356 2127 404; x_wconf 77' lang='lat' dir='ltr'><strong>damnarunt,</strong></span> <span class='ocrx_word' id='word_1_500' title='bbox 2157 358 2205 397; x_wconf 48' lang='grc' dir='ltr'><strong>Εἰ]</strong></span> <span class='ocrx_word' id='word_1_501' title='bbox 2235 366 2388 395; x_wconf 67' lang='lat' dir='ltr'><strong>aeterno</strong></span> <span class='ocrx_word' id='word_1_502' title='bbox 2418 370 2523 394; x_wconf 76' lang='lat' dir='ltr'><strong>ana·</strong></span> 
     </span>
     <span class='ocr_line' id='line_1_69' title="bbox 1400 408 2523 462; baseline 0.003 -18"><span class='ocrx_word' id='word_1_503' title='bbox 1400 408 1589 456; x_wconf 53' lang='lat' dir='ltr'><strong>liminati,</strong></span> <span class='ocrx_word' id='word_1_504' title='bbox 1633 410 2035 460; x_wconf 68' lang='lat' dir='ltr'><strong>contlermmtionique</strong></span> <span class='ocrx_word' id='word_1_505' title='bbox 2077 409 2355 462; x_wconf 77' lang='lat' dir='ltr'><strong>subjecerunt.</strong></span> <span class='ocrx_word' id='word_1_506' title='bbox 2401 409 2523 448; x_wconf 75' lang='lat' dir='ltr'><strong>Nulla</strong></span> 
     </span>
     <span class='ocr_line' id='line_1_70' title="bbox 1398 460 2524 515; baseline 0.002 -18"><span class='ocrx_word' id='word_1_507' title='bbox 1398 469 1525 498; x_wconf 84' lang='lat' dir='ltr'><strong>tamen</strong></span> <span class='ocrx_word' id='word_1_508' title='bbox 1556 463 1594 498; x_wconf 87' lang='lat' dir='ltr'><strong>iu</strong></span> <span class='ocrx_word' id='word_1_509' title='bbox 1624 460 1696 499; x_wconf 80' lang='lat' dir='ltr'><strong>hac</strong></span> <span class='ocrx_word' id='word_1_510' title='bbox 1711 462 1865 513; x_wconf 71' lang='lat' dir='ltr'><strong>Synodo</strong></span> <span class='ocrx_word' id='word_1_511' title='bbox 1895 463 1992 502; x_wconf 81' lang='lat' dir='ltr'><strong>facta</strong></span> <span class='ocrx_word' id='word_1_512' title='bbox 2021 472 2072 502; x_wconf 83' lang='lat' dir='ltr'><strong>est</strong></span> <span class='ocrx_word' id='word_1_513' title='bbox 2094 465 2234 501; x_wconf 90' lang='lat' dir='ltr'><strong>mentio</strong></span> <span class='ocrx_word' id='word_1_514' title='bbox 2254 464 2400 515; x_wconf 73' lang='lat' dir='ltr'><strong>Synodi</strong></span> <span class='ocrx_word' id='word_1_515' title='bbox 2423 476 2524 514; x_wconf 77' lang='lat' dir='ltr'><strong>prae-</strong></span> 
     </span>
     <span class='ocr_line' id='line_1_71' title="bbox 1399 514 2524 569; baseline 0.004 -19"><span class='ocrx_word' id='word_1_516' title='bbox 1399 514 1584 560; x_wconf 84' lang='lat' dir='ltr'><strong>cedentis,</strong></span> <span class='ocrx_word' id='word_1_517' title='bbox 1615 523 1677 551; x_wconf 81' lang='lat' dir='ltr'><strong>aut</strong></span> <span class='ocrx_word' id='word_1_518' title='bbox 1706 515 1844 566; x_wconf 87' lang='lat' dir='ltr'><strong>Cyrilli</strong></span> <span class='ocrx_word' id='word_1_519' title='bbox 1877 516 2058 562; x_wconf 79' lang='lat' dir='ltr'><strong>Lucaris3</strong></span> <span class='ocrx_word' id='word_1_520' title='bbox 2099 519 2191 569; x_wconf 80' lang='lat' dir='ltr'><strong>quia</strong></span> <span class='ocrx_word' id='word_1_521' title='bbox 2221 515 2445 555; x_wconf 77' lang='lat' dir='ltr'><strong>Parthenius</strong></span> <span class='ocrx_word' id='word_1_522' title='bbox 2475 515 2524 554; x_wconf 78' lang='lat' dir='ltr'><strong>ad</strong></span> 
     </span>
     <span class='ocr_line' id='line_1_72' title="bbox 1400 567 2526 621; baseline 0.002 -18"><span class='ocrx_word' id='word_1_523' title='bbox 1400 567 1578 603; x_wconf 81' lang='lat' dir='ltr'><strong>tuendam</strong></span> <span class='ocrx_word' id='word_1_524' title='bbox 1608 567 1724 602; x_wconf 83' lang='lat' dir='ltr'><strong>amici</strong></span> <span class='ocrx_word' id='word_1_525' title='bbox 1753 569 1810 604; x_wconf 86' lang='lat' dir='ltr'><strong>sui</strong></span> <span class='ocrx_word' id='word_1_526' title='bbox 1843 568 1985 605; x_wconf 74' lang='lat' dir='ltr'><strong>famam</strong></span> <span class='ocrx_word' id='word_1_527' title='bbox 2015 569 2292 618; x_wconf 82' lang='lat' dir='ltr'><strong>contendebat,</strong></span> <span class='ocrx_word' id='word_1_528' title='bbox 2336 584 2422 607; x_wconf 82' lang='lat' dir='ltr'><strong>eum</strong></span> <span class='ocrx_word' id='word_1_529' title='bbox 2457 581 2526 621; x_wconf 77' lang='lat' dir='ltr'><strong>per</strong></span> 
     </span>
     <span class='ocr_line' id='line_1_73' title="bbox 1400 618 2524 661; baseline 0.001 -4"><span class='ocrx_word' id='word_1_530' title='bbox 1400 618 1636 657; x_wconf 79' lang='lat' dir='ltr'><strong>calumniam</strong></span> <span class='ocrx_word' id='word_1_531' title='bbox 1668 619 1782 656; x_wconf 83' lang='lat' dir='ltr'><strong>fuisse</strong></span> <span class='ocrx_word' id='word_1_532' title='bbox 1813 619 1966 658; x_wconf 68' lang='lat' dir='ltr'><strong>haeresis</strong></span> <span class='ocrx_word' id='word_1_533' title='bbox 1994 621 2235 661; x_wconf 63' lang='lat' dir='ltr'><strong>Galviuianae</strong></span> <span class='ocrx_word' id='word_1_534' title='bbox 2274 633 2493 661; x_wconf 78' lang='lat' dir='ltr'><strong>accusatum</strong></span> <span class='ocrx_word' id='word_1_535' title='bbox 2512 647 2524 659; x_wconf 92' lang='grc'><strong>.</strong></span> 
     </span>
    </p>

    <p class='ocr_par' dir='ltr' id='par_1_9' title="bbox 1394 672 2528 1737">
     <span class='ocr_line' id='line_1_74' title="bbox 1456 672 2525 714; baseline 0.002 -4"><span class='ocrx_word' id='word_1_536' title='bbox 1456 674 1547 711; x_wconf 84' lang='lat'><strong>225.</strong></span> <span class='ocrx_word' id='word_1_537' title='bbox 1578 672 1798 709; x_wconf 82' lang='lat' dir='ltr'><strong>Decretoria</strong></span> <span class='ocrx_word' id='word_1_538' title='bbox 1826 673 1984 711; x_wconf 87' lang='lat' dir='ltr'><strong>demum</strong></span> <span class='ocrx_word' id='word_1_539' title='bbox 2015 674 2085 711; x_wconf 78' lang='lat' dir='ltr'><strong>hac</strong></span> <span class='ocrx_word' id='word_1_540' title='bbox 2108 677 2147 713; x_wconf 90' lang='lat' dir='ltr'><strong>iu</strong></span> <span class='ocrx_word' id='word_1_541' title='bbox 2171 690 2209 712; x_wconf 87' lang='lat' dir='ltr'><strong>re</strong></span> <span class='ocrx_word' id='word_1_542' title='bbox 2229 691 2307 714; x_wconf 88' lang='lat' dir='ltr'><strong>esse</strong></span> <span class='ocrx_word' id='word_1_543' title='bbox 2327 676 2436 713; x_wconf 81' lang='lat' dir='ltr'><strong>debet</strong></span> <span class='ocrx_word' id='word_1_544' title='bbox 2457 689 2525 712; x_wconf 79' lang='lat' dir='ltr'><strong>au-</strong></span> 
     </span>
     <span class='ocr_line' id='line_1_75' title="bbox 1401 724 2527 778; baseline 0.001 -15"><span class='ocrx_word' id='word_1_545' title='bbox 1401 728 1551 764; x_wconf 78' lang='lat' dir='ltr'><strong>ctoritas</strong></span> <span class='ocrx_word' id='word_1_546' title='bbox 1563 725 1724 763; x_wconf 82' lang='lat' dir='ltr'><strong>celebris</strong></span> <span class='ocrx_word' id='word_1_547' title='bbox 1747 724 1992 763; x_wconf 75' lang='lat' dir='ltr'><strong>Orthodoxoe</strong></span> <span class='ocrx_word' id='word_1_548' title='bbox 2016 727 2284 778; x_wconf 66' lang='lat' dir='ltr'><strong>Confessionis</strong></span> <span class='ocrx_word' id='word_1_549' title='bbox 2306 728 2527 775; x_wconf 73' lang='lat' dir='ltr'><strong>catholicoe,</strong></span> 
     </span>
     <span class='ocr_line' id='line_1_76' title="bbox 1400 777 2525 832; baseline 0.001 -16"><span class='ocrx_word' id='word_1_550' title='bbox 1400 787 1521 830; x_wconf 73' lang='lat' dir='ltr'><strong>atque</strong></span> <span class='ocrx_word' id='word_1_551' title='bbox 1549 779 1776 829; x_wconf 70' lang='lat' dir='ltr'><strong>apostolicae</strong></span> <span class='ocrx_word' id='word_1_552' title='bbox 1804 777 2003 817; x_wconf 76' lang='lat' dir='ltr'><strong>Ecclesiae</strong></span> <span class='ocrx_word' id='word_1_553' title='bbox 2031 779 2247 817; x_wconf 79' lang='lat' dir='ltr'><strong>Orientalis</strong></span> <span class='ocrx_word' id='word_1_554' title='bbox 2266 810 2276 826; x_wconf 92' lang='lat'><strong>,</strong></span> <span class='ocrx_word' id='word_1_555' title='bbox 2306 795 2393 832; x_wconf 82' lang='lat' dir='ltr'><strong>quae</strong></span> <span class='ocrx_word' id='word_1_556' title='bbox 2423 793 2525 819; x_wconf 85' lang='lat' dir='ltr'><strong>anuo</strong></span> 
     </span>
     <span class='ocr_line' id='line_1_77' title="bbox 1406 832 2523 884; baseline 0.001 -13"><span class='ocrx_word' id='word_1_557' title='bbox 1406 833 1521 878; x_wconf 70' lang='grc'><strong>1642.</strong></span> <span class='ocrx_word' id='word_1_558' title='bbox 1552 833 1719 870; x_wconf 84' lang='lat' dir='ltr'><strong>confecta</strong></span> <span class='ocrx_word' id='word_1_559' title='bbox 1751 833 1849 881; x_wconf 87' lang='lat' dir='ltr'><strong>fuit,</strong></span> <span class='ocrx_word' id='word_1_560' title='bbox 1881 832 1913 868; x_wconf 88' lang='grc'><strong>8(</strong></span> <span class='ocrx_word' id='word_1_561' title='bbox 1943 841 2069 884; x_wconf 75' lang='lat' dir='ltr'><strong>postea</strong></span> <span class='ocrx_word' id='word_1_562' title='bbox 2098 833 2148 871; x_wconf 71' lang='lat' dir='ltr'><strong>ab</strong></span> <span class='ocrx_word' id='word_1_563' title='bbox 2178 833 2356 870; x_wconf 82' lang='lat' dir='ltr'><strong>omnibus</strong></span> <span class='ocrx_word' id='word_1_564' title='bbox 2385 834 2523 872; x_wconf 84' lang='lat' dir='ltr'><strong>Orien-</strong></span> 
     </span>
     <span class='ocr_line' id='line_1_78' title="bbox 1400 886 2525 938; baseline 0.001 -15"><span class='ocrx_word' id='word_1_565' title='bbox 1400 887 1446 924; x_wconf 86' lang='lat' dir='ltr'><strong>tis</strong></span> <span class='ocrx_word' id='word_1_566' title='bbox 1476 886 1732 931; x_wconf 83' lang='lat' dir='ltr'><strong>Patriarchis,</strong></span> <span class='ocrx_word' id='word_1_567' title='bbox 1773 886 1917 924; x_wconf 83' lang='lat' dir='ltr'><strong>scilicet</strong></span> <span class='ocrx_word' id='word_1_568' title='bbox 1953 886 2393 938; x_wconf 67' lang='lat' dir='ltr'><strong>Constantinopolitano,</strong></span> <span class='ocrx_word' id='word_1_569' title='bbox 2437 887 2525 925; x_wconf 52' lang='lat' dir='ltr'><strong>Ale-2</strong></span> 
     </span>
     <span class='ocr_line' id='line_1_79' title="bbox 1399 938 2524 991; baseline 0.001 -15"><span class='ocrx_word' id='word_1_570' title='bbox 1399 939 1585 978; x_wconf 79' lang='lat' dir='ltr'><strong>xandriuo</strong></span> <span class='ocrx_word' id='word_1_571' title='bbox 1600 969 1610 987; x_wconf 88' lang='lat'><strong>,</strong></span> <span class='ocrx_word' id='word_1_572' title='bbox 1635 939 1892 988; x_wconf 71' lang='lat' dir='ltr'><strong>Antiocheno,</strong></span> <span class='ocrx_word' id='word_1_573' title='bbox 1913 938 1947 974; x_wconf 86' lang='lat'>&amp;</span> <span class='ocrx_word' id='word_1_574' title='bbox 1967 939 2270 977; x_wconf 64' lang='lat' dir='ltr'><strong>Jerosoliinitano</strong></span> <span class='ocrx_word' id='word_1_575' title='bbox 2285 970 2296 988; x_wconf 83' lang='lat'><strong>,</strong></span> <span class='ocrx_word' id='word_1_576' title='bbox 2328 939 2524 991; x_wconf 63' lang='lat' dir='ltr'><strong>plurimise</strong></span> 
     </span>
     <span class='ocr_line' id='line_1_80' title="bbox 1398 992 2524 1044; baseline -0.001 -14"><span class='ocrx_word' id='word_1_577' title='bbox 1398 1007 1474 1044; x_wconf 89' lang='lat' dir='ltr'><strong>que</strong></span> <span class='ocrx_word' id='word_1_578' title='bbox 1503 992 1758 1044; x_wconf 84' lang='lat' dir='ltr'><strong>Metropolitis</strong></span> <span class='ocrx_word' id='word_1_579' title='bbox 1789 993 2027 1044; x_wconf 76' lang='lat' dir='ltr'><strong>approbata,</strong></span> <span class='ocrx_word' id='word_1_580' title='bbox 2057 992 2090 1028; x_wconf 84' lang='lat'>&amp;</span> <span class='ocrx_word' id='word_1_581' title='bbox 2121 994 2272 1031; x_wconf 82' lang='lat' dir='ltr'><strong>tandem</strong></span> <span class='ocrx_word' id='word_1_582' title='bbox 2303 994 2343 1031; x_wconf 87' lang='lat' dir='ltr'><strong>in</strong></span> <span class='ocrx_word' id='word_1_583' title='bbox 2365 993 2524 1030; x_wconf 82' lang='lat' dir='ltr'><strong>Hollau-</strong></span> 
     </span>
     <span class='ocr_line' id='line_1_81' title="bbox 1397 1045 2524 1100; baseline 0 -17"><span class='ocrx_word' id='word_1_584' title='bbox 1397 1047 1460 1084; x_wconf 81' lang='lat' dir='ltr'><strong>dia</strong></span> <span class='ocrx_word' id='word_1_585' title='bbox 1479 1077 1488 1095; x_wconf 89' lang='lat'><strong>,</strong></span> <span class='ocrx_word' id='word_1_586' title='bbox 1519 1047 1552 1082; x_wconf 90' lang='grc'><strong>8(</strong></span> <span class='ocrx_word' id='word_1_587' title='bbox 1581 1045 1675 1084; x_wconf 83' lang='lat' dir='ltr'><strong>alibi</strong></span> <span class='ocrx_word' id='word_1_588' title='bbox 1707 1048 1917 1097; x_wconf 62' lang='lat' dir='ltr'><strong>impressa,</strong></span> <span class='ocrx_word' id='word_1_589' title='bbox 1945 1060 1989 1084; x_wconf 88' lang='lat' dir='ltr'><strong>ac</strong></span> <span class='ocrx_word' id='word_1_590' title='bbox 2020 1046 2164 1100; x_wconf 85' lang='lat' dir='ltr'><strong>ubique</strong></span> <span class='ocrx_word' id='word_1_591' title='bbox 2192 1046 2415 1098; x_wconf 76' lang='lat' dir='ltr'><strong>divulgata.</strong></span> <span class='ocrx_word' id='word_1_592' title='bbox 2464 1046 2524 1084; x_wconf 84' lang='lat' dir='ltr'><strong>lbi</strong></span> 
     </span>
     <span class='ocr_line' id='line_1_82' title="bbox 1397 1098 2525 1152; baseline -0.001 -15"><span class='ocrx_word' id='word_1_593' title='bbox 1397 1110 1524 1138; x_wconf 82' lang='lat' dir='ltr'><strong>autem</strong></span> <span class='ocrx_word' id='word_1_594' title='bbox 1554 1099 1700 1147; x_wconf 85' lang='lat' dir='ltr'><strong>Quaest.</strong></span> <span class='ocrx_word' id='word_1_595' title='bbox 1731 1098 1907 1137; x_wconf 83' lang='lat' dir='ltr'>XCVIII.</span> <span class='ocrx_word' id='word_1_596' title='bbox 1937 1110 2080 1152; x_wconf 82' lang='lat' dir='ltr'><strong>septem</strong></span> <span class='ocrx_word' id='word_1_597' title='bbox 2111 1109 2359 1138; x_wconf 83' lang='lat' dir='ltr'><strong>recensentur</strong></span> <span class='ocrx_word' id='word_1_598' title='bbox 2388 1098 2525 1137; x_wconf 84' lang='lat' dir='ltr'><strong>Eccle-</strong></span> 
     </span>
     <span class='ocr_line' id='line_1_83' title="bbox 1397 1152 2527 1205; baseline -0.003 -13"><span class='ocrx_word' id='word_1_599' title='bbox 1397 1155 1462 1192; x_wconf 87' lang='lat' dir='ltr'><strong>siae</strong></span> <span class='ocrx_word' id='word_1_600' title='bbox 1496 1155 1706 1205; x_wconf 77' lang='lat' dir='ltr'><strong>mysteria,</strong></span> <span class='ocrx_word' id='word_1_601' title='bbox 1736 1166 1801 1190; x_wconf 86' lang='lat' dir='ltr'><strong>seu</strong></span> <span class='ocrx_word' id='word_1_602' title='bbox 1830 1153 2107 1200; x_wconf 75' lang='lat' dir='ltr'><strong>Sacra1nenta3</strong></span> <span class='ocrx_word' id='word_1_603' title='bbox 2137 1167 2224 1204; x_wconf 82' lang='lat' dir='ltr'><strong>quae</strong></span> <span class='ocrx_word' id='word_1_604' title='bbox 2255 1162 2339 1191; x_wconf 84' lang='lat' dir='ltr'><strong>sunt</strong></span> <span class='ocrx_word' id='word_1_605' title='bbox 2370 1152 2527 1203; x_wconf 73' lang='lat' dir='ltr'><strong>Baptis-</strong></span> 
     </span>
     <span class='ocr_line' id='line_1_84' title="bbox 1397 1205 2524 1257; baseline -0.002 -13"><span class='ocrx_word' id='word_1_606' title='bbox 1397 1220 1507 1255; x_wconf 87' lang='lat' dir='ltr'><strong>mus,</strong></span> <span class='ocrx_word' id='word_1_607' title='bbox 1541 1205 1798 1257; x_wconf 76' lang='lat' dir='ltr'><strong>Unguentum</strong></span> <span class='ocrx_word' id='word_1_608' title='bbox 1831 1205 2089 1254; x_wconf 60' lang='lat' dir='ltr'><strong>Chris-matis,</strong></span> <span class='ocrx_word' id='word_1_609' title='bbox 2120 1205 2407 1253; x_wconf 64' lang='lat' dir='ltr'><strong>Euclzaristia,</strong></span> <span class='ocrx_word' id='word_1_610' title='bbox 2438 1205 2524 1242; x_wconf 82' lang='lat' dir='ltr'><strong>Fce-</strong></span> 
     </span>
     <span class='ocr_line' id='line_1_85' title="bbox 1396 1256 2525 1311; baseline -0.001 -15"><span class='ocrx_word' id='word_1_611' title='bbox 1396 1263 1580 1308; x_wconf 66' lang='lat' dir='ltr'><strong>nitentia,</strong></span> <span class='ocrx_word' id='word_1_612' title='bbox 1602 1259 1878 1297; x_wconf 70' lang='lat' dir='ltr'><strong>Sacerdotium</strong></span> <span class='ocrx_word' id='word_1_613' title='bbox 1896 1289 1907 1307; x_wconf 96' lang='lat'><strong>,</strong></span> <span class='ocrx_word' id='word_1_614' title='bbox 1929 1256 2174 1298; x_wconf 80' lang='lat' dir='ltr'><strong>Honorabile</strong></span> <span class='ocrx_word' id='word_1_615' title='bbox 2194 1260 2423 1311; x_wconf 78' lang='lat' dir='ltr'><strong>conjugium</strong></span> <span class='ocrx_word' id='word_1_616' title='bbox 2443 1288 2452 1306; x_wconf 90' lang='lat'><strong>,</strong></span> <span class='ocrx_word' id='word_1_617' title='bbox 2474 1258 2525 1299; x_wconf 57' lang='grc' dir='ltr'><strong>ζῆ·</strong></span> 
     </span>
     <span class='ocr_line' id='line_1_86' title="bbox 1398 1312 2525 1363; baseline -0.003 -12"><span class='ocrx_word' id='word_1_618' title='bbox 1398 1313 1543 1351; x_wconf 78' lang='lat' dir='ltr'><strong>Oleum</strong></span> <span class='ocrx_word' id='word_1_619' title='bbox 1572 1321 1876 1360; x_wconf 78' lang='lat' dir='ltr'><strong>consecratum,</strong></span> <span class='ocrx_word' id='word_1_620' title='bbox 1906 1327 1969 1350; x_wconf 86' lang='lat' dir='ltr'><strong>seu</strong></span> <span class='ocrx_word' id='word_1_621' title='bbox 2001 1321 2171 1350; x_wconf 78' lang='lat' dir='ltr'><strong>extrema</strong></span> <span class='ocrx_word' id='word_1_622' title='bbox 2198 1314 2350 1358; x_wconf 80' lang='lat' dir='ltr'><strong>uncti03</strong></span> <span class='ocrx_word' id='word_1_623' title='bbox 2390 1312 2525 1363; x_wconf 80' lang='lat' dir='ltr'><strong>ibique</strong></span> 
     </span>
     <span class='ocr_line' id='line_1_87' title="bbox 1396 1365 2526 1417; baseline -0.004 -12"><span class='ocrx_word' id='word_1_624' title='bbox 1396 1369 1533 1406; x_wconf 83' lang='lat' dir='ltr'><strong>citatur</strong></span> <span class='ocrx_word' id='word_1_625' title='bbox 1563 1367 1748 1404; x_wconf 80' lang='lat' dir='ltr'><strong>Jeremias</strong></span> <span class='ocrx_word' id='word_1_626' title='bbox 1777 1365 1997 1403; x_wconf 76' lang='lat' dir='ltr'><strong>Patriarcha</strong></span> <span class='ocrx_word' id='word_1_627' title='bbox 2035 1367 2074 1404; x_wconf 90' lang='lat' dir='ltr'><strong>iu</strong></span> <span class='ocrx_word' id='word_1_628' title='bbox 2103 1366 2232 1414; x_wconf 91' lang='lat' dir='ltr'><strong>libro,</strong></span> <span class='ocrx_word' id='word_1_629' title='bbox 2276 1379 2392 1417; x_wconf 74' lang='lat' dir='ltr'><strong>quem</strong></span> <span class='ocrx_word' id='word_1_630' title='bbox 2431 1378 2526 1402; x_wconf 81' lang='lat' dir='ltr'><strong>con-</strong></span> 
     </span>
     <span class='ocr_line' id='line_1_88' title="bbox 1395 1418 2525 1470; baseline -0.003 -12"><span class='ocrx_word' id='word_1_631' title='bbox 1395 1418 1590 1459; x_wconf 56' lang='lat' dir='ltr'><strong>vertendis</strong></span> <span class='ocrx_word' id='word_1_632' title='bbox 1621 1419 1863 1457; x_wconf 64' lang='lat' dir='ltr'><strong>Luszerants</strong></span> <span class='ocrx_word' id='word_1_633' title='bbox 1892 1423 2072 1469; x_wconf 77' lang='lat' dir='ltr'><strong>scripsit.</strong></span> <span class='ocrx_word' id='word_1_634' title='bbox 2108 1420 2151 1456; x_wconf 87' lang='lat' dir='ltr'><strong>In</strong></span> <span class='ocrx_word' id='word_1_635' title='bbox 2182 1419 2428 1470; x_wconf 84' lang='lat' dir='ltr'><strong>sequentibus</strong></span> <span class='ocrx_word' id='word_1_636' title='bbox 2456 1431 2525 1455; x_wconf 87' lang='lat' dir='ltr'><strong>au-</strong></span> 
     </span>
     <span class='ocr_line' id='line_1_89' title="bbox 1394 1470 2528 1526; baseline -0.004 -14"><span class='ocrx_word' id='word_1_637' title='bbox 1394 1483 1471 1512; x_wconf 88' lang='lat' dir='ltr'><strong>tem</strong></span> <span class='ocrx_word' id='word_1_638' title='bbox 1501 1473 1778 1526; x_wconf 71' lang='lat' dir='ltr'><strong>quaestiouibus</strong></span> <span class='ocrx_word' id='word_1_639' title='bbox 1807 1474 2023 1525; x_wconf 80' lang='lat' dir='ltr'><strong>quaeritur,</strong></span> <span class='ocrx_word' id='word_1_640' title='bbox 2067 1473 2102 1509; x_wconf 86' lang='grc'><strong>8(</strong></span> <span class='ocrx_word' id='word_1_641' title='bbox 2146 1471 2388 1524; x_wconf 83' lang='lat' dir='ltr'><strong>explicatur,</strong></span> <span class='ocrx_word' id='word_1_642' title='bbox 2431 1470 2528 1523; x_wconf 84' lang='lat' dir='ltr'><strong>quid</strong></span> 
     </span>
     <span class='ocr_line' id='line_1_90' title="bbox 1394 1525 2525 1576; baseline -0.004 -11"><span class='ocrx_word' id='word_1_643' title='bbox 1394 1529 1438 1566; x_wconf 87' lang='lat' dir='ltr'><strong>sit</strong></span> <span class='ocrx_word' id='word_1_644' title='bbox 1454 1526 1776 1565; x_wconf 78' lang='lat' dir='ltr'><strong>Sacramentum?</strong></span> <span class='ocrx_word' id='word_1_645' title='bbox 1805 1527 1906 1573; x_wconf 77' lang='lat' dir='ltr'><strong>Quae</strong></span> <span class='ocrx_word' id='word_1_646' title='bbox 1937 1540 1995 1565; x_wconf 87' lang='lat' dir='ltr'><strong>res</strong></span> <span class='ocrx_word' id='word_1_647' title='bbox 2016 1526 2063 1564; x_wconf 84' lang='lat' dir='ltr'><strong>ad</strong></span> <span class='ocrx_word' id='word_1_648' title='bbox 2083 1526 2375 1564; x_wconf 74' lang='lat' dir='ltr'><strong>Sacramentum</strong></span> <span class='ocrx_word' id='word_1_649' title='bbox 2396 1525 2525 1576; x_wconf 89' lang='lat' dir='ltr'><strong>requi-</strong></span> 
     </span>
     <span class='ocr_line' id='line_1_91' title="bbox 1395 1574 2523 1631; baseline -0.003 -13"><span class='ocrx_word' id='word_1_650' title='bbox 1395 1579 1556 1619; x_wconf 77' lang='lat' dir='ltr'><strong>rantur?</strong></span> <span class='ocrx_word' id='word_1_651' title='bbox 1600 1581 1725 1627; x_wconf 85' lang='lat' dir='ltr'><strong>Quem</strong></span> <span class='ocrx_word' id='word_1_652' title='bbox 1756 1581 1795 1618; x_wconf 89' lang='lat' dir='ltr'><strong>in</strong></span> <span class='ocrx_word' id='word_1_653' title='bbox 1825 1580 1945 1617; x_wconf 87' lang='lat' dir='ltr'><strong>finem</strong></span> <span class='ocrx_word' id='word_1_654' title='bbox 1988 1580 2160 1618; x_wconf 81' lang='lat' dir='ltr'><strong>instituta</strong></span> <span class='ocrx_word' id='word_1_655' title='bbox 2201 1580 2275 1616; x_wconf 83' lang='lat' dir='ltr'><strong>sint</strong></span> <span class='ocrx_word' id='word_1_656' title='bbox 2305 1574 2523 1631; x_wconf 76' lang='lat' dir='ltr'><strong>Mysteria?</strong></span> 
     </span>
     <span class='ocr_line' id='line_1_92' title="bbox 1396 1630 2525 1684; baseline -0.003 -13"><span class='ocrx_word' id='word_1_657' title='bbox 1396 1633 1445 1671; x_wconf 91' lang='lat' dir='ltr'><strong>Et</strong></span> <span class='ocrx_word' id='word_1_658' title='bbox 1475 1643 1601 1684; x_wconf 81' lang='lat' dir='ltr'><strong>postea</strong></span> <span class='ocrx_word' id='word_1_659' title='bbox 1630 1632 1868 1684; x_wconf 85' lang='lat' dir='ltr'><strong>singulorum</strong></span> <span class='ocrx_word' id='word_1_660' title='bbox 1898 1633 2236 1671; x_wconf 83' lang='lat' dir='ltr'><strong>Sacramentorum</strong></span> <span class='ocrx_word' id='word_1_661' title='bbox 2263 1632 2460 1681; x_wconf 78' lang='lat' dir='ltr'><strong>doctriua,</strong></span> <span class='ocrx_word' id='word_1_662' title='bbox 2489 1630 2525 1668; x_wconf 88' lang='grc'><strong>8(</strong></span> 
     </span>
     <span class='ocr_line' id='line_1_93' title="bbox 1394 1685 1806 1737; baseline 0.007 -15"><span class='ocrx_word' id='word_1_663' title='bbox 1394 1685 1549 1736; x_wconf 83' lang='lat' dir='ltr'><strong>liturgia</strong></span> <span class='ocrx_word' id='word_1_664' title='bbox 1579 1688 1806 1737; x_wconf 84' lang='lat' dir='ltr'><strong>exponitur.</strong></span> 
     </span>
    </p>

    <p class='ocr_par' dir='ltr' id='par_1_10' title="bbox 1453 1737 2520 1792">
     <span class='ocr_line' id='line_1_94' title="bbox 1453 1737 2520 1792; baseline -0.002 -14"><span class='ocrx_word' id='word_1_665' title='bbox 1453 1738 1544 1778; x_wconf 78' lang='lat'><strong>226.</strong></span> <span class='ocrx_word' id='word_1_666' title='bbox 1573 1741 1674 1778; x_wconf 86' lang='lat' dir='ltr'><strong>Cum</strong></span> <span class='ocrx_word' id='word_1_667' title='bbox 1702 1747 1779 1777; x_wconf 86' lang='lat' dir='ltr'><strong>tam</strong></span> <span class='ocrx_word' id='word_1_668' title='bbox 1821 1739 1971 1792; x_wconf 86' lang='lat' dir='ltr'><strong>liquido</strong></span> <span class='ocrx_word' id='word_1_669' title='bbox 2012 1746 2150 1778; x_wconf 83' lang='lat' dir='ltr'><strong>constet</strong></span> <span class='ocrx_word' id='word_1_670' title='bbox 2191 1737 2305 1776; x_wconf 86' lang='lat' dir='ltr'><strong>totius</strong></span> <span class='ocrx_word' id='word_1_671' title='bbox 2333 1737 2520 1776; x_wconf 71' lang='lat' dir='ltr'><strong>Ecclesiae</strong></span> 
     </span>
    </p>

    <p class='ocr_par' dir='ltr' id='par_1_11' title="bbox 2369 1805 2469 1842">
     <span class='ocr_line' id='line_1_95' title="bbox 2369 1805 2469 1842; baseline 0.01 -14"><span class='ocrx_word' id='word_1_672' title='bbox 2369 1805 2469 1842; x_wconf 82' lang='lat' dir='ltr'><strong>grae—</strong></span> 
     </span>
    </p>
   </div>
   <div class='ocr_carea' id='block_1_6' title="bbox 1388 1873 2524 3403">
    <p class='ocr_par' dir='ltr' id='par_1_12' title="bbox 1391 1873 2524 2323">
     <span class='ocr_line' id='line_1_96' title="bbox 1391 1873 2521 1920; baseline -0.001 -13"><span class='ocrx_word' id='word_1_673' title='bbox 1391 1875 1525 1908; x_wconf 86' lang='lat' dir='ltr'><strong>bricius</strong></span> <span class='ocrx_word' id='word_1_674' title='bbox 1553 1876 1655 1909; x_wconf 83' lang='lat' dir='ltr'><strong>Torn.</strong></span> <span class='ocrx_word' id='word_1_675' title='bbox 1670 1877 1716 1910; x_wconf 91' lang='lat' dir='ltr'><strong>X.</strong></span> <span class='ocrx_word' id='word_1_676' title='bbox 1742 1875 1913 1909; x_wconf 76' lang='lat' dir='ltr'><strong>Biblioth.</strong></span> <span class='ocrx_word' id='word_1_677' title='bbox 1927 1888 2046 1920; x_wconf 59' lang='lat' dir='ltr'><strong>gram·</strong></span> <span class='ocrx_word' id='word_1_678' title='bbox 2063 1885 2140 1919; x_wconf 72' lang='lat' dir='ltr'><strong>pag.</strong></span> <span class='ocrx_word' id='word_1_679' title='bbox 2156 1873 2239 1917; x_wconf 74' lang='grc'><strong>499.</strong></span> <span class='ocrx_word' id='word_1_680' title='bbox 2259 1884 2353 1916; x_wconf 57' lang='lat' dir='ltr'><strong>seq„</strong></span> <span class='ocrx_word' id='word_1_681' title='bbox 2378 1874 2437 1907; x_wconf 85' lang='lat' dir='ltr'><strong>ubi</strong></span> <span class='ocrx_word' id='word_1_682' title='bbox 2465 1885 2521 1907; x_wconf 86' lang='lat' dir='ltr'><strong>re·</strong></span> 
     </span>
     <span class='ocr_line' id='line_1_97' title="bbox 1393 1920 2523 1965; baseline 0 -11"><span class='ocrx_word' id='word_1_683' title='bbox 1393 1929 1447 1954; x_wconf 87' lang='lat' dir='ltr'><strong>ete</strong></span> <span class='ocrx_word' id='word_1_684' title='bbox 1475 1921 1683 1962; x_wconf 88' lang='lat' dir='ltr'><strong>concludit,</strong></span> <span class='ocrx_word' id='word_1_685' title='bbox 1720 1935 1741 1955; x_wconf 87' lang='lat' dir='ltr'><strong>a</strong></span> <span class='ocrx_word' id='word_1_686' title='bbox 1766 1923 1911 1965; x_wconf 67' lang='lat' dir='ltr'><strong>Cyrillo</strong></span> <span class='ocrx_word' id='word_1_687' title='bbox 1950 1927 2121 1954; x_wconf 82' lang='lat' dir='ltr'><strong>sinceram</strong></span> <span class='ocrx_word' id='word_1_688' title='bbox 2145 1933 2257 1964; x_wconf 77' lang='lat' dir='ltr'><strong>graecae</strong></span> <span class='ocrx_word' id='word_1_689' title='bbox 2283 1920 2455 1960; x_wconf 65' lang='lat' dir='ltr'><strong>Ecclesia</strong></span> <span class='ocrx_word' id='word_1_690' title='bbox 2477 1922 2523 1954; x_wconf 76' lang='lat' dir='ltr'><strong>de</strong></span> 
     </span>
     <span class='ocr_line' id='line_1_98' title="bbox 1393 1965 2522 2011; baseline 0 -11"><span class='ocrx_word' id='word_1_691' title='bbox 1393 1968 1607 2011; x_wconf 79' lang='lat' dir='ltr'><strong>dogmatibus</strong></span> <span class='ocrx_word' id='word_1_692' title='bbox 1635 1971 1838 2001; x_wconf 78' lang='lat' dir='ltr'><strong>sententiam</strong></span> <span class='ocrx_word' id='word_1_693' title='bbox 1861 1969 2040 2009; x_wconf 80' lang='lat' dir='ltr'><strong>petendam</strong></span> <span class='ocrx_word' id='word_1_694' title='bbox 2058 1980 2122 2000; x_wconf 86' lang='lat' dir='ltr'><strong>non</strong></span> <span class='ocrx_word' id='word_1_695' title='bbox 2142 1979 2242 1999; x_wconf 85' lang='lat' dir='ltr'><strong>esse.</strong></span> <span class='ocrx_word' id='word_1_696' title='bbox 2269 1965 2355 2008; x_wconf 85' lang='lat' dir='ltr'><strong>Ejus</strong></span> <span class='ocrx_word' id='word_1_697' title='bbox 2383 1968 2522 2000; x_wconf 82' lang='lat' dir='ltr'><strong>confes—</strong></span> 
     </span>
     <span class='ocr_line' id='line_1_99' title="bbox 1394 2011 2524 2057; baseline 0 -12"><span class='ocrx_word' id='word_1_698' title='bbox 1394 2014 1447 2045; x_wconf 86' lang='lat' dir='ltr'><strong>sio</strong></span> <span class='ocrx_word' id='word_1_699' title='bbox 1461 2034 1472 2053; x_wconf 89' lang='lat'><strong>,</strong></span> <span class='ocrx_word' id='word_1_700' title='bbox 1499 2014 1727 2046; x_wconf 81' lang='lat' dir='ltr'><strong>Calvinistica</strong></span> <span class='ocrx_word' id='word_1_701' title='bbox 1754 2013 1809 2045; x_wconf 91' lang='lat' dir='ltr'><strong>lue</strong></span> <span class='ocrx_word' id='word_1_702' title='bbox 1830 2013 1955 2045; x_wconf 75' lang='lat' dir='ltr'><strong>infecta</strong></span> <span class='ocrx_word' id='word_1_703' title='bbox 1971 2034 1982 2053; x_wconf 85' lang='lat'><strong>,</strong></span> <span class='ocrx_word' id='word_1_704' title='bbox 2007 2013 2140 2057; x_wconf 84' lang='lat' dir='ltr'><strong>publici</strong></span> <span class='ocrx_word' id='word_1_705' title='bbox 2157 2011 2247 2057; x_wconf 85' lang='lat' dir='ltr'><strong>juris</strong></span> <span class='ocrx_word' id='word_1_706' title='bbox 2266 2012 2357 2044; x_wconf 78' lang='lat' dir='ltr'><strong>facta</strong></span> <span class='ocrx_word' id='word_1_707' title='bbox 2373 2012 2438 2045; x_wconf 89' lang='lat' dir='ltr'><strong>fuit</strong></span> <span class='ocrx_word' id='word_1_708' title='bbox 2454 2018 2524 2045; x_wconf 65' lang='lat' dir='ltr'><strong>Ge-</strong></span> 
     </span>
     <span class='ocr_line' id='line_1_100' title="bbox 1393 2056 2522 2102; baseline -0.002 -10"><span class='ocrx_word' id='word_1_709' title='bbox 1393 2070 1490 2092; x_wconf 82' lang='lat' dir='ltr'><strong>nevae</strong></span> <span class='ocrx_word' id='word_1_710' title='bbox 1510 2060 1753 2102; x_wconf 55' lang='lat' dir='ltr'><strong>grinon-latina</strong></span> <span class='ocrx_word' id='word_1_711' title='bbox 1770 2070 1859 2091; x_wconf 89' lang='lat' dir='ltr'><strong>anno</strong></span> <span class='ocrx_word' id='word_1_712' title='bbox 1882 2059 1984 2092; x_wconf 77' lang='lat'><strong>1633.</strong></span> <span class='ocrx_word' id='word_1_713' title='bbox 2000 2081 2012 2099; x_wconf 86' lang='lat'><strong>,</strong></span> <span class='ocrx_word' id='word_1_714' title='bbox 2037 2070 2117 2092; x_wconf 85' lang='lat' dir='ltr'><strong>curn</strong></span> <span class='ocrx_word' id='word_1_715' title='bbox 2143 2067 2222 2090; x_wconf 89' lang='lat' dir='ltr'><strong>ante</strong></span> <span class='ocrx_word' id='word_1_716' title='bbox 2249 2056 2522 2102; x_wconf 74' lang='lat' dir='ltr'><strong>quadriennium</strong></span> 
     </span>
     <span class='ocr_line' id='line_1_101' title="bbox 1394 2103 2522 2152; baseline -0.002 -14"><span class='ocrx_word' id='word_1_717' title='bbox 1394 2105 1507 2152; x_wconf 68' lang='lat' dir='ltr'><strong>solum</strong></span> <span class='ocrx_word' id='word_1_718' title='bbox 1533 2105 1642 2138; x_wconf 82' lang='lat' dir='ltr'><strong>latine</strong></span> <span class='ocrx_word' id='word_1_719' title='bbox 1670 2104 1877 2150; x_wconf 81' lang='lat' dir='ltr'><strong>prodiisset.</strong></span> <span class='ocrx_word' id='word_1_720' title='bbox 1905 2106 1943 2137; x_wconf 88' lang='grc'><strong>111</strong></span> <span class='ocrx_word' id='word_1_721' title='bbox 1968 2103 2126 2149; x_wconf 86' lang='lat' dir='ltr'><strong>ejusdem</strong></span> <span class='ocrx_word' id='word_1_722' title='bbox 2152 2113 2218 2137; x_wconf 90' lang='lat' dir='ltr'><strong>art.</strong></span> <span class='ocrx_word' id='word_1_723' title='bbox 2243 2106 2297 2137; x_wconf 86' lang='lat'><strong>15.</strong></span> <span class='ocrx_word' id='word_1_724' title='bbox 2324 2104 2522 2137; x_wconf 77' lang='lat' dir='ltr'><strong>mendacis-</strong></span> 
     </span>
     <span class='ocr_line' id='line_1_102' title="bbox 1394 2151 2521 2195; baseline 0.001 -12"><span class='ocrx_word' id='word_1_725' title='bbox 1394 2151 1480 2184; x_wconf 83' lang='lat' dir='ltr'><strong>sime</strong></span> <span class='ocrx_word' id='word_1_726' title='bbox 1507 2152 1701 2193; x_wconf 63' lang='lat' dir='ltr'><strong>asserstur,</strong></span> <span class='ocrx_word' id='word_1_727' title='bbox 1741 2151 1932 2184; x_wconf 78' lang='lat' dir='ltr'><strong>Graecoram</strong></span> <span class='ocrx_word' id='word_1_728' title='bbox 1966 2161 2186 2195; x_wconf 77' lang='lat' dir='ltr'><strong>perpetuam,</strong></span> <span class='ocrx_word' id='word_1_729' title='bbox 2229 2155 2270 2183; x_wconf 63' lang='lat' dir='ltr'><strong>&lt;J</strong></span> <span class='ocrx_word' id='word_1_730' title='bbox 2304 2160 2521 2184; x_wconf 79' lang='lat' dir='ltr'><strong>constantem</strong></span> 
     </span>
     <span class='ocr_line' id='line_1_103' title="bbox 1393 2196 2517 2240; baseline -0.001 -10"><span class='ocrx_word' id='word_1_731' title='bbox 1393 2209 1472 2230; x_wconf 80' lang='lat' dir='ltr'><strong>esse</strong></span> <span class='ocrx_word' id='word_1_732' title='bbox 1498 2199 1688 2230; x_wconf 77' lang='lat' dir='ltr'><strong>doctrinam</strong></span> <span class='ocrx_word' id='word_1_733' title='bbox 1704 2219 1715 2237; x_wconf 88' lang='lat'><strong>,</strong></span> <span class='ocrx_word' id='word_1_734' title='bbox 1750 2199 1815 2230; x_wconf 78' lang='lat' dir='ltr'><strong>cluo</strong></span> <span class='ocrx_word' id='word_1_735' title='bbox 1842 2205 1966 2230; x_wconf 80' lang='lat' dir='ltr'><strong>tantum</strong></span> <span class='ocrx_word' id='word_1_736' title='bbox 1995 2198 2219 2231; x_wconf 83' lang='lat' dir='ltr'><strong>Sacramenta</strong></span> <span class='ocrx_word' id='word_1_737' title='bbox 2239 2218 2249 2236; x_wconf 91' lang='lat'><strong>,</strong></span> <span class='ocrx_word' id='word_1_738' title='bbox 2286 2196 2517 2240; x_wconf 59' lang='lat' dir='ltr'><strong>Bapffsmum,</strong></span> 
     </span>
     <span class='ocr_line' id='line_1_104' title="bbox 1394 2242 2520 2288; baseline 0 -11"><span class='ocrx_word' id='word_1_739' title='bbox 1394 2247 1437 2277; x_wconf 54' lang='grc' dir='ltr'><strong>(Τ</strong></span> <span class='ocrx_word' id='word_1_740' title='bbox 1462 2242 1747 2287; x_wconf 78' lang='lat' dir='ltr'><strong>Eucharistiam,</strong></span> <span class='ocrx_word' id='word_1_741' title='bbox 1785 2256 1806 2277; x_wconf 86' lang='lat' dir='ltr'><strong>a</strong></span> <span class='ocrx_word' id='word_1_742' title='bbox 1833 2256 1985 2287; x_wconf 79' lang='lat' dir='ltr'><strong>supremo</strong></span> <span class='ocrx_word' id='word_1_743' title='bbox 2011 2244 2232 2288; x_wconf 80' lang='lat' dir='ltr'><strong>Legislatore</strong></span> <span class='ocrx_word' id='word_1_744' title='bbox 2257 2242 2401 2276; x_wconf 77' lang='lat' dir='ltr'><strong>Christo</strong></span> <span class='ocrx_word' id='word_1_745' title='bbox 2439 2257 2520 2277; x_wconf 83' lang='lat' dir='ltr'><strong>san-</strong></span> 
     </span>
     <span class='ocr_line' id='line_1_105' title="bbox 1397 2299 1495 2323; baseline -0.01 0"><span class='ocrx_word' id='word_1_746' title='bbox 1397 2299 1471 2323; x_wconf 79' lang='lat' dir='ltr'><strong>cita</strong></span> <span class='ocrx_word' id='word_1_747' title='bbox 1486 2312 1495 2322; x_wconf 85' lang='lat'><strong>.</strong></span> 
     </span>
    </p>

    <p class='ocr_par' dir='ltr' id='par_1_13' title="bbox 1388 2334 2521 2659">
     <span class='ocr_line' id='line_1_106' title="bbox 1439 2334 2521 2381; baseline 0 -13"><span class='ocrx_word' id='word_1_748' title='bbox 1439 2336 1710 2370; x_wconf 84' lang='lat' dir='ltr'><strong>Praetermittere</strong></span> <span class='ocrx_word' id='word_1_749' title='bbox 1736 2335 1794 2369; x_wconf 92' lang='lat' dir='ltr'><strong>hic</strong></span> <span class='ocrx_word' id='word_1_750' title='bbox 1830 2347 1902 2369; x_wconf 90' lang='lat' dir='ltr'><strong>non</strong></span> <span class='ocrx_word' id='word_1_751' title='bbox 1930 2334 2119 2378; x_wconf 85' lang='lat' dir='ltr'><strong>debemus,</strong></span> <span class='ocrx_word' id='word_1_752' title='bbox 2144 2335 2270 2381; x_wconf 80' lang='lat' dir='ltr'><strong>Cyrilli</strong></span> <span class='ocrx_word' id='word_1_753' title='bbox 2298 2336 2445 2369; x_wconf 79' lang='lat' dir='ltr'><strong>Lucaris</strong></span> <span class='ocrx_word' id='word_1_754' title='bbox 2464 2346 2521 2368; x_wconf 86' lang='lat' dir='ltr'><strong>er-</strong></span> 
     </span>
     <span class='ocr_line' id='line_1_107' title="bbox 1389 2381 2520 2427; baseline 0 -12"><span class='ocrx_word' id='word_1_755' title='bbox 1389 2393 1485 2416; x_wconf 85' lang='lat' dir='ltr'><strong>rores</strong></span> <span class='ocrx_word' id='word_1_756' title='bbox 1512 2383 1619 2416; x_wconf 88' lang='lat' dir='ltr'><strong>fuisse</strong></span> <span class='ocrx_word' id='word_1_757' title='bbox 1644 2395 1663 2416; x_wconf 86' lang='lat' dir='ltr'><strong>a</strong></span> <span class='ocrx_word' id='word_1_758' title='bbox 1680 2384 1735 2418; x_wconf 89' lang='lat' dir='ltr'><strong>Jo.</strong></span> <span class='ocrx_word' id='word_1_759' title='bbox 1756 2382 1973 2427; x_wconf 82' lang='lat' dir='ltr'><strong>Caryophilo</strong></span> <span class='ocrx_word' id='word_1_760' title='bbox 1996 2382 2180 2423; x_wconf 85' lang='lat' dir='ltr'><strong>defensos,</strong></span> <span class='ocrx_word' id='word_1_761' title='bbox 2206 2381 2264 2416; x_wconf 87' lang='lat' dir='ltr'><strong>sed</strong></span> <span class='ocrx_word' id='word_1_762' title='bbox 2290 2382 2454 2416; x_wconf 81' lang='lat' dir='ltr'><strong>infaustis</strong></span> <span class='ocrx_word' id='word_1_763' title='bbox 2480 2394 2520 2415; x_wconf 83' lang='lat' dir='ltr'><strong>a-</strong></span> 
     </span>
     <span class='ocr_line' id='line_1_108' title="bbox 1388 2428 2518 2474; baseline -0.002 -12"><span class='ocrx_word' id='word_1_764' title='bbox 1388 2429 1490 2462; x_wconf 85' lang='lat' dir='ltr'><strong>vibus</strong></span> <span class='ocrx_word' id='word_1_765' title='bbox 1507 2452 1515 2461; x_wconf 94' lang='lat'><strong>.</strong></span> <span class='ocrx_word' id='word_1_766' title='bbox 1545 2431 1620 2474; x_wconf 89' lang='lat' dir='ltr'><strong>Ipse</strong></span> <span class='ocrx_word' id='word_1_767' title='bbox 1645 2429 1738 2463; x_wconf 90' lang='lat' dir='ltr'><strong>euim</strong></span> <span class='ocrx_word' id='word_1_768' title='bbox 1757 2430 1991 2474; x_wconf 81' lang='lat' dir='ltr'><strong>Caryophilus</strong></span> <span class='ocrx_word' id='word_1_769' title='bbox 2010 2428 2168 2463; x_wconf 86' lang='lat' dir='ltr'><strong>eamdem</strong></span> <span class='ocrx_word' id='word_1_770' title='bbox 2185 2428 2420 2462; x_wconf 78' lang='lat' dir='ltr'><strong>damnationis</strong></span> <span class='ocrx_word' id='word_1_771' title='bbox 2440 2440 2518 2461; x_wconf 85' lang='lat' dir='ltr'><strong>sen·</strong></span> 
     </span>
     <span class='ocr_line' id='line_1_109' title="bbox 1390 2474 2518 2520; baseline -0.001 -12"><span class='ocrx_word' id='word_1_772' title='bbox 1390 2476 1538 2509; x_wconf 82' lang='lat' dir='ltr'><strong>tentiam</strong></span> <span class='ocrx_word' id='word_1_773' title='bbox 1564 2476 1672 2510; x_wconf 89' lang='lat' dir='ltr'><strong>subiit</strong></span> <span class='ocrx_word' id='word_1_774' title='bbox 1699 2488 1789 2509; x_wconf 83' lang='lat' dir='ltr'><strong>anno</strong></span> <span class='ocrx_word' id='word_1_775' title='bbox 1819 2476 1922 2520; x_wconf 77' lang='lat'><strong>1691.</strong></span> <span class='ocrx_word' id='word_1_776' title='bbox 1948 2489 1967 2509; x_wconf 90' lang='lat' dir='ltr'><strong>a</strong></span> <span class='ocrx_word' id='word_1_777' title='bbox 1992 2476 2193 2508; x_wconf 80' lang='lat' dir='ltr'><strong>patriarcha</strong></span> <span class='ocrx_word' id='word_1_778' title='bbox 2209 2476 2405 2515; x_wconf 81' lang='lat' dir='ltr'><strong>Callinico3</strong></span> <span class='ocrx_word' id='word_1_779' title='bbox 2432 2474 2518 2507; x_wconf 87' lang='lat' dir='ltr'><strong>soli-</strong></span> 
     </span>
     <span class='ocr_line' id='line_1_110' title="bbox 1389 2520 2514 2556; baseline 0 -2"><span class='ocrx_word' id='word_1_780' title='bbox 1389 2520 1430 2554; x_wconf 92' lang='lat' dir='ltr'><strong>de</strong></span> <span class='ocrx_word' id='word_1_781' title='bbox 1456 2531 1572 2555; x_wconf 89' lang='lat' dir='ltr'><strong>autem</strong></span> <span class='ocrx_word' id='word_1_782' title='bbox 1599 2523 1797 2555; x_wconf 83' lang='lat' dir='ltr'><strong>confutatus</strong></span> <span class='ocrx_word' id='word_1_783' title='bbox 1818 2523 1884 2555; x_wconf 87' lang='lat' dir='ltr'><strong>fuit</strong></span> <span class='ocrx_word' id='word_1_784' title='bbox 1902 2535 1921 2555; x_wconf 85' lang='lat' dir='ltr'><strong>a</strong></span> <span class='ocrx_word' id='word_1_785' title='bbox 1940 2522 2106 2556; x_wconf 82' lang='lat' dir='ltr'><strong>Dositheo</strong></span> <span class='ocrx_word' id='word_1_786' title='bbox 2124 2522 2325 2554; x_wconf 71' lang='lat' dir='ltr'><strong>patriarcha</strong></span> <span class='ocrx_word' id='word_1_787' title='bbox 2341 2523 2514 2554; x_wconf 77' lang='lat' dir='ltr'><strong>Constan-</strong></span> 
     </span>
     <span class='ocr_line' id='line_1_111' title="bbox 1391 2567 2518 2614; baseline -0.001 -13"><span class='ocrx_word' id='word_1_788' title='bbox 1391 2568 1628 2613; x_wconf 81' lang='lat' dir='ltr'><strong>tinopolitano</strong></span> <span class='ocrx_word' id='word_1_789' title='bbox 1665 2569 1701 2602; x_wconf 91' lang='lat' dir='ltr'><strong>in</strong></span> <span class='ocrx_word' id='word_1_790' title='bbox 1727 2569 1899 2603; x_wconf 79' lang='lat' dir='ltr'><strong>Tractatu</strong></span> <span class='ocrx_word' id='word_1_791' title='bbox 1937 2569 2107 2614; x_wconf 88' lang='lat' dir='ltr'><strong>impresso</strong></span> <span class='ocrx_word' id='word_1_792' title='bbox 2130 2568 2237 2601; x_wconf 84' lang='lat' dir='ltr'><strong>Jassii</strong></span> <span class='ocrx_word' id='word_1_793' title='bbox 2275 2568 2310 2600; x_wconf 86' lang='lat' dir='ltr'><strong>in</strong></span> <span class='ocrx_word' id='word_1_794' title='bbox 2337 2567 2518 2601; x_wconf 74' lang='lat' dir='ltr'><strong>Moldavia</strong></span> 
     </span>
     <span class='ocr_line' id='line_1_112' title="bbox 1393 2615 1616 2659; baseline -0.009 -11"><span class='ocrx_word' id='word_1_795' title='bbox 1393 2627 1484 2648; x_wconf 82' lang='lat' dir='ltr'><strong>anno</strong></span> <span class='ocrx_word' id='word_1_796' title='bbox 1514 2615 1616 2659; x_wconf 77' lang='lat'><strong>1694.</strong></span> 
     </span>
    </p>

    <p class='ocr_par' dir='ltr' id='par_1_14' title="bbox 1389 2659 2519 3403">
     <span class='ocr_line' id='line_1_113' title="bbox 1439 2659 2519 2705; baseline 0 -12"><span class='ocrx_word' id='word_1_797' title='bbox 1439 2662 1486 2700; x_wconf 81' lang='lat' dir='ltr'><strong>(b)</strong></span> <span class='ocrx_word' id='word_1_798' title='bbox 1518 2664 1567 2695; x_wconf 72' lang='lat' dir='ltr'><strong>Ita</strong></span> <span class='ocrx_word' id='word_1_799' title='bbox 1596 2661 1700 2695; x_wconf 78' lang='lat' dir='ltr'><strong>habet</strong></span> <span class='ocrx_word' id='word_1_800' title='bbox 1725 2673 1834 2695; x_wconf 81' lang='lat' dir='ltr'><strong>canon</strong></span> <span class='ocrx_word' id='word_1_801' title='bbox 1860 2662 1942 2695; x_wconf 79' lang='lat' dir='ltr'><strong>ille:</strong></span> <span class='ocrx_word' id='word_1_802' title='bbox 1969 2661 2161 2695; x_wconf 80' lang='lat' dir='ltr'><strong>Anathema</strong></span> <span class='ocrx_word' id='word_1_803' title='bbox 2176 2659 2321 2705; x_wconf 71' lang='lat' dir='ltr'><strong>Cyrillo</strong></span> <span class='ocrx_word' id='word_1_804' title='bbox 2348 2673 2430 2693; x_wconf 70' lang='lat' dir='ltr'><strong>nova</strong></span> <span class='ocrx_word' id='word_1_805' title='bbox 2455 2660 2519 2693; x_wconf 85' lang='lat' dir='ltr'><strong>do-</strong></span> 
     </span>
     <span class='ocr_line' id='line_1_114' title="bbox 1392 2709 2517 2752; baseline -0.001 -11"><span class='ocrx_word' id='word_1_806' title='bbox 1392 2717 1506 2752; x_wconf 81' lang='lat' dir='ltr'><strong>gmata</strong></span> <span class='ocrx_word' id='word_1_807' title='bbox 1521 2709 1722 2752; x_wconf 79' lang='lat' dir='ltr'><strong>fabricanti</strong></span> <span class='ocrx_word' id='word_1_808' title='bbox 1738 2731 1748 2747; x_wconf 88' lang='lat'>‚</span> <span class='ocrx_word' id='word_1_809' title='bbox 1782 2714 1822 2742; x_wconf 62' lang='grc' dir='ltr'><em>Φ</em></span> <span class='ocrx_word' id='word_1_810' title='bbox 1848 2711 2007 2743; x_wconf 84' lang='lat' dir='ltr'><strong>credenti</strong></span> <span class='ocrx_word' id='word_1_811' title='bbox 2034 2721 2099 2741; x_wconf 87' lang='lat' dir='ltr'><strong>non</strong></span> <span class='ocrx_word' id='word_1_812' title='bbox 2124 2721 2202 2740; x_wconf 82' lang='lat' dir='ltr'><strong>esse</strong></span> <span class='ocrx_word' id='word_1_813' title='bbox 2228 2719 2270 2740; x_wconf 78' lang='lat' dir='ltr'><strong>ex</strong></span> <span class='ocrx_word' id='word_1_814' title='bbox 2297 2710 2517 2740; x_wconf 78' lang='lat' dir='ltr'><strong>institutione</strong></span> 
     </span>
     <span class='ocr_line' id='line_1_115' title="bbox 1391 2754 2517 2800; baseline -0.002 -13"><span class='ocrx_word' id='word_1_815' title='bbox 1391 2754 1478 2787; x_wconf 84' lang='lat' dir='ltr'><strong>J.C.</strong></span> <span class='ocrx_word' id='word_1_816' title='bbox 1503 2768 1606 2800; x_wconf 65' lang='lat' dir='ltr'><strong>neque</strong></span> <span class='ocrx_word' id='word_1_817' title='bbox 1631 2768 1673 2788; x_wconf 67' lang='lat' dir='ltr'><strong>ex</strong></span> <span class='ocrx_word' id='word_1_818' title='bbox 1695 2756 1934 2799; x_wconf 79' lang='lat' dir='ltr'><strong>Apostolorum</strong></span> <span class='ocrx_word' id='word_1_819' title='bbox 1960 2757 2150 2788; x_wconf 81' lang='lat' dir='ltr'><strong>traditione</strong></span> <span class='ocrx_word' id='word_1_820' title='bbox 2170 2776 2182 2794; x_wconf 87' lang='lat'><strong>,</strong></span> <span class='ocrx_word' id='word_1_821' title='bbox 2206 2757 2370 2797; x_wconf 72' lang='lat' dir='ltr'><strong>praxiqae</strong></span> <span class='ocrx_word' id='word_1_822' title='bbox 2394 2765 2517 2796; x_wconf 86' lang='lat' dir='ltr'><strong>perpe-</strong></span> 
     </span>
     <span class='ocr_line' id='line_1_116' title="bbox 1392 2800 2517 2846; baseline -0.001 -12"><span class='ocrx_word' id='word_1_823' title='bbox 1392 2809 1450 2834; x_wconf 81' lang='lat' dir='ltr'><strong>tua</strong></span> <span class='ocrx_word' id='word_1_824' title='bbox 1488 2811 1614 2846; x_wconf 82' lang='lat' dir='ltr'><strong>septem</strong></span> <span class='ocrx_word' id='word_1_825' title='bbox 1646 2801 1817 2835; x_wconf 66' lang='lat' dir='ltr'><strong>Ecclesia·</strong></span> <span class='ocrx_word' id='word_1_826' title='bbox 1845 2802 2090 2841; x_wconf 82' lang='lat' dir='ltr'><strong>Sacramenta,</strong></span> <span class='ocrx_word' id='word_1_827' title='bbox 2129 2800 2338 2844; x_wconf 83' lang='lat' dir='ltr'><strong>Baptismnm</strong></span> <span class='ocrx_word' id='word_1_828' title='bbox 2377 2800 2517 2833; x_wconf 75' lang='lat' dir='ltr'><strong>scillcet</strong></span> 
     </span>
     <span class='ocr_line' id='line_1_117' title="bbox 1391 2845 2516 2892; baseline -0.003 -11"><span class='ocrx_word' id='word_1_829' title='bbox 1391 2850 1466 2881; x_wconf 62' lang='lat' dir='ltr'><strong>&amp;cu</strong></span> <span class='ocrx_word' id='word_1_830' title='bbox 1490 2848 1612 2892; x_wconf 78' lang='lat' dir='ltr'><strong>Neque</strong></span> <span class='ocrx_word' id='word_1_831' title='bbox 1636 2859 1719 2880; x_wconf 87' lang='lat' dir='ltr'><strong>vero</strong></span> <span class='ocrx_word' id='word_1_832' title='bbox 1743 2845 1914 2880; x_wconf 83' lang='lat' dir='ltr'><strong>audienda</strong></span> <span class='ocrx_word' id='word_1_833' title='bbox 1939 2855 1990 2879; x_wconf 89' lang='lat' dir='ltr'><strong>est</strong></span> <span class='ocrx_word' id='word_1_834' title='bbox 2017 2848 2077 2880; x_wconf 77' lang='lat' dir='ltr'><strong>illa</strong></span> <span class='ocrx_word' id='word_1_835' title='bbox 2094 2845 2325 2891; x_wconf 83' lang='lat' dir='ltr'><strong>quorumdam</strong></span> <span class='ocrx_word' id='word_1_836' title='bbox 2344 2845 2516 2890; x_wconf 80' lang='lat' dir='ltr'><strong>exceptio,</strong></span> 
     </span>
     <span class='ocr_line' id='line_1_118' title="bbox 1389 2891 2512 2939; baseline -0.002 -13"><span class='ocrx_word' id='word_1_837' title='bbox 1389 2893 1482 2938; x_wconf 86' lang='lat' dir='ltr'><strong>quod</strong></span> <span class='ocrx_word' id='word_1_838' title='bbox 1509 2895 1572 2928; x_wconf 88' lang='lat' dir='ltr'><strong>iste</strong></span> <span class='ocrx_word' id='word_1_839' title='bbox 1586 2894 1743 2939; x_wconf 79' lang='lat' dir='ltr'><strong>Cyrillus</strong></span> <span class='ocrx_word' id='word_1_840' title='bbox 1769 2893 1992 2926; x_wconf 81' lang='lat' dir='ltr'><strong>Berrhoensis</strong></span> <span class='ocrx_word' id='word_1_841' title='bbox 2019 2893 2124 2925; x_wconf 84' lang='lat' dir='ltr'><strong>fuerit</strong></span> <span class='ocrx_word' id='word_1_842' title='bbox 2150 2895 2316 2927; x_wconf 53' lang='lat' dir='ltr'><strong>Romane</strong></span> <span class='ocrx_word' id='word_1_843' title='bbox 2342 2891 2512 2925; x_wconf 76' lang='lat' dir='ltr'><strong>Ecclesiae</strong></span> 
     </span>
     <span class='ocr_line' id='line_1_119' title="bbox 1390 2937 2512 2984; baseline -0.004 -11"><span class='ocrx_word' id='word_1_844' title='bbox 1390 2938 1550 2974; x_wconf 80' lang='lat' dir='ltr'><strong>addictus</strong></span> <span class='ocrx_word' id='word_1_845' title='bbox 1570 2962 1581 2981; x_wconf 86' lang='lat'><strong>,</strong></span> <span class='ocrx_word' id='word_1_846' title='bbox 1606 2951 1714 2984; x_wconf 79' lang='lat' dir='ltr'><strong>eaque</strong></span> <span class='ocrx_word' id='word_1_847' title='bbox 1739 2938 1780 2971; x_wconf 89' lang='lat' dir='ltr'><strong>de</strong></span> <span class='ocrx_word' id='word_1_848' title='bbox 1807 2952 1909 2972; x_wconf 83' lang='lat' dir='ltr'><strong>causa</strong></span> <span class='ocrx_word' id='word_1_849' title='bbox 1935 2952 1954 2972; x_wconf 87' lang='lat' dir='ltr'><strong>a</strong></span> <span class='ocrx_word' id='word_1_850' title='bbox 1980 2938 2064 2972; x_wconf 87' lang='lat' dir='ltr'><strong>Sede</strong></span> <span class='ocrx_word' id='word_1_851' title='bbox 2085 2938 2314 2973; x_wconf 75' lang='lat' dir='ltr'><strong>patriarchali</strong></span> <span class='ocrx_word' id='word_1_852' title='bbox 2340 2937 2512 2981; x_wconf 83' lang='lat' dir='ltr'><strong>dejectus,</strong></span> 
     </span>
     <span class='ocr_line' id='line_1_120' title="bbox 1390 2985 2513 3030; baseline 0.001 -12"><span class='ocrx_word' id='word_1_853' title='bbox 1390 2989 1423 3018; x_wconf 86' lang='lat'>&amp;</span> <span class='ocrx_word' id='word_1_854' title='bbox 1449 2987 1701 3030; x_wconf 82' lang='lat' dir='ltr'><strong>interemptus.</strong></span> <span class='ocrx_word' id='word_1_855' title='bbox 1738 2986 1887 3019; x_wconf 84' lang='lat' dir='ltr'><strong>Etiamsi</strong></span> <span class='ocrx_word' id='word_1_856' title='bbox 1915 2987 2008 3018; x_wconf 84' lang='lat' dir='ltr'><strong>euim</strong></span> <span class='ocrx_word' id='word_1_857' title='bbox 2035 2985 2068 3018; x_wconf 92' lang='lat' dir='ltr'><strong>id</strong></span> <span class='ocrx_word' id='word_1_858' title='bbox 2101 2998 2223 3020; x_wconf 87' lang='lat' dir='ltr'><strong>verum</strong></span> <span class='ocrx_word' id='word_1_859' title='bbox 2258 2987 2329 3026; x_wconf 86' lang='lat' dir='ltr'><strong>sit,</strong></span> <span class='ocrx_word' id='word_1_860' title='bbox 2365 2994 2431 3016; x_wconf 77' lang='lat' dir='ltr'>1¹0ss</span> <span class='ocrx_word' id='word_1_861' title='bbox 2460 2991 2513 3015; x_wconf 67' lang='lat' dir='ltr'><strong>ta-</strong></span> 
     </span>
     <span class='ocr_line' id='line_1_121' title="bbox 1389 3028 2515 3078; baseline -0.001 -13"><span class='ocrx_word' id='word_1_862' title='bbox 1389 3044 1469 3065; x_wconf 85' lang='lat' dir='ltr'><strong>men</strong></span> <span class='ocrx_word' id='word_1_863' title='bbox 1495 3031 1573 3065; x_wconf 88' lang='lat' dir='ltr'><strong>inde</strong></span> <span class='ocrx_word' id='word_1_864' title='bbox 1600 3032 1771 3065; x_wconf 87' lang='lat' dir='ltr'><strong>minuitur</strong></span> <span class='ocrx_word' id='word_1_865' title='bbox 1798 3031 1889 3076; x_wconf 86' lang='lat' dir='ltr'><strong>apud</strong></span> <span class='ocrx_word' id='word_1_866' title='bbox 1907 3033 2048 3065; x_wconf 69' lang='lat' dir='ltr'><strong>Graecos</strong></span> <span class='ocrx_word' id='word_1_867' title='bbox 2075 3032 2205 3078; x_wconf 86' lang='lat' dir='ltr'><strong>Synodi</strong></span> <span class='ocrx_word' id='word_1_868' title='bbox 2232 3033 2275 3066; x_wconf 79' lang='lat' dir='ltr'><strong>ab</strong></span> <span class='ocrx_word' id='word_1_869' title='bbox 2299 3040 2339 3062; x_wconf 62' lang='lat'><strong>20</strong></span> <span class='ocrx_word' id='word_1_870' title='bbox 2359 3028 2515 3061; x_wconf 70' lang='lat' dir='ltr'><strong>celebra·</strong></span> 
     </span>
     <span class='ocr_line' id='line_1_122' title="bbox 1392 3074 2514 3122; baseline -0.003 -10"><span class='ocrx_word' id='word_1_871' title='bbox 1392 3086 1437 3112; x_wconf 82' lang='lat' dir='ltr'><strong>tae</strong></span> <span class='ocrx_word' id='word_1_872' title='bbox 1462 3079 1684 3118; x_wconf 79' lang='lat' dir='ltr'><strong>auctoritas3</strong></span> <span class='ocrx_word' id='word_1_873' title='bbox 1723 3084 1799 3111; x_wconf 82' lang='lat' dir='ltr'><strong>tum</strong></span> <span class='ocrx_word' id='word_1_874' title='bbox 1823 3080 1905 3122; x_wconf 81' lang='lat' dir='ltr'><strong>quia</strong></span> <span class='ocrx_word' id='word_1_875' title='bbox 1933 3079 2020 3112; x_wconf 84' lang='lat' dir='ltr'><strong>nihil</strong></span> <span class='ocrx_word' id='word_1_876' title='bbox 2048 3080 2081 3113; x_wconf 91' lang='lat' dir='ltr'><strong>in</strong></span> <span class='ocrx_word' id='word_1_877' title='bbox 2107 3092 2145 3113; x_wconf 80' lang='lat' dir='ltr'><strong>ea</strong></span> <span class='ocrx_word' id='word_1_878' title='bbox 2174 3079 2351 3112; x_wconf 73' lang='lat' dir='ltr'><strong>definitum</strong></span> <span class='ocrx_word' id='word_1_879' title='bbox 2379 3075 2444 3108; x_wconf 84' lang='lat' dir='ltr'><strong>fuit</strong></span> <span class='ocrx_word' id='word_1_880' title='bbox 2470 3074 2514 3107; x_wconf 78' lang='lat' dir='ltr'><strong>de</strong></span> 
     </span>
     <span class='ocr_line' id='line_1_123' title="bbox 1392 3121 2514 3166; baseline -0.004 -8"><span class='ocrx_word' id='word_1_881' title='bbox 1392 3124 1551 3158; x_wconf 86' lang='lat' dir='ltr'><strong>articulis</strong></span> <span class='ocrx_word' id='word_1_882' title='bbox 1577 3136 1638 3158; x_wconf 88' lang='lat' dir='ltr'><strong>nos</strong></span> <span class='ocrx_word' id='word_1_883' title='bbox 1664 3125 1756 3158; x_wconf 88' lang='lat' dir='ltr'><strong>inter</strong></span> <span class='ocrx_word' id='word_1_884' title='bbox 1775 3128 1806 3157; x_wconf 84' lang='lat'>&amp;</span> <span class='ocrx_word' id='word_1_885' title='bbox 1825 3126 1905 3158; x_wconf 87' lang='lat' dir='ltr'><strong>illos</strong></span> <span class='ocrx_word' id='word_1_886' title='bbox 1925 3129 2186 3166; x_wconf 76' lang='lat' dir='ltr'><strong>controversis3</strong></span> <span class='ocrx_word' id='word_1_887' title='bbox 2212 3132 2285 3155; x_wconf 84' lang='lat' dir='ltr'><strong>tum</strong></span> <span class='ocrx_word' id='word_1_888' title='bbox 2305 3122 2410 3154; x_wconf 80' lang='lat' dir='ltr'><strong>etiam</strong></span> <span class='ocrx_word' id='word_1_889' title='bbox 2429 3121 2514 3164; x_wconf 72' lang='lat' dir='ltr'><strong>quia</strong></span> 
     </span>
     <span class='ocr_line' id='line_1_124' title="bbox 1390 3167 2513 3217; baseline -0.004 -13"><span class='ocrx_word' id='word_1_890' title='bbox 1390 3171 1451 3204; x_wconf 80' lang='lat' dir='ltr'><strong>alii</strong></span> <span class='ocrx_word' id='word_1_891' title='bbox 1477 3170 1715 3211; x_wconf 67' lang='lat' dir='ltr'><strong>Patriarchae,</strong></span> <span class='ocrx_word' id='word_1_892' title='bbox 1751 3179 1854 3216; x_wconf 82' lang='lat' dir='ltr'><strong>atque</strong></span> <span class='ocrx_word' id='word_1_893' title='bbox 1881 3173 2071 3217; x_wconf 80' lang='lat' dir='ltr'><strong>Episcopi,</strong></span> <span class='ocrx_word' id='word_1_894' title='bbox 2102 3173 2160 3217; x_wconf 87' lang='lat' dir='ltr'><strong>qui</strong></span> <span class='ocrx_word' id='word_1_895' title='bbox 2194 3167 2307 3201; x_wconf 87' lang='lat' dir='ltr'><strong>eidem</strong></span> <span class='ocrx_word' id='word_1_896' title='bbox 2343 3168 2513 3200; x_wconf 77' lang='lat' dir='ltr'><strong>interfue-</strong></span> 
     </span>
     <span class='ocr_line' id='line_1_125' title="bbox 1390 3214 2513 3260; baseline -0.011 -2"><span class='ocrx_word' id='word_1_897' title='bbox 1390 3225 1501 3257; x_wconf 66' lang='lat' dir='ltr'><strong>runt,</strong></span> <span class='ocrx_word' id='word_1_898' title='bbox 1537 3226 1655 3260; x_wconf 86' lang='lat' dir='ltr'><strong>aperte</strong></span> <span class='ocrx_word' id='word_1_899' title='bbox 1683 3217 1864 3251; x_wconf 86' lang='lat' dir='ltr'><strong>schismati</strong></span> <span class='ocrx_word' id='word_1_900' title='bbox 1892 3219 2082 3258; x_wconf 79' lang='lat' dir='ltr'><strong>favebant3</strong></span> <span class='ocrx_word' id='word_1_901' title='bbox 2116 3229 2155 3249; x_wconf 83' lang='lat' dir='ltr'><strong>ac</strong></span> <span class='ocrx_word' id='word_1_902' title='bbox 2178 3214 2319 3248; x_wconf 82' lang='lat' dir='ltr'><strong>demum</strong></span> <span class='ocrx_word' id='word_1_903' title='bbox 2344 3214 2425 3258; x_wconf 89' lang='lat' dir='ltr'><strong>quia</strong></span> <span class='ocrx_word' id='word_1_904' title='bbox 2453 3226 2513 3246; x_wconf 83' lang='lat' dir='ltr'><strong>ea-</strong></span> 
     </span>
     <span class='ocr_line' id='line_1_126' title="bbox 1389 3260 2512 3309; baseline -0.004 -13"><span class='ocrx_word' id='word_1_905' title='bbox 1389 3262 1468 3296; x_wconf 85' lang='lat' dir='ltr'><strong>dem</strong></span> <span class='ocrx_word' id='word_1_906' title='bbox 1494 3261 1651 3297; x_wconf 74' lang='lat' dir='ltr'><strong>doctrina</strong></span> <span class='ocrx_word' id='word_1_907' title='bbox 1677 3265 1742 3297; x_wconf 87' lang='lat' dir='ltr'><strong>fuit</strong></span> <span class='ocrx_word' id='word_1_908' title='bbox 1769 3274 1887 3309; x_wconf 85' lang='lat' dir='ltr'><strong>postea</strong></span> <span class='ocrx_word' id='word_1_909' title='bbox 1913 3279 1948 3299; x_wconf 71' lang='lat' dir='ltr'><strong>in</strong></span> <span class='ocrx_word' id='word_1_910' title='bbox 1976 3262 2114 3309; x_wconf 86' lang='lat' dir='ltr'><strong>Synodo</strong></span> <span class='ocrx_word' id='word_1_911' title='bbox 2143 3261 2299 3305; x_wconf 86' lang='lat' dir='ltr'><strong>sequenti</strong></span> <span class='ocrx_word' id='word_1_912' title='bbox 2327 3260 2512 3294; x_wconf 83' lang='lat' dir='ltr'><strong>confirma-</strong></span> 
     </span>
     <span class='ocr_line' id='line_1_127' title="bbox 1389 3305 2513 3359; baseline -0.002 -18"><span class='ocrx_word' id='word_1_913' title='bbox 1389 3316 1424 3341; x_wconf 85' lang='lat' dir='ltr'><strong>ta</strong></span> <span class='ocrx_word' id='word_1_914' title='bbox 1439 3331 1450 3349; x_wconf 93' lang='lat'>‚</span> <span class='ocrx_word' id='word_1_915' title='bbox 1476 3321 1661 3355; x_wconf 85' lang='lat' dir='ltr'><strong>suppresso</strong></span> <span class='ocrx_word' id='word_1_916' title='bbox 1689 3319 1826 3345; x_wconf 78' lang='lat' dir='ltr'><strong>tantum</strong></span> <span class='ocrx_word' id='word_1_917' title='bbox 1846 3312 1974 3359; x_wconf 80' lang='lat' dir='ltr'><strong>cyrilli</strong></span> <span class='ocrx_word' id='word_1_918' title='bbox 1999 3310 2143 3345; x_wconf 84' lang='lat' dir='ltr'><strong>Lucaris</strong></span> <span class='ocrx_word' id='word_1_919' title='bbox 2162 3308 2302 3344; x_wconf 85' lang='lat' dir='ltr'><strong>nomine</strong></span> <span class='ocrx_word' id='word_1_920' title='bbox 2315 3331 2329 3352; x_wconf 87' lang='lat'><strong>,</strong></span> <span class='ocrx_word' id='word_1_921' title='bbox 2353 3305 2397 3341; x_wconf 83' lang='lat' dir='ltr'><strong>ad</strong></span> <span class='ocrx_word' id='word_1_922' title='bbox 2421 3305 2513 3341; x_wconf 83' lang='lat' dir='ltr'><strong>invi-</strong></span> 
     </span>
     <span class='ocr_line' id='line_1_128' title="bbox 1389 3353 1850 3403; baseline 0 -12"><span class='ocrx_word' id='word_1_923' title='bbox 1389 3353 1485 3391; x_wconf 76' lang='lat' dir='ltr'><strong>diam</strong></span> <span class='ocrx_word' id='word_1_924' title='bbox 1511 3357 1579 3403; x_wconf 85' lang='lat' dir='ltr'><strong>ipsi</strong></span> <span class='ocrx_word' id='word_1_925' title='bbox 1602 3356 1850 3394; x_wconf 73' lang='lat' dir='ltr'><strong>minuendam.</strong></span> 
     </span>
    </p>
   </div>
  </div>
 </body>
</html>
