2605 3624
244 166 257 192 ¹
275 152 324 202 74

174 227 323 268 lebium
342 254 353 272 ,
369 223 537 275 aliosque
558 221 840 272 Missionarios,
871 231 935 262 ant
954 224 1183 264 itineratores
1200 256 1211 274 ,
1233 229 1302 279 qui

177 278 413 320 contrarium
443 286 706 325 asseruerunt,
742 291 807 316 seu
848 277 950 329 quod
993 278 1150 318 illarum
1180 283 1301 318 natio-

173 346 268 372 num
297 332 449 382 praxim
476 330 579 369 haud
608 331 770 383 perfecte
798 332 1065 383 cognoverint,
1105 347 1169 371 seu
1199 335 1302 386 quod

174 383 381 424 nonnullos
410 384 572 432 abusus,
603 385 668 437 qui
701 386 737 422 in
766 383 914 437 aliquas
935 385 1145 438 peculiares
1167 385 1301 426 Eccle-

174 441 248 478 sias
277 439 370 477 vitio
396 439 657 478 ministrorum
697 440 951 490 irrepserunt,
994 452 1066 489 pro
1094 439 1299 477 universali

173 492 315 545 praxi,
344 490 378 529 δε
407 491 673 530 consuetudine
694 493 905 542 acceperint
923 518 932 529 .
963 491 1027 529 Sic
1047 493 1150 543 quod
1179 505 1223 529 ex
1253 492 1300 530 fi.-

174 547 223 583 de
251 545 446 596 Zagazabo
475 553 600 583 narrat
622 545 836 583 Damianus
863 560 884 582 a
906 544 1006 582 Goez
1023 575 1033 592 ,
1062 554 1200 582 matres
1221 545 1299 583 En-

174 598 364 637 eharistiae
381 597 671 638 Sacramentum
701 611 869 645 sumere,
901 606 939 634 nt
970 600 1079 648 pueri
1108 599 1146 635 in
1167 611 1299 636 earum

173 661 281 691 utero
306 652 591 691 sanctificentur
608 682 618 699 ,
656 653 778 703 potuit
806 664 883 688 esse
911 651 1167 702 quorumdam
1196 664 1300 688 error

171 719 218 743 ex
247 704 425 745 anomala
454 707 588 756 pietate
617 705 867 756 proveniens,
906 702 1121 741 nullatenus
1151 704 1197 741 iis
1226 704 1300 742 Ec-

173 758 299 798 clesiis
327 758 567 803 tribuendt193
609 770 775 809 quarum
805 764 931 803 recta,
962 755 995 791 8(
1024 755 1242 794 orthodoxa·
1260 757 1301 795 in

173 811 247 856 hoc
275 812 449 863 dogmate
477 810 572 850 fides
599 818 739 848 constat
777 822 821 847 ex
852 807 1176 847 Patriarchalibus
1210 817 1298 848 con-

180 863 441 903 stitutionibus
469 891 480 909 ,
537 861 570 898 ἃ
621 863 788 914 antiquis
829 874 1021 900 canonum
1064 861 1299 900 collectioni-

176 919 277 965 bus,
319 931 414 969 quas
441 931 463 955 a
491 915 722 968 quibusdam
752 915 860 954 novis
888 915 1179 953 collectionibus
1207 929 1299 954 cau-

172 981 206 1008 te
251 969 529 1020 distinguendas
575 977 706 1008 monet
733 998 744 1016 ,
800 982 888 1019 quae
931 969 1076 1005 nonnisi
1128 970 1296 1021 privato-

168 1036 258 1062 tum
287 1022 541 1074 quorumdam
570 1022 715 1060 monita
744 1023 966 1059 continent.
996 1021 1112 1060 Affert
1143 1021 1301 1060 ulterius

168 1077 275 1115 laud.
299 1075 557 1123 Rienaudotius
585 1076 797 1114 testimonia
825 1074 1131 1114 luculentissima
1161 1078 1299 1128 praeci·

166 1142 336 1183 puorum
364 1129 619 1181 scriptorum,
662 1130 729 1181 qui
773 1129 813 1165 in
856 1128 934 1167 illis
964 1129 1299 1167 communionibus

172 1184 412 1229 floruerunt,
446 1191 484 1219 ut
514 1192 599 1219 sunt
628 1182 703 1219 duo
731 1181 900 1220 celebres
929 1182 1061 1220 fratres
1089 1183 1298 1222 Ebnassal—

170 1236 198 1275 li
216 1264 231 1283 ,
258 1236 291 1271 ἃ
320 1234 564 1287 Ferge-allah
586 1235 806 1283 Echmimi,
836 1237 903 1287 qui
934 1237 974 1274 in
1005 1236 1201 1275 Thebaide
1231 1250 1301 1274 an*

171 1298 206 1326 te
235 1289 329 1327 duos
356 1288 445 1326 illos.
471 1289 606 1326 fratres
634 1288 762 1340 plures
791 1302 948 1326 canones
977 1299 1151 1328 accurate
1181 1289 1298 1328 colle-

171 1344 226 1394 git
243 1373 254 1390 ,
284 1342 320 1380 3<
350 1343 389 1380 in
416 1355 502 1394 cap.
524 1341 574 1379 V.
603 1340 784 1394 baptismi
812 1344 1071 1381 necessitatem
1092 1344 1232 1381 evincit
1251 1356 1298 1381 ex

170 1398 219 1434 iis
248 1394 387 1434 Christi
417 1394 568 1433 verbis:
596 1393 687 1432 Nisi
715 1399 777 1446 qui
806 1405 970 1434 renititis
986 1394 1118 1448 fuerit
1134 1405 1221 1437 (9⁴0.
1250 1397 1299 1435 Et

167 1448 419 1485 decretorium
448 1447 562 1498 plane
591 1457 860 1498 argumentum
891 1450 1107 1500 suppeditat
1136 1450 1204 1487 iila
1225 1450 1300 1501 Sy-

167 1500 315 1539 :nodalis
344 1501 560 1538 constitutio
588 1515 610 1537 a
639 1500 789 1552 Cyrillo
806 1501 1063 1540 Alexandrino
1079 1502 1298 1541 Patriarcha

167 1555 268 1592 edita
298 1566 396 1592 anno
431 1552 574 1601 12400,
617 1553 685 1591 ubi
724 1562 802 1604 post
839 1553 1070 1592 declaratam
1104 1568 1300 1593 summam

171 1608 357 1659 baptismi
373 1607 630 1645 necessitatem
659 1619 705 1643 ex
735 1605 840 1645 laud.
862 1607 988 1646 verbis
1002 1607 1094 1646 Nisi
1123 1612 1209 1659 quis
1235 1621 1298 1646 re-

168 1670 290 1699 natus
306 1660 437 1714 fuerit
452 1660 567 1708 (9²02,
611 1662 811 1708 statuitur,
841 1659 1052 1699 solemnem
1082 1662 1298 1713 baptizandi

166 1717 284 1753 ritum
313 1714 522 1753 admodum
549 1713 768 1765 prolixum,
798 1723 863 1752 aut
881 1713 1189 1753 abbreviandum
1210 1728 1299 1762 esse,

168 1778 233 1807 aut
261 1769 378 1806 etiam
410 1780 561 1819 prorsus
590 1767 869 1814 omittendum,
897 1768 1054 1820 quando
1082 1767 1303 1821 periculum

176 1823 308 1860 mortis
337 1822 475 1859 infanti
504 1820 733 1872 baptizando
761 1821 965 1860 imminet.

233 1875 324 1913 255.
354 1873 558 1924 Objiciunt
586 1873 784 1911 Sociniuni
815 1883 945 1917 contra
974 1874 1135 1913 alteram
1164 1883 1304 1912 nostrae

171 1928 436 1981 propositionis
458 1936 600 1978 partem
620 1957 629 1974 ,
660 1928 925 1965 contendentes
942 1958 952 1976 ,
982 1928 1135 1965 nullum
1154 1943 1177 1966 a
1191 1927 1301 1966 Chri„

171 1993 225 2019 sto
272 1982 494 2031 impositum
524 1981 638 2017 fuisse
677 1979 858 2032 baptismi
903 1991 1168 2033 praeceptum,
1210 1983 1302 2030 quia

171 2033 355 2088 permulti
386 2034 491 2071 fuere
523 2035 601 2072 veri
622 2032 829 2071 Christiani
859 2033 969 2071 nullo
989 2034 1303 2085 baptismatetin-

171 2090 222 2126 cti
242 2102 251 2133 ;
282 2096 322 2125 ut
340 2086 478 2137 Apollo
495 2116 504 2134 ,
534 2086 580 2124 de
599 2100 675 2138 quo
689 2088 774 2124 Act.
788 2086 959 2135 XVIII.,
989 2087 1030 2126 S.
1050 2087 1212 2126 Joannes
1232 2087 1304 2125 Ea-

177 2143 316 2193 ptista,
346 2139 542 2192 Discipuli
575 2154 668 2190 7o.,
710 2140 911 2193 quingenti
939 2139 997 2179 illi
1029 2141 1187 2188 fratres,
1217 2142 1303 2192 qui-

172 2194 245 2233 bus
275 2195 402 2231 visum
434 2193 548 2231 fuisse
577 2192 799 2241 Christum,
829 2202 1030 2246 postquam
1061 2197 1262 2232 resurrexit
1283 2209 1305 2233 a

174 2249 365 2295 mortuis,
393 2246 525 2284 scribit
555 2245 595 2284 S.
627 2245 769 2284 Paulus.
800 2249 942 2285 1.C'or.
964 2248 1058 2286 XV.
1076 2247 1139 2296 6.,
1184 2249 1311 2285 immo

174 2302 249 2352 ipsi
280 2298 478 2352 Apostoli,
521 2299 554 2336 8<
585 2299 828 2338 Sanc-tissima
858 2300 977 2352 Virgo
1005 2301 1134 2341 Maria
1165 2301 1305 2340 nullibi

170 2354 356 2403 baptizari
387 2353 586 2405 leguntur:
628 2354 729 2404 qnod
759 2362 856 2390 certe
886 2367 963 2392 non
989 2355 1230 2406 contigisset,
1274 2356 1304 2393 si

175 2407 347 2444 Christus
376 2420 510 2445 verum
538 2407 717 2446 omnibns
745 2407 906 2446 dedisset
925 2408 1169 2460 baptismum
1187 2410 1305 2447 susci-

177 2460 306 2512 piendi
338 2469 571 2512 praeceptum
591 2487 604 2498 0
762 2496 773 2502 ‚

231 2512 322 2551 256.
355 2512 465 2550 Hanc
493 2512 760 2552 difficultatem
790 2513 871 2564 jam
908 2513 1074 2553 diluerat
1101 2515 1144 2554 S.
1174 2514 1308 2567 Augu„

177 2566 296 2604 stinus
334 2567 443 2618 epist.
472 2565 662 2604 CCLXX.
705 2568 753 2605 ad
781 2568 1052 2607 Seleucianum
1094 2570 1304 2622 inquiens:

179 2651 204 2669 „
235 2619 434 2671 Postquam
451 2619 642 2658 Dominus
658 2619 829 2659 Christus
849 2622 886 2660 in
899 2622 1073 2661 Ecclesia
1092 2637 1158 2661 sua
1170 2623 1304 2662 Sacra-

180 2703 206 2721 „
239 2682 410 2710 mentum
441 2675 529 2711 novi
561 2672 768 2711 testamenti
799 2688 868 2725 pro
903 2677 1198 2715 circumcisione·
1222 2691 1306 2714 car-

180 2755 206 2773 „
237 2728 294 2763 nis
323 2734 495 2763 sanctum
525 2726 759 2777 baptismum
780 2728 908 2777 dedit,
940 2728 973 2765 ἃ
993 2731 1228 2781 apertissime
1248 2730 1306 2767 di-

184 2807 211 2827 „
241 2779 317 2815 xit:
361 2779 404 2817 Si
433 2783 517 2830 quis
546 2793 625 2818 non
655 2790 819 2819 renatus
835 2780 969 2833 fuerit
996 2796 1050 2820 ex
1079 2796 1214 2833 aqua,
1256 2782 1309 2823 Θ*

185 2861 212 2879 9,
243 2831 387 2881 Spiritu
417 2842 585 2882 structo,
630 2848 708 2871 non
737 2835 897 2873 intrabit
926 2839 968 2873 in
996 2849 1163 2886 regnum
1195 2836 1309 2873 coelo-

184 2913 210 2933 „
241 2897 330 2920 rum
348 2914 359 2931 ,
390 2885 467 2935 jain
499 2900 571 2924 non
599 2887 784 2926 debemus
800 2901 1003 2941 quaerere,
1031 2890 1189 2940 quando
1204 2890 1308 2941 quis-

182 2966 213 2986 „
243 2950 319 2990 que
349 2938 461 2975 fuerit
490 2939 727 2990 baptizatus,
763 2945 827 2980 sed
856 2955 1115 2994 quoscumque
1145 2941 1308 2993 legimus

180 3017 207 3039 „
237 2991 278 3028 in
305 3003 460 3041 corpore
489 2992 626 3030 Christi
644 3023 654 3041 ,
684 2996 784 3046 quod
814 3005 865 3034 est
894 2994 1064 3033 Ecclesia
1082 3023 1092 3042 ,
1121 2996 1308 3046 pertinere

184 3074 211 3094 „
241 3044 289 3081 ad
318 3057 478 3095 regnum
507 3045 720 3096 coelorum,
749 3050 904 3087 nonnisi
931 3049 1139 3100 baptizatos
1165 3048 1318 3086 intelli-'

187 3127 215 3147 „
244 3110 331 3148 gere
359 3097 540 3135 debemus
562 3127 572 3145 ,
615 3100 689 3137 nisi
720 3101 812 3138 forte
841 3115 938 3154 quos
964 3102 1136 3153 angustia
1169 3103 1313 3154 passio-

185 3180 214 3200 „
243 3152 301 3188 nis
330 3151 500 3199 invenit,
531 3150 566 3187 δε
595 3152 761 3190 nolentes
790 3168 926 3205 negare
954 3154 1167 3202 Christum,
1205 3161 1314 3193 ante-

190 3234 217 3253 „
246 3218 363 3256 quam
404 3204 712 3256 baptizarentur,
754 3209 869 3245 occisi
905 3217 1014 3254 sunt,
1058 3207 1200 3258 quibus
1228 3210 1310 3260 ipsa

187 3275 221 3306 3„
250 3259 373 3308 passio
403 3270 470 3309 pro
499 3257 690 3310 baptismo
715 3259 894 3310 deputata
909 3270 986 3298 est.
1015 3260 1089 3298 Sed
1119 3263 1311 3313 numquid

169 3309 218 3360 ⁵2>
247 3309 317 3369 hoc
346 3323 545 3365 possumus
572 3311 816 3365 ‹lm-*apostolis
846 3313 997 3364 dicere,
1027 3315 1096 3367 qui
1126 3328 1241 3368 usque
1269 3331 1309 3355 a·

1031 145 1390 189 DISSERT.111.
1425 145 1552 188 CAP.
1577 146 1658 189 tx.

1371 257 1397 276 „
1426 226 1496 263 deo
1524 226 1672 277 largum
1702 231 1851 276 tempus
1880 223 2122 273 habuerunt,
2151 224 2229 278 quo
2256 224 2491 277 baptizarem.

1371 309 1398 329 „
1428 288 1514 326 tur,
1555 290 1592 317 ut
1622 278 1717 316 alios
1754 279 1866 316 etiam
1895 277 2199 331 baptizaverint?
2241 279 2315 317 Sed
2353 294 2424 318 non
2453 294 2492 318 o-

1371 363 1397 381 „
1428 334 1559 380 inuia,
1586 345 1674 383 quae
1705 332 1803 369 facta
1832 341 1943 380 sunt,
1974 334 2090 371 etiam
2117 334 2256 384 scripta
2287 334 2497 373 inveniun-

1370 416 1396 434 „
1427 395 1512 429 tur;
1543 394 1803 422 verumtamen
1832 385 1930 423 facta
1958 397 2034 424 esse
2062 399 2107 424 ex
2137 387 2270 424 ceteris
2285 387 2494 425 documen-

1371 468 1396 486 „
1427 440 1471 475 tis
1502 437 1707 488 probantur
1728 462 1738 474 .
1768 437 1963 489 Scriptum
1992 449 2070 487 est,
2101 441 2254 491 quando
2284 440 2494 493 baptizatus

1370 520 1395 538 „
1425 492 1470 527 sit
1489 489 1684 540 Apostolus
1701 488 1866 537 Paulus,
1898 490 1930 526 8<
1951 494 2134 544 scriptum
2164 506 2239 532 non
2269 503 2340 541 est,
2371 507 2494 545 quan-

1368 572 1394 591 „
1424 542 1471 582 do
1486 541 1665 591 baptizati
1695 542 1765 578 sint
1795 541 1861 578 alii
1881 543 2074 594 Apostoli3
2105 556 2348 584 veruntamen
2378 550 2493 584 etiam

1368 624 1393 643 „
1426 595 1524 644 ipsos
1542 595 1748 645 baptizatos
1769 594 1980 645 intelligere
2000 598 2203 638 debemus.
2232 600 2493 648 Quemadmo-

1370 675 1396 696 „
1425 648 1517 684 dum
1548 648 1732 698 seriptum
1762 656 1838 695 est,
1887 650 2038 699 quando
2068 651 2269 703 baptizatae
2302 655 2377 691 sint
2412 652 2492 705 ple-

1369 730 1396 750 „
1427 699 1490 738 bes
1511 699 1771 739 Ecclesiarum
1788 701 1827 738 in
1843 699 2075 750 Jerusalem,
2097 703 2132 739 ἃ
2148 700 2321 744 Samaria
2339 722 2348 752 3
2369 719 2492 758 quan-

1369 784 1396 804 „
1425 754 1475 791 do
1500 763 1625 792 autem
1656 754 1856 805 baptizatae
1887 755 1960 792 sint
2001 754 2090 793 aliae
2134 756 2265 808 plebes
2297 762 2493 810 gentium,

1368 837 1395 857 ,‚
1425 807 1564 859 quibus
1588 807 1762 860 Apostoli
1785 806 1962 859 epistolas
1992 809 2203 858 miserunt,
2233 823 2308 849 non
2337 821 2389 849 est
2419 814 2495 851 uti-

1368 891 1393 910 „
1422 875 1498 913 que
1526 862 1708 913 scriptum
1727 891 1737 909 ,
1770 859 1803 896 ἃ
1833 870 1958 899 tamen
1988 863 2102 900 etiam
2131 863 2233 913 ipsas
2262 864 2491 914 baptizatas,

1366 944 1394 963 „
1426 915 1555 966 utique
1585 916 1745 952 minime
1774 914 1994 953 dubitamus
2023 925 2176 967 propter
2206 915 2313 954 illam
2331 916 2491 957 Domini

1368 997 1394 1015 „
1425 969 1669 1006 seutentiam:
1698 966 1788 1005 Nisi
1816 973 1880 1018 qui
1909 968 2212 1021 renatusfuerit
2227 970 2351 1010 &c.''
2383 970 2492 1008 Hane

1367 1020 1542 1072 Magistri
1571 1023 1628 1058 sui
1659 1023 1869 1059 doctrinam
1899 1022 2026 1060 attulit
2057 1023 2257 1075 Angelicus
2297 1023 2334 1062 5.
2355 1037 2394 1074 p.
2425 1037 2495 1074 qu·

1369 1073 1435 1113 58.
1465 1082 1536 1112 art.
1566 1075 1604 1113 6.
1632 1076 1677 1112 ad
1712 1089 1775 1124 2.,
1806 1084 1846 1113 ut
1874 1078 2110 1124 ostenderet,
2150 1076 2347 1128 Apostolos
2377 1077 2497 1115 fuisse

1366 1127 1577 1179 baptizatos
1603 1129 1832 1180 baptismate
1858 1128 2034 1167 Christi.
2082 1131 2122 1168 ln
2152 1144 2249 1181 resp.
2285 1139 2410 1169 autem
2441 1130 2493 1168 ad

1367 1181 1408 1219 5.
1427 1182 1593 1232 idipsum
1615 1184 1742 1220 asserit
1761 1184 1807 1220 de
1825 1182 1969 1220 Joanne
1991 1184 2109 1220 fretus
2126 1184 2347 1222 auctoritate
2366 1183 2494 1234 Chry-

1365 1236 1543 1282 sostomi,
1573 1235 1607 1272 8<
1637 1235 1895 1287 Hieronymi.
1926 1236 2006 1274 Hoc
2036 1245 2157 1274 totum
2185 1245 2295 1275 antea
2326 1236 2494 1273 tradide-

1364 1297 1448 1326 rant
1464 1287 1726 1327 Tertullianus
1755 1288 1802 1326 <le
1822 1287 2016 1338 baptismo
2036 1304 2121 1342 cap.
2149 1303 2208 1328 12.
2228 1319 2238 1338 ,
2268 1289 2300 1326 &
2317 1288 2497 1327 Clemens

1365 1340 1476 1379 Alex.
1506 1342 1596 1381 Lib.
1625 1341 1675 1380 V.
1719 1341 2033 1396 Hypotyposeon
2063 1343 2166 1396 apud
2193 1342 2252 1381 Jo.
2283 1341 2494 1381 Moschum

1367 1395 1405 1433 in
1434 1394 1560 1433 Proto
1588 1394 1721 1445 Spiric.
1750 1411 1839 1449 cap.
1864 1396 1953 1447 176.

1424 1448 1515 1498 257.
1546 1449 1744 1495 Quantum
1786 1459 1926 1501 spectat
1971 1449 2016 1487 ad
2063 1449 2203 1501 Apollo
2237 1456 2497 1487 memoratum

1367 1500 1453 1539 Act.
1473 1501 1619 1540 XVllt.
1636 1532 1646 1549 ,
1677 1517 1762 1554 sup.
1792 1517 1830 1540 n.
1851 1503 1916 1541 65.
1948 1504 2208 1554 respondimus
2225 1532 2236 1551 ,
2266 1504 2392 1555 ipsum
2413 1501 2497 1553 jam

1366 1552 1604 1604 baptizatum
1632 1555 1860 1606 baptismate
1889 1556 2046 1594 Joannis
2075 1557 2190 1594 fuisse
2211 1586 2223 1604 ,
2266 1563 2395 1608 postea
2431 1556 2502 1594 de*

1367 1619 1441 1643 nuo
1469 1608 1701 1659 baptizatum
1731 1610 1924 1661 baptismo
1948 1608 2120 1647 Christi.

1423 1659 1517 1699 τὶ58.
1545 1661 1608 1699 De
1633 1662 1854 1700 Beatissima
1869 1662 2028 1713 Virgine
2058 1661 2186 1700 Maria
2214 1661 2341 1713 placet
2368 1675 2410 1699 ea
2432 1661 2502 1699 'af-

1334 1742 1336 1744 -
1368 1711 1496 1758 ferre,
1540 1727 1627 1764 quae
1668 1715 1962 1763 prudentissime
2004 1714 2118 1752 habet
2146 1715 2376 1752 Dominicus
2409 1713 2499 1752 Soto

1371 1766 1410 1804 in
1441 1765 1508 1804 IV.
1539 1766 1638 1804 Dist.
1658 1766 1708 1804 V.
1739 1782 1806 1818 qu.
1836 1769 1950 1806 unica.
1977 1776 2046 1805 art.
2066 1780 2105 1805 2.
2133 1767 2332 1819 inquiens:
2363 1796 2389 1815 „
2409 1765 2503 1804 Pro-

1373 1847 1398 1866 „
1429 1819 1530 1857 fecto
1555 1833 1644 1857 cum
1674 1821 1718 1858 de
1749 1821 1919 1873 Deipara
1948 1821 2132 1860 caelorum
2163 1821 2297 1871 regina.
2331 1820 2373 1856 id
2401 1833 2502 1857 sem-

1372 1901 1397 1920 „
1430 1885 1496 1924 per
1525 1874 1768 1911 asserendum
1800 1877 1877 1923 sit,
1920 1874 2021 1927 quod
2050 1873 2164 1912 salvis
2192 1874 2306 1911 sacris
2334 1872 2499 1924 eloquiis

1372 1954 1398 1973 „
1430 1927 1478 1964 ad
1507 1927 1708 1965 cumulum
1739 1927 1893 1966 honoris
1922 1926 2002 1979 ejus
2024 1928 2235 1975 conducit,
2265 1926 2499 1964 credendum

1371 2007 1396 2026 „
1428 1988 1506 2027 est,
1536 1979 1651 2018 fuisse
1679 1980 1911 2032 baptizatam
1926 2006 1984 2020 ...r
2010 1980 2147 2032 Neque
2174 1992 2263 2019 vero
2290 1980 2320 2017 si
2349 1987 2500 2016 senten-

1375 2061 1400 2080 „
1430 2032 1524 2069 tiam
1553 2031 1664 2070 illam
1693 2041 1817 2071 teneas
1835 2063 1844 2081 ,
1875 2034 1977 2084 quod
2007 2033 2120 2070 fuerit
2148 2034 2191 2071 in
2215 2033 2335 2084 gratia
2356 2033 2498 2083 genita,

1371 2114 1398 2133 „
1429 2084 1478 2122 ab
1507 2087 1689 2137 omnique
1719 2085 1835 2138 culpa
1865 2096 2118 2138 praeservata,
2147 2084 2229 2137 ejus
2259 2085 2497 2123 excellentis-

1374 2167 1400 2186 „
1430 2139 1540 2175 simae
1568 2139 1753 2177 sanctitati
1784 2139 1964 2190 derogat,
1994 2140 2115 2176 immo
2135 2141 2182 2177 ad
2203 2138 2388 2177 honorem
2417 2137 2501 2190 ejus

1373 2220 1399 2239 „
1429 2193 1635 2243 apponitur
1653 2221 1665 2240 ,
1708 2193 1811 2243 quod
1839 2192 2057 2231 charactere
2087 2192 2353 2240 sacramenti,
2397 2192 2502 2244 quod

1375 2273 1400 2292 „
1430 2244 1603 2282 Christus
1631 2246 1870 2294 instituerat,
1910 2246 2016 2284 fieret
2044 2245 2286 2291 Christiana3
2328 2245 2502 2297 quando-

1375 2327 1401 2345 „
1431 2298 1588 2350 quidem
1617 2298 1806 2350 quidquid
1835 2300 1968 2351 gratiae
1989 2301 2156 2351 recepit,
2186 2300 2226 2337 in
2247 2300 2386 2338 virtute
2415 2311 2500 2350 pas-

1374 2381 1401 2400 „
1431 2352 1546 2390 sionis
1573 2351 1713 2390 Christi
1742 2353 1934 2401 obtinuit,
1965 2352 2079 2405 cujus
2105 2353 2397 2391 Sacramentum
2433 2351 2508 2402 baffi

1375 2435 1403 2453 „
1434 2407 1593 2457 ptismus
1621 2414 1674 2443 est
1691 2407 1717 2426 “
1736 2432 1745 2443 .
1792 2406 1874 2443 Non
1904 2415 1983 2444 erat
2021 2415 2148 2445 autem
2190 2406 2406 2457 baptismus
2435 2403 2501 2442 ille
2527 2415 2530 2418 ’

1374 2461 1415 2496 in
1444 2462 1722 2498 remissionem
1751 2469 2031 2508 peccatorum,
2069 2468 2108 2496 ut
2136 2467 2190 2497 est
2220 2461 2259 2496 in
2291 2458 2499 2509 peccatori-

1372 2512 1474 2559 bus,
1500 2513 1563 2551 sed
1593 2521 1630 2550 ut
1661 2512 1810 2551 visibili
1839 2512 1981 2549 Christi
2013 2510 2198 2550 Ecclesiae
2229 2513 2427 2548 uniretur.

1428 2567 1522 2618 259..
1549 2565 1664 2603 Porro
1691 2564 1777 2604 haec
1796 2566 1924 2603 omnia
1940 2564 2214 2603 confirmantur
2233 2577 2279 2601 ex
2298 2576 2367 2611 eO,
2397 2563 2501 2615 quod.

1373 2619 1489 2658 etiam
1518 2618 1605 2667 illi,
1635 2620 1702 2672 qui
1732 2628 1819 2658 ante
1847 2619 2080 2670 baptismum
2102 2618 2265 2668 gratiam
2287 2616 2512 2667 justificari-'

1374 2681 1450 2710 tem
1479 2675 1686 2711 intensione
1714 2672 1936 2720 charitatis,
1965 2673 2087 2709 immo
2114 2671 2149 2707 8(
2177 2670 2348 2710 visibilia.
2376 2670 2509 2722 spiri-⁷

1373 2734 1434 2763 tus
1459 2727 1575 2764 sancti
1603 2727 1701 2764 dona
1730 2726 1921 2764 consecuti
1961 2733 2094 2773 erant,
2137 2733 2331 2777 praecepto
2370 2732 2499 2761 tamen

1375 2779 1556 2830 baptismi
1586 2793 1624 2817 se
1651 2779 1812 2817 subdere
1831 2779 2074 2817 debuerunt.
2101 2778 2167 2816 Sic
2185 2776 2385 2815 Cornelius
2404 2776 2502 2813 Cen-

1375 2834 1504 2880 turio,
1535 2836 1590 2870 vir
1612 2834 1772 2885 justus,
1802 2846 1855 2871 ao
1883 2837 2030 2870 timens
2058 2831 2168 2870 Deus
2190 2861 2201 2879 ,
2231 2830 2265 2867 &
2286 2829 2365 2868 alit
2394 2829 2502 2868 audi-

1377 2894 1475 2923 tores
1503 2885 1598 2924 l'etri
1617 2916 1626 2934 ,
1670 2900 1783 2938 super
1816 2900 1910 2938 quos
1947 2884 2087 2924 cecidit
2116 2884 2282 2937 Spiritus
2310 2891 2501 2929 sanctim,

1377 2940 1508 2977 eodem
1530 2939 1638 2978 Petro
1656 2939 1814 2991 jubente
1833 2941 2017 2993 baptizati
2036 2947 2148 2989 sunt,
2176 2947 2216 2977 ut
2237 2938 2395 2976 refertur
2414 2935 2503 2974 Act.

1377 3007 1464 3044 cap,
1484 2993 1540 3031 X,

1432 3046 1593 3094 Quaeres
1623 3051 1778 3098 privio,
1816 3060 1892 3099 quo
1925 3056 2105 3097 tempore
2131 3046 2291 3099 caeperit·
2318 3041 2502 3090 baptismi

1377 3100 1611 3150 suscipiendi·
1641 3100 1870 3155 obligatio?
1947 3134 1949 3137 ⁴
2011 3134 2014 3138 .
2144 3116 2153 3125 ·
2315 3147 2323 3153 ·

1434 3155 1526 3200 240.
1556 3155 1735 3194 Diximus
1763 3169 1877 3208 supra
1906 3154 2072 3208 cap.lV.
2103 3166 2191 3191 crim
2208 3156 2342 3209 sanctis
2362 3146 2499 3185 Eccle-

1378 3208 1445 3245 siae
1475 3208 1707 3248 Doctorihus
1724 3209 1956 3261 Augustino,
1987 3208 2211 3249 &Thoma‚
2242 3214 2406 3261 prunam
2428 3200 2497 3238 ba-

1378 3263 1508 3314 ptismi
1537 3263 1812 3302 institutionem
1839 3277 1918 3302 esse
1946 3258 2189 3313 repetendamv
2217 3270 2238 3292 a
2259 3253 2398 3292 Christi
2427 3253 2500 3292 ba-

1379 3317 1555 3368 ptismate
1585 3317 1627 3356 in.
1659 3316 1848 3364 Jordane,
1887 3314 2160 3365 obligationem
2200 3317 2329 3349 tamen
2368 3307 2505 3398 ilitendi.

2387 3372 2449 3397 roc
