2605 3624
488 41 789 115 QUOMODO
824 54 1249 99 SAORAMENTA
1285 56 1574 100 caUsEN'r
1611 60 1923 106 οηΑτιΑΜ.
2249 70 2305 109 55

59 152 195 185 scunt.
243 139 448 182 Themistis
475 151 566 176 vero
594 147 734 190 praeter
777 136 871 174 fidos
900 148 1031 173 eorum
1062 137 1180 173 socios

58 199 293 238 doctissimos
305 193 619 233 salmanticenses
634 189 830 229 adhaerent
845 189 1047 227 Suarezius
1058 218 1069 237 ,
1089 189 1179 241 Syl-

61 254 170 300 vius,
197 250 341 302 aliiqu-
360 271 372 286 .

114 302 206 357 596.
234 300 410 352 Plerique
438 306 565 337 autem
594 305 671 335 tam
702 304 845 335 veteres
863 327 872 344 ‚
901 309 1018 348 quam
1049 308 1178 333 recen-

59 360 170 398 tiore!
185 385 198 406 ,
225 361 357 407 negant
372 352 550 391 virtutem
571 350 622 389 ali
656 365 742 388 uam
764 359 932 388 creatam
949 351 1178 388 Sacramen-

59 413 107 451 tis
134 400 280 456 inesse,
325 418 401 458 qua
430 406 565 457 gratiae
595 365 771 442 ediectuin
801 406 841 442 in
884 402 1178 456 suscipientium

58 469 280 518 operentur3
309 459 374 498 sed
403 473 447 497 ea
467 467 612 497 tantum
634 460 779 496 ratione
801 456 931 496 volunt
951 457 1177 495 Sacramen-

58 525 96 556 ta
123 526 197 553 esse
225 514 331 565 signa
358 513 492 564 gratiae
524 512 723 560 efficacia,
761 512 854 564 quia
884 512 1002 549 virtus
1032 509 1179 548 inl‘alli·

59 567 188 608 biliter
216 574 354 619 praesto
383 574 436 605 est
477 566 525 604 ad
555 565 728 604 eamdem
758 566 919 616 gratiam
965 565 1176 615 producen-

56 622 143 660 dam
173 621 302 673 positis
321 619 600 668 Sacramentis,
630 633 674 658 ac
704 628 903 671 propterea
924 617 1077 665 dicum,
1108 616 1177 654 Sa-

54 682 251 715 cramenta
280 687 359 713 esse
395 688 526 713 causas
556 673 757 721 morales,
805 686 892 723 qua:
924 671 1051 708 Deum
1097 683 1177 707 mo-

53 737 165 767 veant
193 728 240 766 ad
266 728 431 779 gratiam
460 727 752 771 conferendam
791 724 850 763 vel
883 725 1006 777 potius
1035 723 1178 761 habere

53 782 237 819 rationem
267 794 392 820 causae
420 785 507 819 sine
535 793 614 832 qua
643 792 749 828 non,
793 778 990 826 cum-sine
1017 777 1073 824 jis
1103 789 1176 815 non

52 843 251 873 moveatur
279 834 326 872 ad
355 834 518 872 dandam
538 833 726 886 gratiam.
759 830 860 868 Huic
888 831 1058 881 opinioni
1089 830 1177 868 sub-

55 887 223 926 scribunt
243 886 376 926 Scottis
392 917 403 935 ,
432 886 474 925 S.
496 886 756 925 Bonas-cutura
775 914 784 932 ,
816 884 933 923 Hem.
948 884 1175 921 Gandaven-

51 942 100 978 sis
118 971 128 988 ,
176 940 321 993 aliique
350 952 422 978 non
452 941 594 991 pauci,
637 953 707 977 nec
746 936 932 990 ignobiles
962 936 1146 988 Theologi
1165 963 1175 974 .

51 993 130 1042 Qui
159 1003 284 1031 tamen
314 993 477 1031 minime
506 993 603 1030 inter
645 1007 684 1030 se
713 993 967 1038 conveniunt,
1013 1005 1059 1028 an
1091 989 1175 1027 haec

51 1046 207 1084 moralis
234 1045 435 1084 causalitas
472 1046 518 1084 sit
548 1059 615 1099 per
659 1047 814 1084 modum
853 1047 1174 1094 impetrationis,

50 1107 116 1138 aut
144 1100 182 1138 vi
213 1100 312 1151 pacti
341 1099 542 1151 cujusdam
562 1130 572 1148 ,
601 1112 678 1152 quo
691 1099 865 1137 Christus
895 1100 932 1136 in
950 1097 1176 1136 Sacramen-

50 1161 175 1192 torum
205 1153 436 1204 institutione
465 1167 504 1192 se
532 1154 579 1191 ad
607 1155 770 1205 gratiam
808 1151 1044 1202 largiendam
1075 1150 1175 1188 obli-

51 1208 218 1258 gaverit;
262 1219 311 1245 an
342 1207 457 1246 instar
499 1205 772 1259 chirographi,
819 1205 959 1243 Christi
990 1206 1175 1255 sanguine

51 1258 264 1312 obsignati,
294 1272 371 1312 quo
400 1260 611 1313 suscipiens
626 1261 918 1298 Sacramentum
948 1260 1175 1311 promissam

50 1311 125 1350 sibi
153 1314 315 1364 gratiam
345 1326 398 1351 ex
426 1327 544 1364 opere
571 1323 733 1364 operato
763 1318 902 1365 exigat
919 1339 929 1349 .
1111 1311 1113 1313 ’

107 1365 198 1418 597.
228 1366 300 1404 Sed
332 1379 399 1405 nos
429 1369 698 1419 praetermissis
728 1366 784 1404 his
814 1366 995 1404 Omnibus
1015 1363 1174 1403 Schola·

51 1420 153 1456 sticis
181 1419 372 1470 dissidiis,
401 1435 489 1473 quae
519 1421 566 1459 ad
585 1423 702 1474 ipsam
726 1421 971 1458 substantiam
988 1418 1078 1456 fidei
1100 1431 1174 1456 non

53 1474 244 1524 pertinent
274 1473 354 1524 (a),
384 1472 614 1513 solidissima
643 1474 864 1512 S.Thomae
894 1474 1064 1511 doctrina
1085 1485 1175 1510 con-

51 1526 142 1564 tenti
172 1527 342 1565 erimus.
370 1527 428 1565 tta
447 1529 553 1566 euim
576 1528 613 1567 5.
636 1527 676 1567 Ρ.
707 1537 842 1580 quaest.
863 1527 929 1567 62.
960 1535 1029 1564 art.
1052 1540 1085 1564 1.
1116 1539 1176 1563 ra-

52 1578 273 1617 tiocinatur:
303 1609 328 1628 „
349 1579 511 1620 Necesse
539 1591 590 1619 est
612 1583 739 1621 dicere
757 1612 767 1628 ,
797 1581 1045 1619 Sacramenta
1065 1592 1176 1616 nova:

49 1661 80 1681 „
110 1631 203 1683 legis
233 1646 300 1685 per
329 1633 500 1686 aliquem
530 1635 686 1673 modum
702 1637 862 1686 gratiam
880 1646 1059 1671 causare.
1090 1631 1178 1669 Ma-

50 1714 80 1734 „
108 1686 287 1723 nilestnm
316 1694 370 1724 est
400 1689 499 1725 enim
519 1715 528 1733 ,
557 1688 659 1740 quod
690 1701 756 1739 per
785 1687 1034 1725 Sacramenta
1065 1698 1172 1723 novcc

51 1767 80 1787 „
111 1737 204 1789 legis
233 1737 346 1776 homo
370 1740 524 1778 Christo
561 1742 853 1792 incorporatum
895 1741 993 1778 sicut
1031 1739 1076 1776 de
1107 1739 1176 1776 Ba-

56 1819 84 1840 „
114 1793 253 1842 ptismo
280 1793 372 1830 dicit
405 1793 602 1845 Apostolus
622 1794 712 1831 Gal.
730 1794 796 1831 ΙΙΙ.
820 1806 884 1844 27.
918 1793 1112 1842 Quotquot
1136 1795 1177 1828 in

30 1861 80 1893 ¹„
104 1843 263 1883 ‘Christo
289 1845 478 1896 baptizati
494 1851 609 1896 estis,
644 1845 841 1884 Christum
856 1845 1059 1882 induistis.
1091 1845 1176 1883 Non

51 1926 81 1946 „
109 1906 236 1935 autem
265 1898 429 1937 efficitur
449 1898 564 1938 homo
580 1899 800 1939 membrum
816 1899 955 1937 Christi
975 1928 985 1947 ,
1015 1899 1087 1936 nisi
1107 1911 1176 1950 per

51 1979 80 2000 „
107 1952 271 2002 gratiam
293 1979 305 1990 .

106 2003 197 2058 398.
229 2035 255 2054 „
283 2005 456 2054 Quidam
484 2015 611 2046 tamen
651 2006 808 2054 dicunt,
852 2005 955 2058 quod
986 2019 1061 2044 non
1091 2013 1178 2044 sunt

54 2085 82 2107 „
109 2071 221 2096 causa
248 2060 382 2111 gratiae
411 2059 561 2113 aliquid
598 2061 817 2114 operand0‚
858 2060 922 2097 sed
951 2061 1044 2112 quia
1075 2059 1177 2097 Deus

54 2138 84 2159 „
105 2110 368 2151 sacramentis
395 2113 578 2153 adhibitis
607 2116 646 2152 in
677 2116 809 2153 anima
851 2115 1015 2164 gratiam
1045 2125 1180 2165 opera-

54 2191 82 2213 „
109 2172 194 2202 tur:
222 2165 257 2202 ἃ
286 2176 430 2218 ponunt
458 2166 680 2221 exempinm
710 2168 756 2206 de
786 2165 881 2215 ille,
919 2167 985 2218 qui
1016 2165 1178 2205 afferens

52 2244 84 2264 „
111 2217 311 2256 denarium
341 2218 570 2271 plumbeum
589 2252 600 2270 ,
629 2223 770 2274 accipit
799 2230 952 2259 centnm
984 2219 1102 2258 libras
1132 2232 1178 2258 ex

53 2298 84 2318 2,
116 2268 225 2322 Regis
252 2272 516 2321 ordinatione3
559 2288 636 2314 non
665 2275 766 2328 quod
803 2275 982 2313 denarius
1011 2272 1078 2311 ille
1107 2273 1179 2311 ali-

54 2349 83 2371 „
111 2324 204 2376 quid
232 2335 409 2377 operetur
436 2328 483 2366 ad
513 2328 730 2367 habendam
774 2328 970 2381 praedictae
1001 2327 1179 2378 pecuniae

57 2404 86 2425 „
111 2380 389 2430 quantitatem,
417 2382 480 2420 sed
509 2381 580 2422 hoc
609 2392 788 2436 operatur
817 2381 896 2422 sola
916 2380 1092 2422 voluntas
1108 2379 1180 2420 Re-

57 2521 232 2567 Ιὶεοεξιεεῑ-
258 2538 284 2558 ,,
308 2518 462 2565 Quidam
489 2533 672 2566 asserunt,
699 2524 925 2559 Sacramenta
951 2534 1025 2558 esse
1051 2533 1176 2558 causas

57 2578 85 2598 υ
108 2558 330 2602 duposieiuas
357 2570 479 2611 gratiae
504 2581 546 2604 ex
584 2583 624 2605 eo
647 2570 739 2616 qnod
765 2571 959 2616 producant
993 2570 1177 2604 characte-

60 2623 86 2642 ῃ
111 2613 210 2660 ζοῐῐιξ
231 2610 288 2644 vel
313 2622 478 2648 ornatum
503 2619 621 2652 nescio
645 2629 749 2662 quein
767 2639 777 2657 ‚
804 2617 966 2651 videlicet
984 2618 1175 2662 qualitates

63 2671 87 2690 ‚,
112 2658 266 2708 tnterms·
288 2655 509 2704 disponentes
607 2664 676 2697 Alii
703 2662 902 2705 affirmant,
945 2664 1174 2697 Sacramenta

61 2714 89 2734 ,‚
113 2705 185 2748 esse
210 2700 348 2743 quidem
374 2718 494 2741 causas
509 2707 772 2755 dispositionis,
799 2707 857 2743 sed
876 2711 1094 2744 extrinsecus
1113 2721 1175 2754 ap-

60 2760 88 2780 n
113 2750 266 2795 P⁰³¹ssffsss
290 2757 329 2782 nt
353 2754 521 2795 anulum,
546 2765 606 2790 ant
631 2757 786 2802 sigillum
808 2758 940 2802 regium
959 2779 969 2798 ‚
994 2757 1124 2802 quibus
1138 2767 1177 2789 0-

63 2807 90 2827 22
117 2795 263 2840 ⁸²⁹⁰?'S'
285 2802 388 2849 atqite.
411 2799 578 2836 exhibitis
605 2801 638 2835 id
666 2804 764 2836 nobis
783 2813 973 2848 prmstatur
989 2825 999 2843 ‚
1026 2801 1119 2847 quod
1131 2814 1173 2835 ex

61 2853 87 2872 υ
120 2833 224 2877 Rei-’2¹⁸
248 2835 413 2876 benehcto
424 2849 842 2893 quaeritur.¹Opinantnr
858 2851 941 2891 alii,
969 2852 1176 2883 Sacramen-

62 2900 89 2919 „
115 2887 149 2931 ta
175 2892 242 2913 non
266 2892 339 2933 esse
364 2897 483 2939 causas
510 2904 570 2937 per
594 2907 628 2927 se
655 2897 802 2940 grath-e,
829 2895 888 2929 sed
916 2908 976 2942 per
995 2894 1174 2935 accidens,

61 2946 89 2966 „
113 2937 188 2958 stne
213 2928 341 2980 ‹pnims
365 2931 523 2970 videlicet
548 2939 686 2973 effectus
713 2954 780 2975 non
807 2944 991 2988 §equitnm
1018 2955 1094 2987 qnae
1124 2951 1177 2975 ta-

62 2992 90 3013 „
115 2982 194 3006 men
221 2974 308 3026 mini
338 2987 415 3029 v-ere
440 2989 567 3023 agant,
593 2994 694 3029 atque
720 2986 942 3031 producant.
978 2991 1065 3023 Sunt
1093 3001 1176 3022 con-

64 3037 90 3059 „
116 3025 194 3070 tra)
220 3031 279 3063 qni
307 3031 507 3074 existimant
524 3048 534 3065 ,
560 3030 780 3065 Sacramenta
807 3036 938 3068 virtute
966 3043 1177 3080 supernatu-

64 3084 90 3104 ‚,
115 3065 180 3117 rain·
199 3076 363 3120 recepta,
391 3081 498 3112 ipsam
515 3073 619 3105 etiam
632 3077 838 3117 qualitatem
854 3101 865 3120 ,
890 3093 966 3125 qnoe
985 3082 1099 3115 aratia
1115 3090 1183 3121 est,

65 3130 92 3149 „
116 3119 288 3156 attingere
306 3135 316 3153 ,
355 3119 683 3162 instrumentaliqne
709 3123 841 3155 actione
867 3110 1004 3160 facere?
1047 3130 1097 3161 Ac
1123 3127 1183 3160 (le-

67 3176 93 3196 „
117 3160 324 3211 runnu-alii,
350 3161 410 3204 qni
437 3165 580 3207 propius
607 3163 774 3197 accedunt
803 3167 845 3199 ad
872 3181 990 3205 veram
1004 3172 1111 3216 hujus
1131 3174 1181 3206 rei

69 3221 96 3240 „
122 3204 411 3253 intelligentiam,
440 3210 665 3243 Sacramenta
691 3219 831 3244 censent
859 3225 978 3248 causas
1003 3230 1075 3252 esse
1103 3230 1182 3252 ‘’ra-

67 3269 94 3289 υ
123 3255 177 3302 2}ae
202 3253 308 3285 vetuti
336 3255 488 3288 motivas
514 3254 642 3290 divinat
669 3258 881 3290 voluntatise
909 3270 989 3293 sunt
1013 3247 1182 3298 enimom-

64 3315 92 3338 2,
118 3303 190 3334 uo,
225 3308 370 3344 propter
394 3313 499 3346 quam
530 3303 620 3336 Deus
658 3304 807 3347 gratiam
835 3305 992 3340 confert:
1036 3316 1073 3342 ut
1098 3311 1181 3353 quia

173 3339 410 3401 Gazzaniga
450 3347 581 3390 Theoi.
611 3349 724 3389 Tom.
754 3349 786 3389 V
794 3350 860 3392 111.

1250 166 1275 185 ,‚
1304 138 1361 188 gis
1384 163 1423 174 ...
1466 138 1540 174 Sed
1570 138 1598 174 si
1630 140 1715 188 quis
1746 151 1843 177 recte
1873 142 2106 190 consideret,
2138 145 2203 183 istc
2234 146 2367 184 modus

1250 220 1275 238 ,‚
1306 203 1377 227 non
1415 190 1617 227 trascendit
1660 192 1842 229 rationem
1884 197 2006 243 signi.
2056 198 2153 234 Nati
2190 198 2367 236 denarius

1249 274 1276 292 ‚‚
1305 242 1512 294 plumbeus
1536 255 1617 280 non
1647 251 1724 290 est,
1755 246 1827 281 nisi
1858 249 2049 296 quoddnn
2071 254 2221 299 signum
2254 255 2367 290 remise

1249 325 1274 346 υ
1301 297 1553 334 ordinationis
1583 297 1628 332 de
1659 296 1728 334 hoc
1746 326 1756 343 ,
1785 300 1884 349 quod
1910 304 2069 347 pecnnia
2092 284 2366 355 recipiatur-”ab

1250 381 1276 399 ‚,
1307 350 1376 387 isto
1482 349 1702 387 Secundum
1734 349 1802 386 hoc
1843 352 1956 400 igitur
1985 352 2225 394 Sacramanta
2257 372 2367 397 novat

1247 434 1272 452 ,‚
1304 403 1394 454 legis
1425 403 1522 441 nihil
1555 402 1641 454 plus
1670 413 1808 451 essent,
1838 406 2079 455 quamsigna
2095 411 2247 457 grati-733
2277 426 2366 450 cum

1247 488 1273 506 ‚,
1304 466 1428 494 tamen
1459 470 1502 494 ex
1544 457 1672 494 multis
1701 458 1928 494 Sanctorum
1972 462 2259 499 ³11:„-tonta1ib11s
2302 465 2368 503 1·.,ι-

1246 541 1272 560 „
1301 510 1461 558 beatur,
1492 511 1592 562 quod
1609 510 1853 549 Sacramenta
1884 525 1993 549 novae
2023 512 2115 564 legis
2145 528 2217 552 non
2246 517 2367 556 solum

1248 594 1274 614 ,‚
1304 564 1546 615 significant,
1576 564 1638 601 sed
1669 574 1822 601 causant
1849 567 2013 615 gratiam
2043 567 2064 581 ''

1300 617 1395 670 599.
1426 647 1452 666 „
1485 616 1530 655 Et
1561 618 1643 655 ideo
1671 617 1782 656 aliter
1810 619 2015 657 dicendum
2034 650 2043 668 ,
2086 620 2187 672 quod
2226 622 2371 673 duplet

1247 701 1273 720 „
1304 681 1356 709 est
1384 684 1498 709 cansa
1531 685 1666 723 agens,
1698 671 1949 723 principalis,
1981 672 2014 709 8(
2045 674 2372 714 instrumentalis.

1247 755 1273 774 „
1304 723 1532 776 Principalis
1562 725 1720 777 quidem
1748 734 1928 777 operatur
1959 739 2025 778 per
2068 728 2247 766 virtutem
2291 744 2370 767 snae

1247 808 1273 827 „
1303 779 1463 826 formae,
1494 780 1557 816 cui
1588 779 1819 817 assimilatur
1849 778 2030 827 effectus,
2060 783 2155 819 sicut
2186 784 2283 832 ignis
2304 798 2371 820 suu

1245 862 1270 880 ‚‚
1301 831 1426 868 calor-a=
1456 831 1658 870 ealefacit:
1697 833 1730 869 ὃς
1763 833 1833 871 hoc
1863 835 1975 870 modo
2004 834 2103 873 nihil
2136 845 2251 886 potest
2279 850 2368 873 cat:—

1245 914 1270 934 „
1301 898 1383 923 sare
1412 887 1573 937 gratiam
1593 917 1603 935 ‚
1637 888 1707 924 nisi
1742 886 1871 932 Deus3
1913 890 2007 938 qnia
2035 890 2156 939 gratia
2185 889 2286 927 nihil
2314 902 2368 927 ατ

1245 968 1271 987 ,,
1302 938 1429 986 aliud,
1460 953 1577 991 quam
1607 940 1787 993 qna-dam
1819 942 2045 991 participata
2076 942 2286 980 similitudo
2314 945 2371 982 ‹ii—-

1246 1021 1271 1040 „
1302 994 1404 1029 vince
1435 1002 1582 1030 naturae
1601 1024 1611 1041 ,
1641 994 1851 1031 secundum
1868 993 1964 1031 illud
1989 1008 2024 1032 2.
2044 993 2140 1033 Petri
2161 996 2189 1033 l.
2211 996 2250 1041 4.
2281 1011 2370 1036 rna-

1245 1075 1272 1094 „
1301 1049 1419 1084 :rima
1450 1045 1586 1094 nobis,
1616 1047 1665 1086 ζῇ·
1694 1051 1866 1095 pretiosa,
1895 1052 2093 1097 promissa
2115 1048 2293 1098 donavit,
2330 1060 2373 1088 uc

1246 1128 1271 1146 ‚‚
1302 1098 1446 1136 ctwmae
1474 1103 1600 1137 simus
1629 1108 1830 1138 consortes
1851 1110 2005 1138 naturae
2023 1127 2033 1138 .
2063 1102 2187 1140 Causa
2208 1105 2370 1142 veroin-

1246 1182 1271 1200 „
1302 1153 1559 1190 strumentalis
1588 1166 1662 1191 non
1692 1154 1767 1204 agit
1798 1167 1863 1205 per
1895 1157 2072 1192 virtutem
2094 1169 2172 1192 suae
2205 1158 2371 1204 formae,

1246 1235 1272 1254 2,
1303 1207 1365 1244 sed
1396 1206 1519 1244 solum
1551 1220 1618 1257 per
1649 1216 1792 1244 motum
1811 1237 1821 1254 ,
1852 1207 1953 1259 quod
1985 1217 2185 1256 movetur,
2228 1211 2374 1261 princi-

1247 1288 1274 1307 a,
1302 1259 1384 1311 pali
1415 1269 1574 1311 agente.
1624 1259 1738 1298 Unde
1766 1259 1920 1298 effectus
1950 1275 2022 1299 non
2053 1261 2285 1300 assimilatur
2316 1265 2373 1300 in—

1247 1342 1273 1361 „
1300 1322 1540 1359 strumento,
1579 1314 1642 1351 sed
1674 1313 1881 1366 principali
1914 1316 2065 1366 agenti;
2113 1317 2221 1354 sicuti
2255 1316 2373 1354 lectus

1247 1395 1272 1413 ,‚
1302 1379 1378 1404 non
1400 1366 1632 1405 assimilatur
1652 1369 1796 1412 securi,
1827 1368 1889 1405 sed
1905 1371 1974 1406 arti
1994 1398 2004 1416 ,
2034 1382 2122 1420 quae
2139 1373 2244 1408 estin
2270 1384 2373 1408 men-

1245 1449 1271 1467 „
1303 1429 1337 1457 te
1366 1420 1553 1458 artificis.
1585 1421 1631 1459 Et
1662 1421 1732 1458 hoc
1763 1422 1874 1459 modo
1903 1421 2149 1460 Sacramenta
2177 1436 2287 1460 uovae
2318 1423 2372 1460 le-

1245 1502 1272 1521 „
1302 1475 1358 1523 gis
1387 1476 1549 1524 gratiam
1580 1483 1735 1512 causant
1767 1474 1788 1489 '’

1301 1527 1394 1571 400.
1425 1527 1573 1565 ibidem
1606 1538 1731 1578 postea
1757 1529 1797 1564 in
1832 1540 1929 1579 resp.
1961 1528 2007 1565 ad
2031 1542 2067 1566 2.
2097 1529 2264 1580 expiicat
2291 1530 2370 1568 An·

1244 1579 1387 1630 gelicus
1404 1610 1414 1627 ,
1444 1581 1634 1631 quomodo
1651 1581 1895 1619 Sacramenta
1913 1611 1923 1628 ‚
1954 1595 2042 1634 quae
2060 1592 2144 1620 sunt
2165 1585 2274 1631 signa
2291 1598 2373 1622 ma-

1246 1632 1394 1670 terialia
1412 1663 1422 1681 ,
1452 1647 1563 1684 agere
1595 1636 1736 1686 possint
1770 1635 1807 1672 in
1835 1635 1963 1672 anima
1981 1665 1990 1683 ‚
2023 1631 2265 1687 producendo
2284 1652 2370 1690 gra-

1246 1687 1336 1724 tiam
1356 1715 1366 1733 ,
1397 1699 1485 1738 quae
1518 1700 1574 1724 res
1604 1696 1656 1724 est
1686 1687 1920 1740 spiritualiS,
1952 1690 2151 1740 inquiens:
2183 1720 2208 1738 ,‚
2230 1692 2370 1729 instru—

1247 1769 1272 1787 „
1304 1748 1474 1777 mentum
1506 1739 1621 1778 habet
1650 1740 1743 1778 duas
1772 1742 1962 1788 actiones,
2002 1755 2115 1779 unam
2148 1746 2375 1783 instrumen-

1247 1822 1274 1840 „
1303 1791 1419 1829 talem
1438 1823 1448 1840 ,
1487 1793 1697 1831 secundum
1727 1808 1844 1846 quam
1875 1802 2080 1845 operatur,
2124 1808 2199 1835 non
2231 1798 2268 1834 in
2299 1799 2377 1838 vira

1248 1875 1273 1893 „
1300 1854 1379 1882 tute
1412 1847 1566 1898 propria
1585 1877 1595 1893 ,
1627 1847 1689 1884 sed
1720 1848 1860 1884 virtute
1891 1848 2117 1899 principalis
2137 1851 2302 1900 agentis:
2333 1866 2374 1889 a-

1245 1928 1275 1948 „
1304 1898 1399 1936 liam
1429 1909 1554 1938 autem
1578 1898 1691 1938 habet
1711 1903 1897 1939 actionem
1916 1904 2134 1953 propriam,
2163 1917 2253 1955 qnae
2269 1917 2378 1942 cont-

1248 1981 1274 2001 „
1305 1953 1397 2004 petit
1425 1953 1499 1992 sibi
1530 1955 1737 1992 secundum
1768 1956 1966 2007 propriam
1981 1956 2172 1994 sormam:
2203 1959 2299 1995 sicut
2319 1972 2377 1996 se-

1248 2035 1274 2055 „
1298 2008 1388 2044 euri
1417 2009 1599 2059 competit
1627 2009 1799 2047 scindere
1830 2010 1971 2046 ratione
1992 2023 2073 2047 suae
2094 2011 2287 2059 acuitatis,
2319 2012 2376 2049 fa-

1247 2089 1274 2109 „
1303 2073 1389 2099 cere
1419 2071 1544 2099 autem
1567 2061 1731 2110 lectum,
1763 2064 1989 2115 inquantum
2006 2073 2058 2101 est
2079 2065 2375 2104 instrumentum

1247 2143 1273 2162 „
1303 2117 1410 2153 artis:
1454 2128 1529 2154 non
1559 2124 1685 2154 autem
1717 2116 1867 2168 perficit
1898 2117 2222 2155 instrumentalem
2254 2129 2374 2156 actio-

1247 2197 1274 2216 „
1303 2181 1411 2216 uem,
1442 2170 1514 2208 nisi
1545 2170 1756 2208 exercendo
1785 2171 1970 2208 actionem
2003 2172 2221 2222 propriam3
2269 2173 2371 2209 scin-

1248 2251 1275 2270 „
1304 2221 1426 2260 dendo
1454 2223 1558 2261 enim
1588 2224 1681 2261 facit
1696 2223 1861 2261 lectum.
1892 2223 1938 2261 Et
1954 2223 2131 2261 similiter
2146 2223 2374 2264 Sacramen-

1250 2304 1276 2324 ‚‚
1304 2285 1342 2313 ta
1371 2277 1584 2327 corporalia
1615 2290 1683 2328 per
1711 2278 1908 2328 propriam
1937 2277 2223 2326 operationem,
2253 2292 2372 2329 qnam

1250 2357 1277 2377 ,‚
1307 2338 1481 2367 exercent
1510 2330 1614 2368 circa
1643 2342 1804 2380 corpus,
1848 2329 1948 2380 quod
1979 2338 2159 2381 tangunt,
2203 2329 2374 2369 efficiunt

1250 2411 1277 2431 „
1306 2384 1563 2435 operationem
1607 2381 1935 2421 instrumentalem
1972 2396 2018 2420 ex
2062 2384 2200 2423 virtute
2242 2385 2374 2423 divina

2191 2467 2218 2487 „
2247 2451 2322 2476 ctr-

1246 2544 1272 2563 ‚‚
1296 2533 1383 2568 puer
1408 2519 1609 2567 baptizatus
1636 2531 1709 2565 est,
1736 2517 1830 2556 Deus
1852 2519 1952 2556 illurn
1967 2519 2102 2555 salvat:
2130 2521 2212 2566 quia
2228 2529 2375 2554 estcon·

1245 2591 1271 2609 ‚,
1298 2570 1456 2602 firmatus
1474 2591 1484 2609 ‚
1509 2567 1615 2602 datur
1640 2569 1670 2601 ei
1698 2567 1881 2613 spirituale
1908 2569 2035 2602 robur.
2062 2591 2088 2609 ‚,
2116 2569 2178 2601 llis
2205 2575 2322 2600 antem
2337 2578 2374 2598 e-

1243 2616 1464 2656 numeratis,
1503 2612 1588 2648 illnd
1616 2615 1824 2648 Tullianum
1852 2624 2018 2660 usurpat:
2063 2616 2211 2661 Quorum
2237 2616 2372 2657 ωριηὶο·

1243 2670 1332 2702 nes,
1357 2673 1429 2694 cnm
1456 2670 1525 2694 tam
1551 2665 1648 2695 variae
1677 2666 1773 2701 sint,
1799 2670 1927 2704 tamque
1953 2670 2045 2694 inter
2072 2670 2108 2695 se
2133 2663 2374 2698 dissulenres,

1244 2710 1388 2742 alterum
1413 2709 1575 2752 profecto
1590 2708 1681 2752 fieri
1705 2717 1819 2752 potest
1835 2730 1845 2748 ,
1871 2717 1904 2742 nt
1931 2720 2044 2741 earum
2070 2711 2192 2746 mlta,-
2219 2708 2374 2740 'alterum

1244 2763 1341 2788 ceree
1366 2768 1431 2788 non
1455 2764 1593 2798 potest,
1619 2764 1653 2787 nt
1676 2757 1754 2798 plus
1780 2768 1844 2788 una
1871 2768 1947 2787 vera
1977 2758 2047 2787 sit.
2092 2756 2142 2787 Eo
2168 2763 2285 2787 autem
2311 2751 2374 2785 ‹io-

1244 2802 1422 2835 ctissimns
1451 2803 1515 2835 iste
1543 2801 1740 2845 Theologns
1766 2800 1979 2846 propendet,
2021 2809 2060 2833 nt
2089 2801 2222 2833 nullam
2251 2810 2373 2832 verim

1243 2860 1317 2881 esse
1343 2849 1545 2888 existimet,
1583 2846 1740 2892 adeoque
1767 2860 1889 2881 omnes
1925 2848 2080 2881 breviter
2106 2845 2274 2891 quidem,
2315 2843 2377 2878 sed

1244 2906 1391 2928 nervose
1420 2896 1548 2928 refellit
1564 2917 1575 2935 ,
1601 2906 1641 2927 ac
1665 2892 1815 2939 denique
1831 2893 1929 2927 docet
1944 2895 2172 2927 Sacramenta
2198 2905 2271 2926 esse
2293 2904 2377 2925 cau-

1243 2954 1299 2975 sas
1325 2936 1513 2975 efficientes
1539 2940 1660 2985 gratiae
1677 2962 1687 2980 ,
1715 2953 1782 2974 non
1800 2941 2000 2985 physicas,
2027 2939 2086 2974 sed
2099 2942 2244 2974 morales
2261 2962 2269 2970 .
2295 2938 2377 2981 Qua

1244 2986 1285 3020 de
1314 3001 1349 3021 re
1375 2988 1559 3033 legendnm
1587 2987 1731 3021 consulo
1751 2989 1864 3032 ipsum
1880 2990 2040 3027 Canum,
2067 2987 2285 3031 'Plieoiogum
2303 2994 2374 3016 non

1245 3034 1357 3067 solum
1384 3035 1636 3068 latinissimum
1653 3055 1663 3073 ‚
1693 3037 1725 3066 8<
1750 3035 2078 3079 elegantissimum,
2120 3033 2179 3066 sed
2206 3033 2314 3066 etiam
2337 3041 2373 3062 e-

1252 3079 1511 3115 ruditissimum
1527 3103 1536 3112 .
2366 3102 2367 3105 η

1298 3131 1345 3165 (a)
1373 3128 1492 3161 l‘atres
1518 3126 1672 3160 Concilii
1701 3125 1863 3160 Trident.
1891 3139 1957 3160 non
1983 3127 2168 3160 voluerunt
2194 3133 2365 3159 consecra-

1250 3184 1287 3206 re
1312 3174 1377 3206 nisi
1410 3175 1485 3207 illas
1506 3185 1707 3207 comumnes
1722 3174 1981 3218 'sheologornm
2002 3174 2192 3206 locutiones
2211 3193 2222 3210 ‚
2249 3172 2373 3202 Sacra-⁷

1248 3229 1361 3253 menta
1386 3225 1536 3264 gratiam
1554 3225 1731 3253 continere
1746 3242 1756 3260 ‚
1785 3233 1922 3263 eamque
1934 3219 2092 3263 conferre
2106 3240 2117 3258 ‚
2143 3215 2296 3252 studim?
2311 3223 2371 3244 «ω’

1251 3274 1321 3301 tem
1346 3266 1521 3302 abstinere
1549 3279 1567 3300 a
1594 3265 1814 3302 scholasticis
1841 3266 2090 3301 controver2ii<
2107 3286 2114 3296 .

1820 3369 1847 3408 9
