2605 3624
652 103 732 147 DE
766 99 1046 145 INTERNA
1082 98 1359 143 Mmls‘rm
1398 98 1818 147 INTENTIONE.

27 199 121 228 rum
142 187 219 228 Dei
235 218 246 236 ,
274 198 399 226 noune
426 191 571 237 oportet
591 212 602 230 ,
630 195 691 219 eos
711 183 898 219 sinceram
920 178 1060 216 liabere
1077 209 1087 226 ,
1117 177 1151 214 &

29 243 185 295 proprie
212 242 353 280 dictam
381 239 626 276 intentionem
656 232 823 272 faciendi
854 232 949 270 illud
966 263 976 279 ‚
1007 231 1109 283 qnod
1129 246 1153 269 a

31 295 183 334 Christo
210 295 424 334 institutum
451 288 535 328 est?
581 289 689 328 Anne
718 286 786 330 ille
819 286 970 324 dicetur
997 285 1152 336 dispen-

28 358 128 388 sator
156 347 422 400 mysteriorum
438 343 535 391 Dei,
564 342 632 394 qu'i
650 344 795 380 interne
810 341 960 386 statuit,
990 353 1028 377 se
1058 351 1151 376 non-

27 403 103 442 nisi
130 402 293 440 exterius
321 397 420 436 velle
447 395 548 435 hanc
577 395 898 447 dispensationem
935 390 1150 431 simulare?

29 454 170 495 Rursus
194 451 388 506 quomodo
422 448 490 488 ille
527 449 743 488 censebitur
779 461 953 485 exercere
989 454 1148 498 potesta-

26 518 102 548 tem
131 506 204 546 sibi
231 520 254 545 a
283 504 451 544 Domino
479 501 656 542 collatam
685 502 928 550 dimittendi,
970 499 1032 538 vel
1064 500 1150 536 reti-

26 561 142 604 nendi
172 567 353 613 peccata,
382 557 450 610 qui
480 558 644 595 exterius
664 556 821 609 quidem
842 556 959 592 verba
981 554 1150 606 profert,

24 606 157 654 eadem
185 621 311 652 tamen
339 612 494 650 interius
524 610 678 649 inutilia
699 624 776 647 esse
796 609 941 657 credit,
970 617 1083 659 atque
1110 619 1151 644 o-

24 667 109 707 mni
137 680 248 706 sensu
275 679 405 706 carere
434 663 547 704 vult?
574 665 777 713 Quomodo
805 662 851 701 de
881 676 978 715 pane
999 660 1152 699 Eucha-

22 721 151 760 ristico
177 720 321 769 edens,
363 718 398 756 ἃ
426 719 474 757 de
501 718 623 757 calice
660 717 820 764 bibens,
863 715 933 754 hoc
971 716 1082 752 faciet
1113 716 1157 752 in'

20 774 114 814 Jesu
143 773 283 814 Christi
311 774 712 813 commemorationem
731 800 744 818 ‚
773 771 840 822 qui
870 771 969 809 intus
1000 770 1038 806 iu
1068 780 1151 806 cor-

23 827 73 866 de
102 828 222 877 dicit,
263 841 302 866 se
329 827 484 866 nonnisi
516 836 673 865 externa
715 824 868 865 fictione
910 823 949 861 id
992 820 1149 860 facer'e?

24 879 143 919 Porro
169 883 201 920 si
231 881 392 920 exterius
419 878 520 918 lianc
559 892 669 919 suam
705 876 988 915 simulationem
1026 876 1151 913 mani-

25 936 202 983 festaret,
233 947 307 973 non
335 933 511 973 dubitant
538 933 611 984 ipsi
641 931 876 979 adversarii,
907 930 1058 967 irritum
1090 929 1151 966 fu·

23 996 156 1026 turum
187 988 481 1031 Sacramentum
499 1000 510 1032 3
541 998 654 1030 eccur
670 997 758 1036 ergo
773 997 849 1022 non
879 984 948 1020 erit
970 984 1121 1021 irritum
1140 1012 1152 1032 ,

25 1042 57 1079 si
86 1040 158 1079 hoc
185 1039 404 1080 detestabile
429 1039 569 1077 vitium
598 1039 638 1076 in
667 1037 779 1075 corde
817 1035 958 1075 lateat?
1000 1034 1153 1074 Vitium

25 1107 139 1147 porro
166 1103 218 1132 est
244 1105 394 1145 semper
421 1092 523 1131 idem
540 1121 552 1141 ,
579 1092 660 1130 sive
689 1091 786 1129 intus
815 1090 1011 1129 delitescat
1029 1120 1039 1137 ,
1070 1091 1150 1127 sive

26 1148 189 1185 exterius
215 1146 395 1199 prodeat3
431 1154 560 1186 actum
590 1146 694 1184 enim
725 1153 926 1182 externum
955 1142 1055 1181 nihil
1085 1144 1152 1181 ad-

21 1199 112 1238 dere
140 1199 343 1249 bonitatis,
384 1197 447 1240 vel
476 1198 639 1238 malitiae
675 1199 778 1237 actui
814 1200 992 1247 interno,
1032 1210 1080 1235 ex
1109 1196 1152 1236 S.

28 1252 182 1293 Thoma
210 1254 410 1295 docuimus
438 1253 554 1292 Tom.
582 1251 669 1291 Vll.

82 1307 173 1358 276.
204 1306 376 1346 Rationes
405 1308 496 1346 item
524 1320 639 1358 supra
667 1321 709 1345 n.
740 1304 832 1352 224.
861 1305 895 1343 8(
925 1319 1004 1358 seq.
1033 1317 1078 1342 ex
1109 1303 1151 1344 S.

22 1358 177 1402 Thoma
204 1360 442 1414 depromptae
471 1373 546 1399 non
574 1360 698 1399 solum
729 1360 918 1412 probant,
948 1361 995 1398 ad
1015 1358 1150 1397 Sacra-

21 1423 152 1453 menta
179 1414 417 1454 conficienda
446 1415 692 1454 necessariam
713 1427 791 1452 esse
811 1415 1056 1452 intentionem
1085 1425 1151 1450 ex-

22 1475 172 1506 ternam
189 1497 200 1516 ‚
229 1468 294 1507 sed
322 1470 434 1507 etiam
465 1469 650 1507 internam
667 1494 680 1506 .
709 1467 751 1507 Si
778 1469 885 1506 enim
906 1468 1149 1505 administra-

23 1522 80 1558 tio
99 1520 430 1561 Sacrameutorum
458 1530 510 1560 est
538 1523 634 1561 actio
657 1521 826 1560 humana
841 1549 853 1567 ,
883 1521 993 1560 debet
1022 1533 1066 1558 ex
1087 1520 1149 1572 ju·

20 1573 126 1615 dicio
155 1576 335 1625 rationis,
378 1575 413 1613 &
439 1574 566 1625 libera
594 1574 800 1615 voluntatis
833 1575 1150 1613 determinatione

23 1628 253 1680 procedere,
295 1629 398 1682 quod
426 1631 508 1669 siue
538 1631 690 1668 interna
719 1629 929 1668 intentione
966 1628 1052 1666 fieri
1086 1641 1149 1666 ne-

54 1682 134 1721 uit.
176 1682 373 1731 Ulterius,
416 1696 506 1722 cum
535 1684 633 1724 actio
662 1682 731 1720 illa
761 1691 914 1720 externa
952 1694 996 1718 ex
1026 1694 1064 1718 se
1094 1681 1150 1718 in-

21 1695 203 1774 differens
229 1738 304 1784 sit,
333 1734 368 1771 δε
397 1736 511 1787 possit
538 1749 617 1773 esse
646 1734 706 1774 vel
736 1733 1030 1773 sacramentalis
1047 1763 1058 1780 ,
1087 1733 1149 1771 vel

23 1787 211 1839 profana,
243 1797 282 1826 ut
310 1796 408 1840 patet
437 1790 477 1827 in
506 1787 702 1826 ablutione
722 1789 919 1839 corporis,
950 1787 1044 1839 quid
1064 1799 1149 1824 eam

25 1840 322 1888 determinabit,
365 1849 406 1880 ut
439 1842 486 1889 sit
514 1839 832 1890 Sacramentum,
875 1842 950 1879 nisi
992 1841 1152 1878 intentio

25 1891 202 1945 agentis?
229 1893 342 1942 Quod
371 1896 476 1933 enim
504 1893 626 1946 aliqui
655 1895 812 1942 dicunt,
841 1908 931 1932 eam
960 1895 1150 1938 actionem

25 1944 270 1986 determinari
288 1962 313 1985 a
328 1947 626 1993 *circumstantiis
648 1946 743 1995 loci,
772 1949 952 1999 temporis
969 1977 980 1996 ,
1000 1947 1150 1985 adstan-

23 1998 123 2038 tium
143 1998 215 2038 &c.
242 1999 327 2039 leve
352 2009 426 2046 επὶ
453 2009 572 2052 potest
601 2001 707 2038 enim
722 2002 938 2052 contingere
955 2030 965 2048 ,
997 2008 1036 2038 ut
1064 2000 1152 2051 quis

20 2065 188 2104 puerttm
207 2053 424 2101 infidelem,
451 2052 514 2091 vel
534 2051 716 2092 Judaeum
730 2066 818 2091 vere
838 2053 1025 2106 baptizet,
1052 2053 1150 2092 dum

23 2107 188 2146 exterius
214 2106 370 2146 simulat
392 2119 486 2146 eum
514 2104 644 2145 lavare
671 2120 786 2145 causa
816 2107 1045 2155 munditiei,
1089 2105 1150 2144 vel

27 2161 216 2199 sanitatis.
245 2159 290 2198 ln
317 2159 391 2200 hoc
418 2168 519 2200 certe
547 2173 637 2199 casu
665 2161 815 2199 nonnisi
836 2160 884 2199 ab
906 2161 1055 2198 interna
1082 2159 1151 2198 ba·

22 2213 196 2266 ptizantis
223 2214 427 2254 intentione
453 2213 663 2267 pendebit,
707 2223 747 2252 ut
788 2213 858 2262 illa
886 2213 978 2252 lotio
1006 2215 1053 2252 sit
1081 2213 1150 2252 Sa·

23 2266 296 2316 eramentalis,
337 2267 398 2308 vel
442 2268 630 2320 profana.
673 2266 860 2307 Praeterea
897 2267 938 2306 S.
979 2267 1150 2306 Thomas

25 2319 181 2371 quando
208 2319 304 2359 hanc
330 2323 514 2362 rationem
542 2321 590 2359 de
618 2323 836 2361 necessitate
864 2321 1149 2360 determinandi

27 2375 146 2412 ritum
167 2380 362 2414 externum
380 2405 392 2425 ,
419 2383 461 2413 ut
480 2376 527 2414 sit
541 2374 837 2415 Sacramentalis
854 2406 864 2424 ,
894 2374 928 2413 8<
959 2387 1033 2414 non
1062 2387 1150 2427 pro-

27 2424 166 2476 fanus,
194 2427 344 2477 attulit,
373 2441 450 2467 non
478 2429 649 2481 confugit
677 2430 723 2468 ad
744 2429 1044 2468 circumstantias
1065 2441 1151 2480 per-

26 2491 149 2541 sone,
177 2479 280 2531 loci,
308 2484 491 2536 temporis
507 2481 581 2522 ἃς.
606 2483 674 2522 sed
701 2482 758 2522 ad
784 2487 1048 2522 intentionem
1072 2481 1151 2521 Mi-

26 2534 164 2572 nistri.

84 2599 177 2639 277.
204 2587 297 2640 Obj.
325 2593 479 2638 primo.
521 2589 562 2629 S.
588 2589 762 2630 ‘Thomas
788 2590 830 2631 3.
854 2590 896 2630 P.
926 2599 1061 2644 quaest.
1081 2588 1149 2636 64.

29 2646 103 2676 art.
119 2638 181 2688 8.,
207 2642 276 2682 ubi
304 2642 404 2684 lianc
431 2645 553 2697 ipsam
584 2646 768 2691 rationem
797 2659 819 2683 a
847 2645 957 2683 nobis
987 2657 1074 2683 mox
1094 2643 1150 2682 al-

31 2689 195 2743 legmm
222 2698 428 2748 proponit,
471 2711 643 2751 expresse
674 2699 833 2746 asserit,
875 2699 1152 2747 intentionem,

32 2757 124 2795 quae
152 2751 358 2789 necessaria
380 2759 437 2790 est
476 2752 525 2791 ad
567 2752 895 2791 determinandam
937 2753 1151 2800 actionem,

32 2805 77 2834 ut
104 2798 150 2836 sit
175 2799 486 2854 sacramentalis,
513 2809 688 2858 exprimi
716 2810 757 2844 in
786 2805 936 2855 verbis,
965 2819 1055 2858 quce
1083 2817 1153 2857 per

36 2849 312 2893 Sacramenta
340 2856 545 2910 dicuntur,
573 2869 669 2912 puta
696 2872 789 2899 cum
819 2857 935 2899 dicit:
964 2864 1007 2899 in
1026 2862 1153 2899 nomi-

27 2915 87 2942 me
117 2903 250 2944 Patris
263 2908 351 2948 (π.

56 3010 64 3017 ·
92 2957 186 3008 278.
218 2958 357 3011 Βωμ,
385 2964 611 3016 Angelicum
630 2979 703 3006 non
723 2967 876 3016 dicere,
905 2965 1006 3006 hanc
1035 2968 1154 3006 inten-

35 3017 203 3060 tionem,
230 3027 320 3066 quae
348 3023 397 3052 est
425 3021 633 3056 necessaria
652 3020 698 3057 ad
719 3020 1031 3070 Sacramentum,
1061 3034 1154 3059 con-

33 3067 154 3102 tineri
184 3067 221 3104 in
251 3066 377 3106 verbis
393 3067 463 3107 fite.
492 3071 553 3108 sed
572 3075 743 3120 exprimi
764 3074 801 3110 in
822 3075 868 3111 iis
882 3075 1032 3122 verbis,
1061 3089 1156 3126 qua-

37 3124 144 3158 tenus
172 3121 453 3180 proceduntdex
474 3122 619 3161 interna
637 3125 772 3162 mentis
792 3126 995 3165 intentione
1015 3128 1157 3167 facien-

79 3247 140 3298 ·(a)
163 3243 203 3280 P.
226 3247 334 3282 Gabr.
360 3249 520 3293 vasquez
556 3247 696 3295 Dispnt.
721 3249 957 3283 CXXXVIII.
994 3251 1029 3285 in
1064 3252 1098 3295 4.
1124 3254 1162 3287 Ρ.

49 3300 159 3324 mmm
183 3293 352 3329 facilitate
379 3297 413 3328 S.
441 3296 614 3328 Thomam
639 3294 849 3329 adversariis
883 3295 1037 3330 concedit
1054 3319 1067 3339 ‚
1102 3310 1165 3342 pa·-

49 3345 131 3370 rnm
148 3337 290 3376 fortasse
310 3340 528 3378 considerans
545 3363 552 3381 ,
572 3351 742 3387 quantum
760 3342 979 3377 auctoritatis
993 3363 1005 3383 ,
1029 3345 1060 3376 δε
1077 3354 1163 3388 pon-

2202 122 2286 164 ¹27

1220 177 1257 215 di
1289 190 1369 214 rem
1400 191 1560 216 sacram.
1592 181 1651 218 En
1683 184 1867 233 integrum
1899 190 2065 225 textum:
2098 216 2123 235 ‚,
2140 186 2225 236 Ea,
2253 204 2343 242 qna

1220 260 1247 280 „
1278 232 1315 273 i.n
1344 230 1600 270 Sacramentis
1629 244 1810 283 aguntur,
1842 249 1991 287 possunt
2021 240 2274 281 diversimode
2303 260 2343 282 a·

1221 312 1247 332 „
1277 285 1313 335 gi
1332 309 1342 321 .
1385 283 1493 321 Sicut
1521 285 1668 322 ablutio
1696 301 1838 338 aquae,
1867 304 1953 339 qnae
1984 292 2025 329 sit
2057 295 2094 331 in
2124 295 2343 347 baptismo,

1221 366 1248 386 ‚,
1277 345 1396 388 potest
1423 337 1595 377 ordinari
1626 338 1659 374 8(
1690 340 1735 376 ad
1768 342 1995 380 munditiem
2014 348 2248 397 corporalem
2268 381 2278 398 ,
2309 349 2344 386 ἃ

1222 420 1248 438 ,,
1277 389 1325 428 ad
1354 392 1553 429 sanitatem
1584 392 1822 444 corporalem
1843 423 1852 440 ,
1890 394 1923 430 ἃ
1953 396 1998 433 ad
2030 392 2188 449 lndmn',
2231 404 2266 440 δε
2295 404 2344 442 ad

1220 473 1245 492 ‚,
1277 442 1399 482 multa
1428 443 1504 483 alia
1533 444 1777 497 hujusmodi:
1808 447 1840 483 8<
1864 447 1946 484 ideo
1965 460 2130 499 oportet,
2159 458 2257 505 qnod
2279 458 2344 494 de-

1222 527 1248 546 „
1277 499 1500 536 terminetur
1527 499 1576 537 ad
1607 512 1727 537 unum
1746 530 1757 548 ,
1787 499 1886 537 iles!
1914 501 1968 538 al
1990 501 2344 550 Siicrwnentcilam

1220 580 1247 600 „
1276 549 1466 599 effectum
1494 566 1564 604 per
1583 555 1845 595 intentionem
1865 553 2085 601 ‹zbluencts,·
2114 559 2162 597 (J
2186 559 2267 597 7zaec
2284 577 2342 600 ιη-

1220 634 1246 653 ‚,
1275 609 1399 643 tentio
1427 609 1443 656 (
1465 604 1602 657 jamin
1623 607 1736 645 corde
1751 608 1915 646 formata
1935 609 1948 657 )
1980 615 2215 658 exprimitur
2246 617 2259 662 (
2283 629 2344 652 ex-

1220 688 1246 707 „
1275 660 1429 708 terius)
1459 672 1530 710 per
1558 659 1675 698 rerba
1695 661 1825 701 &c.'’
1858 661 2000 700 Rursus
2030 665 2067 701 in
2099 677 2196 717 resp.
2227 668 2273 705 ad
2310 682 2342 706 1.

1218 725 1309 751 cum
1330 713 1508 762 dixisset,
1539 715 1757 753 ministrum
1778 729 1853 753 esse
1873 717 2166 756 instrumentum
2198 721 2348 759 anima-

1218 774 1329 815 tum,
1359 768 1460 819 quod
1488 780 1564 805 non
1592 767 1718 807 solum
1750 778 1944 816 movetur,
1975 772 2036 809 sed
2067 773 2351 824 quodammodo

1217 828 1346 859 movet
1375 822 1543 874 seipsum
1561 852 1572 870 ,
1602 821 1688 860 liaec
1716 820 1866 860 subdit:
1896 822 1951 860 Et
1973 823 2060 862 ideo
2080 830 2289 876 requiritur
2308 842 2349 867 e-

1216 874 1285 926 jus
1313 877 1507 923 intentio,
1545 888 1625 927 qua
1654 889 1697 914 se
1725 875 1911 929 subjiciat
1939 881 2150 930 principali
2181 877 2317 933 agenti
2337 912 2348 931 ,

1221 936 1263 964 ut
1291 929 1440 967 scilicet
1470 928 1655 968 intendat
1671 928 1850 982 facere,
1880 930 1983 983 quod
1997 930 2110 983 facit
2143 932 2348 984 Christus,

1220 981 1270 1021 (J
1297 980 1510 1021 Ecclesia.
1553 984 1658 1022 itane
1688 985 1869 1032 intendit,
1907 995 1971 1023 aut
1999 987 2194 1026 intendere
2231 998 2351 1042 potest

1220 1035 1364 1087 impius
1395 1036 1462 1074 ille
1491 1037 1691 1086 minister,
1732 1040 1803 1091 qui
1847 1039 2012 1078 sormam
2055 1042 2249 1093 profereus
2278 1041 2352 1082 dat

1221 1091 1308 1126 sine
1337 1099 1473 1128 mente
1503 1089 1659 1128 sonos?
1999 1092 2001 1094 ’

1278 1156 1368 1196 ¹79·
1399 1145 1538 1182 Instant
1567 1144 1631 1182 hie
1655 1145 1798 1183 acriter
1819 1145 2048 1186 adversarii.
2077 1147 2118 1187 S.
2135 1147 2352 1203 Praeceptor

1220 1195 1318 1234 ibid.
1348 1197 1396 1235 ad
1426 1211 1466 1236 2.
1502 1197 1734 1250 respondens
1776 1199 1994 1238 difficultati
2035 1202 2110 1240 eibi
2149 1203 2314 1254 objectae
2336 1234 2350 1253 ‚

1220 1250 1324 1300 quod
1352 1252 1384 1289 si
1414 1252 1573 1289 intentio
1602 1251 1768 1289 ministri
1797 1254 2014 1304 requiratur
2043 1254 2091 1292 ad
2120 1255 2348 1295 Sacramen-

1219 1311 1301 1340 tum
1320 1334 1331 1352 ‚
1361 1318 1450 1342 cum
1480 1303 1566 1342 liaee
1596 1305 1641 1342 sit
1670 1304 1848 1354 occulta,
1887 1319 2003 1345 nemo
2059 1310 2168 1347 oterit
2198 1324 2274 1348 esse
2304 1312 2350 1349 de

1216 1359 1433 1408 receptione
1462 1358 1699 1397 Sacramenti
1727 1360 1910 1408 securus,
1950 1361 2004 1399 ita
2031 1321 2221 1414 lbquitur:
2270 1362 2353 1402 Mi-

1217 1414 1343 1449 nister
1371 1411 1633 1450 S.zcramenti
1662 1416 1747 1465 agit
1777 1417 1819 1451 in
1847 1426 2020 1464 persona
2058 1420 2175 1454 totius
2205 1416 2351 1457 Eccle-

1216 1467 1318 1513 siae,
1348 1467 1461 1518 cujus
1490 1475 1550 1504 est
1578 1470 1760 1505 minister
1768 1482 1785 1512 ;
1826 1471 1868 1505 in
1898 1466 2019 1506 verbis
2048 1479 2187 1510 autem
2205 1501 2215 1518 ,
2257 1483 2349 1521 quoe

1216 1518 1367 1571 profert
1385 1549 1395 1566 ,
1425 1523 1664 1570 exprimitur
1691 1524 1861 1558 intentio
1891 1520 2089 1559 Ecclesiae
2107 1553 2118 1570 ,
2148 1537 2238 1574 quoe
2266 1522 2353 1575 suf·-

1203 1571 1303 1624 ficit
1332 1570 1387 1609 acl
1419 1572 1707 1625 perfectionem
1736 1573 2024 1622 sacramenti,
2067 1579 2144 1613 nisi
2186 1576 2348 1616 conmi-

1219 1629 1323 1662 rium
1353 1630 1527 1663 exterius
1557 1630 1811 1677 exprimatur
1840 1640 1893 1665 ex
1921 1638 2037 1678 parte
2067 1633 2259 1680 ministri,
2289 1631 2350 1670 νεὶ

1217 1680 1443 1728 recipientis
1481 1678 1826 1719 Sacramentum.
1874 1681 1979 1719 Idem
2022 1691 2131 1721 autea
2168 1684 2349 1724 docuerat

1217 1730 1426 1783 Angelicus
1454 1733 1495 1771 in
1525 1732 1593 1771 IV.
1623 1732 1721 1771 Dist.
1744 1733 1812 1771 Vl.
1842 1743 1980 1786 quaest.
2006 1748 2041 1774 r.
2070 1746 2140 1775 art.
2171 1750 2210 1776 2.
2239 1752 2348 1791 quae-

1219 1787 1355 1824 stiunc.
1382 1786 1478 1824 had
1497 1799 1562 1834 2.,
1592 1786 1746 1824 dicens:
1777 1785 1825 1824 In
1847 1787 2075 1838 Btzptismo,
2105 1791 2154 1831 &
2184 1795 2225 1829 in
2255 1793 2348 1832 aliis

1219 1837 1523 1888 sacramentis,
1553 1851 1643 1890 quoe
1671 1837 1816 1878 habent
1845 1845 1886 1877 in
1903 1842 2053 1893 forma
2073 1853 2211 1881 actum
2228 1858 2349 1884 exer-

1218 1895 1369 1940 citum,
1398 1905 1480 1929 non
1508 1896 1720 1943 requiritur
1739 1895 1931 1933 mentalis
1949 1899 2137 1945 intentio,
2166 1897 2237 1936 sed
2264 1898 2351 1951 suf-

1205 1944 1304 1998 ficit
1331 1949 1536 1996 expressio
1564 1949 1794 1985 intentionis
1836 1961 1906 1999 per
1935 1947 2051 1988 verba
2080 1949 2131 1988 ab
2160 1950 2351 1992 Ecclesia

1218 2002 1400 2037 instituta
1416 2012 1431 2036 :
1459 1999 1510 2040 Θ·
1539 1998 1628 2038 ideo
1648 1999 1842 2052 siforma
1863 2013 2070 2052 servatur,
2102 2017 2175 2043 nec
2197 2006 2346 2057 aliquid

1217 2056 1394 2091 exterius
1415 2051 1556 2091 dicitur
1572 2083 1586 2103 ,
1603 2053 1987 2105 quod'incentionem
2003 2063 2255 2098 contrariam
2275 2074 2348 2099 ea:-

1217 2109 1368 2158 primat
1383 2136 1396 2155 ,
1424 2105 1646 2158 baptizatus
1675 2117 1755 2148 est.
1785 2109 1856 2148 His
1876 2110 1917 2149 S.
1934 2111 2098 2150 Tliomae
2119 2112 2247 2152 verbis
2267 2129 2351 2154 ma·

1218 2161 1324 2198 xime
1349 2161 1540 2206 exsultant
1569 2162 1805 2212 adversarii,
1836 2163 1869 2200 ἃ
1898 2165 2174 2206 Contensonius
2212 2177 2349 2218 putat,

1218 2214 1355 2252 iisdem
1386 2227 1474 2252 rem
1501 2224 1631 2254 totam
1661 2229 1748 2255 esse
1777 2218 2032 2270 confectam,
2070 2234 2161 2259 cum
2189 2222 2347 2260 videan-

1217 2275 1281 2306 tur
1309 2281 1388 2307 esse
1417 2268 1499 2307 sole
1527 2270 1705 2308 clariora.
1726 2271 1819 2322 (a).

1273 2321 1366 2360 280.
1397 2321 1533 2374 Besp.,
1560 2325 1694 2375 negari
1723 2326 1857 2377 utique
1884 2337 1958 2363 non
1987 2338 2123 2377 posse,
2162 2323 2265 2365 haud
2295 2325 2351 2366 le·

1220 2389 1306 2414 vem
1337 2377 1464 2428 primo
1492 2377 1633 2414 intuitu
1654 2390 1699 2414 ex
1721 2377 1778 2415 his
1800 2378 1891 2415 locis
1912 2380 2032 2429 ingeri
2054 2378 2347 2430 difficultatem,

1218 2443 1307 2481 qnae
1339 2438 1466 2468 tamen
1497 2439 1722 2478 evanescet,
1750 2432 1783 2468 si
1803 2435 1932 2480 primo
1952 2431 2029 2469 alia
2051 2432 2225 2484 Angelici
2243 2431 2350 2472 Prae·

1219 2483 1384 2534 ceptoris
1412 2482 1531 2522 verba
1559 2484 1869 2533 considerentur,
1912 2485 2056 2537 quibus
2085 2488 2350 2527 necessitatem

1213 2537 1350 2574 asserit
1380 2538 1542 2576 internae
1572 2538 1817 2586 intentionis,
1847 2547 1887 2576 ut
1916 2551 1959 2576 se
1988 2538 2172 2585 subjiciat
2201 2545 2348 2589 princi·

1219 2590 1303 2639 pali
1323 2594 1461 2642 agenti
1479 2620 1489 2638 ,
1519 2589 1701 2628 intendat
1709 2590 1882 2643 facere,
1911 2591 2134 2644 quotlfacit
2156 2592 2347 2644 Christus,

1219 2642 1472 2683 &Ecclesia
1486 2657 1500 2681 .·
1529 2657 1618 2697 quae
1647 2654 1748 2682 certe
1777 2645 1933 2683 intentio
1954 2645 2012 2684 illi
2032 2647 2158 2695 deest,
2189 2649 2257 2700 qui
2286 2650 2345 2687 in·

1219 2705 1279 2736 tus
1308 2698 1346 2735 in
1375 2697 1487 2736 corde
1512 2699 1717 2750 proponit,
1746 2713 1785 2737 se
1823 2699 2019 2737 dumtaxat
2047 2699 2146 2738 velle
2165 2704 2262 2740 serio
2282 2715 2347 2740 ex-

1218 2759 1368 2790 ternum
1399 2752 1516 2790 ritum
1545 2751 1592 2789 ad
1623 2751 1716 2790 alios
1743 2753 1988 2804 decipiendos
2026 2754 2178 2801 facere,
2217 2755 2347 2794 nulla·

1218 2813 1330 2843 tenus
1358 2814 1485 2844 autem
1515 2805 1641 2844 facere
1669 2806 1985 2854 Sacramentum,
2015 2808 2115 2859 quod
2145 2808 2317 2848 Christus
2335 2839 2346 2858 ,

1221 2858 1256 2895 8<
1277 2858 1449 2902 Ecclesia
1478 2859 1652 2898 faciunt.
1684 2859 1827 2898 Rursus
1856 2861 1978 2911 magis
2005 2863 2120 2900 etiam
2150 2872 2349 2902 evanescet

1221 2912 1455 2961 difficultas,
1497 2914 1527 2952 si
1556 2912 1634 2952 alia
1663 2913 1949 2966 perpendantur
1986 2913 2158 2966 ejusdem
2200 2917 2242 2956 S.
2275 2917 2351 2955 Do-

1227 2968 1338 3006 ctoris
1366 2967 1484 3007 verba
1499 2997 1511 3016 ,
1541 2980 1630 3019 quae
1660 2969 1699 3006 in
1721 2968 1852 3005 eodem
1873 2967 2034 3006 articulo
2054 2968 2169 3008 habet
2191 2972 2229 3010 in
2251 2984 2350 3022 resp.

1227 3021 1275 3059 ad
1292 3020 1358 3070 5.,
1401 3021 1468 3059 ubi
1497 3031 1696 3074 postquam
1725 3021 1905 3070 dixisset,
1941 3021 2116 3061 sufficere
2143 3024 2189 3062 ad
2223 3024 2348 3077 perfe-

1225 3075 1390 3114 ctionem
1421 3075 1658 3114 Sacrarnenti
1697 3075 1944 3115 intentionem
1983 3076 2185 3116 virtualem
2208 3107 2218 3125 ‚
2265 3077 2348 3114 haec

1223 3129 1353 3168 addit:
1400 3128 1593 3181 Quamvis
1633 3128 1806 3168 studiose
1847 3141 1991 3168 curare
2029 3129 2168 3170 debeat
2198 3131 2347 3168 Sacra-

2183 3197 2296 3221 men·

1229 3253 1346 3298 deris,
1370 3267 1491 3291 eornm
1518 3256 1698 3291 sententiae
1725 3253 1930 3299 accederet,
1955 3255 2043 3290 side
2062 3257 2096 3290 S.
2117 3254 2261 3289 'rhomae
2285 3264 2344 3299 pa-

1230 3304 1378 3340 trocinio
1391 3325 1404 3346 ,
1427 3304 1528 3341 nobis
1554 3304 1662 3340 etiam
1687 3304 1879 3340 fetentibus
1893 3325 1905 3346 ‚
1926 3303 2072 3348 gloriari
2095 3309 2260 3348 possent·
