2605 3624
741 120 821 165 DE
856 115 1411 162 SACRAMENTORUM
1443 116 1759 164 AUCTORE.

84 207 204 247 elesia
245 212 325 260 post
354 199 619 255 Apostolorum
658 197 806 236 obitum
843 198 1038 236 constituta
1066 209 1114 234 ex
1145 208 1212 249 po·

86 271 213 300 testate
242 258 314 296 sibi
344 271 366 294 a
394 255 482 293 Jesu
511 252 659 291 Christo
689 250 849 288 relicta.

143 313 232 365 289.
265 309 374 361 Resp.
403 320 490 359 neg.
519 318 621 343 cons.
644 334 654 351 ‚
684 317 772 357 quas
798 302 1014 342 nullatenus
1043 304 1211 354 sequitur

87 379 133 406 ex
146 361 374 404 antecedenti
394 360 497 411 apud
526 372 591 398 nos
608 356 823 396 Catholicos
840 388 851 406 ‚
881 360 948 410 qui
972 366 1109 409 praeter
1126 369 1209 394 ver-

85 420 180 459 bum
198 417 269 456 Dei
293 415 478 466 scriptum
497 443 507 461 ,
538 412 778 464 agnoscimus
807 413 920 448 etiam
952 410 1113 448 verbum
1135 410 1209 448 Dei

86 472 265 511 traditum
283 498 293 518 ,
323 477 364 505 nt
391 467 482 506 fidei
513 475 649 503 nostrae
681 464 881 517 regulam.
931 465 983 502 lta
1013 464 1210 516 respondet

84 526 126 562 S.
144 523 312 562 Thomas
329 521 368 560 3.
385 519 425 558 P.
453 528 590 572 quaest.
609 519 678 564 64.
707 526 778 557 a‘rt.
803 532 839 557 2.
869 518 915 556 ad
942 531 976 556 1,
1008 519 1209 570 inquiens:

90 577 178 626 Ea,
207 588 296 625 quoe
324 582 414 612 sunt
443 573 492 612 de
520 577 757 611 necessitate
788 572 1070 618 Sacramenti,
1100 569 1151 608 ab
1179 574 1209 608 i-

87 644 158 683 pso
181 629 329 668 Christo
358 632 539 666 instituta
569 635 686 674 sunt,
716 630 780 676 qui
810 634 866 664 est
897 624 1008 663 Deus
1026 655 1036 673 ,
1065 625 1115 664 ώ·
1144 623 1210 661 lio-

87 697 176 722 mo.
206 682 260 721 Et
290 683 379 720 licet
408 694 490 719 non
520 684 598 719 sint
625 684 766 718 omnia
794 680 946 717 tradita
975 683 1014 715 in
1036 676 1210 727 Scriptu-

66 733 171 784 ‘ris‚
200 735 316 774 habet
345 744 485 773 tamen
515 747 565 773 ea
582 732 768 772 Ecclesia
796 745 850 771 ex
866 728 1077 783 familiari
1108 732 1209 782 Apo-

84 791 272 829 stolorum
301 788 541 827 traditt'one.
589 786 688 824 Sane
709 816 720 834 ,
759 795 799 824 ut
827 785 869 824 S.
899 786 1022 823 Lucas
1058 794 1210 823 testatur

84 845 169 883 Act.
200 844 230 882 l.
260 843 299 882 3.
317 873 327 892 ‚
363 855 453 881 cum
481 840 652 879 Christus
684 839 873 877 Dominus
901 847 985 890 post
1013 851 1121 876 suam
1149 851 1208 876 re-

83 897 356 936 surrectionem
386 895 525 946 saepius
554 894 773 946 apparuerit
791 891 1000 944 Discipulis
1017 894 1092 930 suis
1109 923 1120 941 ,
1152 892 1208 930 lo-

87 963 212 1003 quens
242 949 290 988 cle
316 961 440 1000 regno
468 945 574 995 Det,
612 960 748 998 nempe
777 947 822 984 de
851 959 917 983 sua
949 944 1119 984 Ecclesia
1152 947 1206 984 in-

80 1003 290 1051 stituenda,
319 1001 354 1038 ἃ
381 1000 658 1053 gubernanda,
687 1001 766 1037 sine
785 999 905 1037 dubio
934 1000 1047 1036 etiam
1076 999 1122 1036 de
1137 999 1206 1038 Sa-

77 1066 360 1096 cramentorum
389 1054 717 1092 administratione
747 1052 892 1090 locutus
916 1061 972 1090 est
990 1083 1000 1101 ,
1035 1066 1125 1104 quae
1158 1053 1205 1092 ad

77 1111 328 1148 fundamenta
343 1106 464 1159 hujus
479 1106 694 1160 spiritualis
716 1105 873 1144 aedificii
890 1107 1050 1158 pertinet
1069 1133 1080 1144 .
1109 1104 1206 1144 Non

73 1175 196 1216 ergO,
238 1163 364 1215 inquit
392 1161 565 1214 apposite
593 1160 633 1199 S.
664 1159 742 1199 Leo
768 1160 896 1198 Serm.
926 1160 956 1197 1.
986 1159 1032 1197 de
1062 1162 1204 1198 Ascen-

77 1218 206 1255 scione
235 1215 422 1263 Domini,
452 1217 478 1252 ii
507 1212 590 1252 dies
609 1244 619 1262 ,
648 1217 712 1265 qui
742 1217 845 1251 inter
873 1217 1205 1252 resurrectionem

79 1269 274 1318 Domini,
303 1271 659 1319 ascensionemque
675 1267 919 1320 fluxerunt,
950 1270 1071 1305 otioso
1091 1276 1206 1305 tran-

75 1326 178 1362 siere
205 1322 371 1362 decursu
392 1336 406 1360 :
426 1319 497 1361 sed
525 1335 684 1374 magna
713 1325 754 1358 in
784 1320 842 1358 llis
857 1319 1105 1373 confirmata
1127 1321 1204 1360 Sa-

79 1386 294 1416 cramenta
312 1406 322 1425 ‚
353 1388 510 1428 magna
538 1384 627 1413 sunt
659 1375 833 1413 revelata
862 1379 1062 1426 mysteria
1084 1402 1094 1413 .

131 1443 223 1483 290.
254 1430 389 1479 Dices,
417 1429 626 1482 Scripturas
642 1443 760 1468 sacrae
781 1429 868 1467 satis
885 1430 1073 1477 innuunt,
1092 1427 1207 1468 Chri·

75 1492 177 1522 stum
207 1484 306 1522 hanc
336 1483 647 1521 instituendorum
674 1483 1011 1521 Sacramentorum
1043 1492 1205 1535 potesta-

74 1545 153 1575 tem
190 1537 365 1576 tribuisse
393 1536 580 1589 Apostolis
598 1563 608 1574 .
636 1535 738 1574 Nam
767 1536 825 1574 J0.
849 1534 944 1574 XX.
972 1549 1040 1574 21.
1072 1537 1119 1574 iis
1147 1538 1206 1574 di-

74 1591 153 1628 xit:
183 1590 290 1628 Sicut
319 1594 426 1629 misit
455 1602 521 1628 me
541 1587 682 1638 Pater,
713 1593 772 1628 ita
800 1590 851 1629 &
879 1602 952 1642 ego
981 1593 1096 1627 mitto
1113 1603 1204 1627 vos:

73 1643 108 1680 ἃ
137 1641 278 1683 Matth.
307 1642 379 1682 ult.
412 1642 474 1682 18.
504 1641 621 1680 Data
650 1652 709 1681 est
739 1641 834 1679 milii
862 1645 995 1679 omnis
1023 1651 1204 1692 potestas

79 1700 121 1734 in
150 1697 281 1744 caelo,
309 1696 360 1736 <9¹
378 1699 419 1734 in
448 1704 558 1733 terra
578 1709 592 1732 .·
621 1705 758 1733 euntes
787 1707 882 1746 ergo
897 1694 1035 1732 docete
1062 1707 1204 1733 omnes

80 1758 219 1801 gentes
246 1750 334 1790 (γε.
351 1764 366 1794 ,·
406 1748 549 1800 quibus
578 1749 705 1786 verbis
736 1748 938 1786 manifeste
965 1747 1202 1797 declaravit,

73 1815 114 1839 se
133 1801 324 1854 Apostolos
355 1802 503 1839 mittere
531 1814 619 1838 cum
649 1803 752 1838 omni
771 1801 818 1838 ea
846 1810 1025 1854 potestate
1042 1832 1052 1850 ‚
1082 1816 1201 1854 quam

73 1855 155 1906 ipse
184 1869 206 1893 a
236 1853 345 1893 Patre
372 1863 596 1906 acceperat,
644 1855 814 1906 adeoque
856 1855 970 1892 etiam
1014 1868 1102 1893 cum
1133 1868 1200 1906 po-

72 1915 201 1945 testate
243 1907 462 1946 instituendi
492 1920 536 1945 ea
564 1907 842 1955 Sacramenta,
883 1920 973 1959 quae
1010 1908 1091 1959 ipse
1127 1920 1200 1946 non

73 1961 283 2000 instituerat
299 1985 315 1998 .

132 2025 224 2066 291.
254 2012 366 2066 Resp.
386 2043 398 2062 ,
423 2019 647 2066 potestatem
678 2011 865 2051 aChristo
886 2011 1198 2068 Apostoliscom-

69 2069 305 2106 manicatam
335 2080 407 2105 nou
427 2079 508 2104 esse
535 2068 696 2105 omnino
723 2067 881 2116 eadem,
905 2076 975 2104 -aut
1005 2067 1197 2120 aequalem

67 2120 163 2168 illi,
191 2134 309 2174 quam
339 2121 419 2173 ipse
448 2128 488 2158 ut
517 2118 631 2158 homo
649 2135 671 2158 a
697 2119 804 2158 Patre
833 2130 1060 2172 acceperat3
1091 2121 1197 2161 illius

71 2174 176 2212 enim
208 2183 362 2226 potestas
377 2181 461 2212 erat
481 2174 730 2212 excellentiae
745 2204 756 2223 ‚
787 2184 826 2212 ut
843 2174 1013 2226 loquitur
1030 2175 1073 2213 S.
1084 2174 1192 2213 ‘Tho-

70 2239 153 2266 mas
181 2241 266 2280 sup.
294 2241 404 2266 num.
435 2225 527 2266 282.
548 2256 560 2275 ,
607 2241 696 2281 quae
738 2227 808 2266 soli
838 2227 988 2265 Christo
1019 2228 1127 2277 Deo,
1158 2229 1192 2265 &

70 2277 216 2318 homini
245 2282 455 2334 competit;
482 2288 642 2332 potestas
670 2290 797 2319 autem
828 2281 1096 2334 Apostolorum
1112 2291 1193 2322 erat

74 2335 348 2373 ministerialis
367 2365 378 2383 ‚
407 2347 485 2387 qua
511 2332 761 2372 Sacramenta
789 2349 811 2373 a
829 2335 917 2373 Jesu
932 2334 1082 2374 Christo
1110 2335 1191 2388 jam

67 2387 219 2426 condita
247 2387 334 2427 aliis
360 2388 577 2440 dispensare
605 2388 792 2427 debebant
814 2414 825 2427 .
868 2388 980 2427 Unde
1008 2388 1049 2428 S.
1079 2390 1192 2429 Joan-

70 2452 135 2478 nes
162 2441 202 2479 in
230 2442 359 2494 prima
382 2455 453 2479 sua
481 2441 592 2493 epist.
611 2442 643 2480 Ι.
674 2442 713 2481 3.
749 2456 787 2481 se
815 2444 1037 2482 annuntiare
1065 2442 1190 2493 dicit,

64 2506 155 2545 quae
184 2509 208 2534 a
233 2493 383 2534 Christo
423 2495 592 2545 audivit,
640 2495 675 2532 St
704 2495 744 2535 S.
774 2495 913 2535 Paulus
946 2510 979 2535 1.
1018 2497 1190 2536 Corinth.

68 2545 139 2587 lv.
159 2561 192 2587 1.
221 2546 286 2586 Sic
299 2561 375 2587 nos
392 2552 598 2588 existimet
619 2548 736 2589 homo
749 2580 760 2598 ,
794 2559 837 2588 ut
857 2554 1061 2589 ministros
1079 2549 1187 2590 Clzri-

67 2603 142 2648 sti,
167 2602 217 2643 (9¹
244 2600 537 2653 dispensatores
565 2608 853 2657 mysteriorum
874 2604 973 2643 Dei.
1003 2605 1127 2643 Immo
1154 2606 1186 2644 i-

67 2651 155 2691 dem
184 2655 382 2707 Apostolus
419 2658 463 2694 in
503 2658 616 2709 epist.
643 2671 677 2697 1.
705 2658 752 2696 ad
781 2657 954 2697 Corinth.
997 2672 1083 2711 cap.
1113 2658 1184 2698 XI.

67 2713 265 2758 postquam
289 2711 464 2763 ‘exposuit
494 2725 537 2749 ea
564 2713 694 2750 omnia
710 2741 721 2760 ,
751 2724 839 2764 quae
869 2725 939 2764 pro
958 2711 1186 2752 Sacramen-

68 2764 108 2793 to
123 2755 366 2801 Eucharistiae
382 2779 404 2802 a
424 2763 590 2803 Domino
609 2765 699 2804 Jesu
729 2766 897 2804 instituta
926 2766 1033 2804 fuere
1054 2796 1065 2815 ,
1095 2779 1186 2805 con-

68 2807 189 2848 cludit
215 2824 326 2865 caput
350 2815 408 2854 his
432 2817 584 2857 verbis:
616 2817 776 2857 Caetera
805 2827 942 2858 autem
963 2849 974 2869 ,
1003 2833 1096 2858 cum
1124 2832 1186 2857 ve·

71 2873 190 2918 ἈθζὌ,
218 2863 421 2914 disportam
438 2885 453 2915 ;
481 2885 569 2924 quae
586 2886 726 2926 nempe
753 2882 923 2927 spectant
951 2874 999 2912 ad
1026 2874 1185 2926 dignam

67 2913 187 2967 liujus
215 2916 444 2960 Sacramenti
473 2924 791 2977 dispensationem
808 2953 819 2966 .

127 2981 218 3021 292·
249 2970 362 3009 Dices
388 2977 557 3014 secundo
574 3005 586 3016 .
614 2980 772 3018 Sanctus
791 2979 932 3019 Paulus
955 2994 992 3020 2.
1021 2981 1068 3020 ad
1096 2981 1186 3020 Cor.

71 3021 125 3060 ³1.
161 3035 221 3060 io.
250 3037 288 3060 se
317 3038 512 3076 personam
541 3029 680 3070 Christi
708 3046 836 3084 gerere
858 3064 868 3083 ,
913 3043 1041 3087 aperte
1069 3036 1187 3087 signi·

67 3074 160 3114 ficar
180 3105 191 3123 ‚
236 3077 434 3128 inquiens:
481 3078 594 3117 Nam
621 3084 671 3122 &
696 3098 772 3136 ego
795 3086 901 3137 quod
941 3087 1084 3127 donam·
1105 3117 1117 3137 s
1152 3092 1188 3126 52·

69 3128 164 3181 quid
183 3128 328 3168 donavi
343 3161 354 3179 ,
383 3139 538 3183 propter
556 3145 621 3170 vos
641 3139 681 3171 in
695 3149 866 3184 persona
882 3139 1048 3191 Christi,
1078 3155 1187 3180 nem-

70 3193 118 3232 pe
147 3183 305 3235 perinde
334 3198 378 3222 ac
408 3186 436 3222 si
458 3184 629 3223 Christus
655 3187 846 3227 donasset:
871 3206 962 3244 ‘ergo
989 3196 1104 3234 etiam
1120 3209 1189 3233 au·

71 3237 242 3274 ctoritate
273 3236 346 3275 sibi
385 3252 407 3275 a
436 3237 585 3276 Christo
613 3239 699 3276 data
728 3243 847 3291 potuit
873 3244 945 3282 διο.

128 3289 217 3339 293.
248 3288 470 3343 Respondet
498 3291 538 3329 S.
561 3291 727 3329 Thomas
749 3292 786 3331 5.
817 3291 858 3330 P.
887 3306 1018 3346 quaest.
1039 3300 1193 3348 64.art.

72 3349 113 3378 a.
140 3340 188 3378 ad
208 3341 270 3382 30:
313 3345 518 3397 Apostoli,
548 3344 598 3388 <9
626 3359 763 3386 eorum
791 3358 1062 3400 successores,
1104 3363 1196 3396 sunt

2290 133 2345 185 47

1282 200 1418 234 ricarli
1439 196 1544 245 Dei,
1575 208 1767 247 quantum
1799 201 1853 238 cvl
1882 207 2060 253 regimen
2079 203 2277 246 Ecclesia³
2306 223 2397 246 con-

1280 254 1427 287 stirutae
1455 264 1524 300 per
1540 250 1676 302 sulem
1700 282 1709 299 ,
1739 253 1900 304 &strici
1922 258 2194 299 Sacramenta
2211 289 2220 300 .
2255 261 2316 299 Un
2335 262 2396 313 le,

1279 309 1378 341 sicut
1407 316 1487 341 non
1517 303 1605 341 licet
1635 309 1692 342 eis
1720 312 1957 345 constituere
1986 313 2112 350 aliam
2146 314 2397 364 Ecclesiam,

1280 361 1338 395 ita
1366 370 1446 395 non
1477 358 1567 394 licet
1597 362 1653 395 eis
1673 358 1834 397 tradere
1862 362 1991 399 aliam
2009 365 2141 414 silem
2160 398 2169 414 ‚
2200 375 2399 419 nequein-

1278 415 1439 449 stituere
1468 412 1554 448 alia
1574 409 1874 450 Sacramenta:
1904 415 1973 451 setl
2000 430 2068 465 per
2097 420 2369 462 Sacramenta
2386 455 2396 471 ’

1279 478 1368 516 qua?
1395 464 1444 502 de
1473 465 1600 502 latere
1633 464 1775 503 Cliristi
1803 466 2011 517 pendentis
2040 473 2081 506 ia
2109 484 2225 510 cruce
2259 477 2397 527 fluxe-

1276 528 1369 555 runt
1385 549 1396 566 ‚
1426 518 1566 567 (licitur
1587 531 1672 556 esse
1687 518 1903 570 jabricata
1921 521 2110 561 Ecclesia
2129 524 2267 564 Christi
2290 555 2299 566 .
2326 532 2398 568 ce-

1276 580 1401 613 terum
1431 571 1573 610 nullibi
1605 586 1728 626 neque
1771 575 1810 612 in
1839 577 1956 613 sacri-1
1998 575 2159 626 litteris,
2208 593 2328 632 neque
2358 586 2397 621 in

1274 626 1494 664 veneranda
1525 625 1676 664 Patrum
1708 628 1907 666 traditione
1936 627 2100 680 legitur,
2136 631 2294 685 aliquod
2329 635 2395 673 Ss-

1276 688 1516 718 crumentum
1548 679 1597 717 ab
1620 680 1833 731 Apostolis,
1862 681 1896 718 8<
1927 684 2049 721 multo
2078 687 2207 724 minus
2236 697 2316 737 post
2347 692 2397 726 A·

1277 731 1508 786 postolorum
1539 741 1697 771 mortem
1730 735 1844 772 fuisse
1873 736 1922 774 ab
1952 736 2126 776 Ecclesia
2155 740 2368 779 institutum
2390 768 2402 780 .

1334 786 1424 838 294.
1455 786 1531 824 Ob.
1573 785 1773 826 secundo.
1815 788 1857 826 S.
1888 790 2118 842 Augustinus
2154 793 2193 830 in
2224 792 2311 832 Lib.
2332 795 2401 834 Ill.

1277 837 1340 878 De
1369 840 1552 878 doctrina
1581 839 1803 879 christiana
1833 856 1918 895 cap.
1934 857 1973 896 ς).
2005 844 2052 882 T.
2076 846 2140 883 lll.
2170 846 2327 899 loquens
2355 849 2402 886 de

1276 893 1535 932 Sacramentis
1579 908 1687 932 novae
1719 895 1837 947 legis,
1875 911 1918 934 ea
1947 898 2038 937 dicit
2069 898 2265 937 Dominus
2293 906 2400 952 ipse,

1274 949 1324 987 <9⁶
1355 949 1582 997 Apostolica
1611 948 1774 986 tradidit
1803 949 2040 1002 disciplina.
2071 953 2155 992 Non
2176 954 2299 992 solum
2331 958 2401 1008 igi-

1274 1008 1337 1038 tur
1365 1001 1557 1040 Christum
1576 1032 1586 1050 ,
1616 1003 1679 1040 sed
1709 1005 1823 1041 etiam
1847 1005 2041 1055 Apostolos
2070 1009 2233 1057 agnoscit
2262 1009 2398 1047 Sacra-

1273 1065 1490 1094 mentorum
1521 1064 1689 1093 auctores
1707 1083 1716 1094 .
1761 1056 1946 1096 Praeterca
1975 1061 2014 1097 in
2045 1063 2152 1111 epist.
2175 1060 2276 1100 LlV.
2305 1061 2401 1102 olim

1281 1108 1369 1147 118.
1399 1110 1446 1146 ad
1475 1110 1701 1147 Jauuarimn
1733 1108 1781 1147 T.
1804 1111 1850 1148 ll.
1883 1120 2082 1164 postquam
2124 1114 2303 1164 dixisset,
2347 1116 2400 1155 D.

1274 1160 1325 1200 N.
1354 1162 1481 1200 Jesum
1512 1162 1706 1200 Christum
1738 1162 2018 1202 Sacramentis
2045 1179 2214 1205 numero
2241 1173 2397 1218 paucis-

1273 1219 1385 1253 simis
1401 1245 1413 1264 ,
1443 1214 1960 1266 observationefacillimis‚
1982 1220 2278 1271 significatione
2297 1236 2400 1271 proe-

1274 1273 1535 1307 stantissimis
1579 1273 1814 1308 societatem
1853 1276 1943 1309 nos-i
1986 1274 2113 1323 populi
2160 1275 2369 1326 colligasse
2387 1308 2396 1324 ‚

1273 1322 1424 1361 subdit:
1453 1327 1567 1362 sicuti
1583 1333 1639 1361 est
1661 1322 1879 1376 baptismus
1903 1324 2109 1364 Trinitatis
2126 1333 2288 1366 nornine
2307 1342 2401 1367 con-

1278 1386 1460 1415 secratus
1478 1408 1488 1426 ,
1531 1382 1846 1416 communicatio
1873 1384 2072 1430 corporis,
2115 1382 2164 1422 <9⁶
2194 1387 2402 1435 sanguinis

1275 1434 1421 1481 ipsius,
1465 1432 1515 1472 (θ’
1544 1436 1577 1469 si
1605 1430 1698 1483 quid
1726 1432 1836 1470 aliud
1872 1438 1911 1470 in
1938 1433 2152 1484 Scripturis
2195 1448 2401 1474 commen-

1275 1484 1394 1522 datur
1479 1484 1556 1522 Illa
1585 1494 1750 1534 autem,
1789 1500 1877 1537 quae
1906 1500 1982 1524 non
2013 1492 2161 1537 scrt'pta
2179 1518 2189 1535 ‚
2219 1489 2289 1526 sed
2317 1498 2401 1528 tra-

1275 1537 1360 1576 (le'ta
1389 1537 1631 1575 custodimus
1652 1568 1662 1585 ,
1691 1552 1781 1588 quae
1808 1538 1963 1589 quidem
1994 1549 2074 1578 toto
2102 1550 2303 1580 terrarum
2336 1557 2399 1581 or·

1274 1590 1319 1628 be
1347 1599 1556 1628 servantur
1577 1620 1586 1638 ,
1617 1589 1736 1628 datur
1764 1593 1959 1644 intelligi,
2007 1594 2064 1631 rel
2092 1594 2142 1631 al>
2171 1598 2264 1647 ipsis
2295 1597 2395 1646 Apo-

1268 1644 1410 1692 stolis,
1442 1644 1498 1681 vel
1525 1644 1715 1692 plenariis
1744 1644 1954 1694 Conciliis,
1984 1660 2148 1698 quorum
2180 1659 2236 1687 est
2258 1654 2297 1687 in
2314 1650 2396 1689 Ec-

1275 1696 1400 1734 clesia
1428 1695 1693 1735 saluberrima
1708 1703 1960 1749 auctoritas,
1988 1703 2304 1752 commendata,
2333 1714 2396 1743 at-

1272 1762 1346 1800 que
1383 1758 1537 1788 statuta
1578 1754 1770 1788 retineri.
1811 1753 1945 1790 Censet
1988 1756 2103 1805 igitur
2135 1758 2394 1809 Augustinus,

1270 1804 1423 1840 nonnisi
1455 1803 1715 1854 Baptismum,
1744 1804 1779 1841 St
1807 1803 2092 1844 Eucharistiam
2111 1838 2121 1856 ,
2152 1823 2315 1861 quorum
2346 1821 2398 1851 est

1269 1857 1310 1894 in
1340 1856 1550 1907 Scripturis
1577 1870 1754 1909 expressa
1783 1860 1924 1897 mentio
1941 1890 1950 1908 ‚
1983 1861 2097 1899 fuisse
2117 1862 2304 1901 aChristo
2319 1864 2398 1904 Do-

1266 1910 1376 1947 mino
1405 1910 1598 1956 instituta3
1622 1920 1751 1950 cetera
1780 1922 1908 1951 autem
1930 1913 2157 1966 Apostolica
2186 1915 2396 1968 disciplina

1269 1976 1349 2001 esse
1377 1962 1425 2001 ad
1453 1975 1522 2001 nos
1550 1964 1748 2012 derivata3
1785 1966 1851 2006 vel
1884 1968 2003 2006 etiam
2032 1984 2056 2007 a
2085 1969 2266 2023 plenariis
2293 1973 2397 2012 Con-

1268 2015 1371 2055 ciliis
1400 2024 1537 2056 statuta
1554 2043 1566 2056 .

1319 2070 1417 2123 295.
1448 2069 1562 2124 Resp.
1579 2102 1590 2120 ,
1617 2072 1659 2111 in
1688 2074 1817 2127 primo
1843 2074 1929 2114 loco
1956 2075 1997 2115 S.
2018 2074 2221 2117 Doctorem
2250 2077 2394 2118 voluis·

1262 2136 1306 2162 >se
1328 2127 1498 2176 primum
1519 2125 1716 2166 declarare
1733 2159 1744 2177 ,
1773 2129 2020 2169 Sacramenta
2050 2145 2156 2171 nova:
2175 2132 2266 2184 legis
2286 2147 2393 2171 com-

1258 2179 1458 2230 paratione
1472 2178 1806 2220 Sacramentorum
1821 2193 1992 2222 veterum
2022 2199 2099 2223 esse
2126 2200 2259 2237 pauca
2280 2214 2290 2232 ,
2320 2200 2390 2224 ea-

1262 2231 1432 2283 demque
1448 2230 1574 2284 factu
1590 2232 1830 2286 facillima,
1860 2239 2128 2279 &intellectu
2157 2243 2390 2291 augustissi-

1261 2297 1334 2323 ma
1354 2287 1442 2327 &a
1472 2287 1546 2325 Hic
1571 2290 1680 2326 enim
1710 2299 1761 2326 est
1778 2289 1864 2340 ejus
1882 2304 2017 2342 scopus
2034 2321 2044 2338 ,
2072 2293 2290 2330 ostendendi
2313 2295 2386 2332 sci-

1259 2337 1371 2388 licet,
1399 2353 1516 2392 quam
1546 2339 1631 2379 leve
1659 2352 1749 2380 esset
1774 2343 1916 2381 'Christi
1947 2343 2080 2396 jugum
2113 2347 2152 2384 in
2179 2358 2387 2398 compara-

1254 2393 1361 2431 'tione
1389 2394 1512 2445 gravis
1540 2395 1730 2434 servitutis
1745 2398 1881 2434 veteris
1898 2398 2105 2435 testamenti
2124 2424 2134 2437 .
2166 2396 2295 2437 Postea
2316 2400 2383 2438 ad-

1258 2445 1375 2495 dens,
1417 2447 1551 2484 eadem
1581 2447 1630 2485 ab
1672 2450 1755 2499 ipso
1784 2449 1978 2498 Domino,
2023 2450 2057 2488 ἃ
2086 2451 2135 2490 ab
2178 2453 2387 2504 apostolica

1257 2499 1464 2551 disciplina
1493 2514 1570 2538 esse
1597 2502 1755 2550 tradita,
1803 2513 2014 2555 opportune
2048 2504 2239 2557 significat
2258 2536 2267 2553 ,
2312 2520 2386 2545 non

1256 2555 1389 2591 omnia
1417 2567 1495 2591 esse
1523 2555 1561 2592 in
1582 2556 1696 2593 sacris
1722 2554 1858 2594 litteris
1887 2558 2095 2610 quaerenda
2118 2588 2129 2607 ,
2156 2561 2222 2597 sed
2253 2558 2386 2612 aliqua

1256 2608 1370 2644 etiam
1399 2606 1479 2645 sola
1507 2607 1712 2660 apostolica
1741 2609 1940 2648 traditione
1963 2613 2116 2659 teneri,
2154 2626 2274 2665 eaque
2304 2628 2384 2652 ma·

1254 2661 1358 2703 xime
1379 2689 1390 2708 ,
1418 2672 1508 2713 quae
1537 2661 1585 2699 ad
1614 2663 1708 2701 ritus
1729 2692 1740 2710 ,
1777 2662 1810 2700 &
1841 2667 2085 2704 caeremonias
2113 2665 2382 2705 Sacramento-

1253 2726 1341 2751 rum
1371 2716 1553 2761 attinent3
1583 2728 1748 2768 quorum
1770 2726 1869 2756 certe
1888 2717 2060 2771 plurima
2088 2719 2133 2757 ad
2165 2719 2292 2772 majus
2313 2720 2382 2759 Sa-

1254 2777 1537 2806 cramentorum
1566 2769 1704 2817 decus,
1740 2779 1824 2809 tum
1853 2772 1899 2810 ad
1931 2774 2168 2811 excitandam
2212 2782 2381 2812 nostram

1253 2820 1493 2860 devotionem
1521 2821 1572 2860 ab
1603 2823 1792 2875 Apostolis
1809 2854 1819 2872 ‚
1862 2837 2073 2879 eorumque
2101 2827 2383 2866 successoribus

1253 2874 1381 2913 addita
1399 2905 1409 2924 ,
1440 2889 1485 2914 ac
1515 2876 1766 2915 determinata
1797 2879 1931 2918 fuere.

1307 2928 1400 2980 296.
1429 2928 1477 2968 Et
1506 2931 1647 2982 pariter
1674 2931 1721 2968 de
1751 2931 1971 2983 hujusmodi
2001 2933 2161 2983 ritibus,
2190 2947 2235 2973 ac
2263 2946 2381 2973 caere⁴

1252 2984 1396 3021 moniis
1432 2983 1704 3035 explicandum
1748 2999 1826 3024 esse
1854 2986 2017 3025 alterum
2050 2988 2250 3040 Augustini
2281 2990 2382 3026 testi·

1253 3037 1429 3076 monium
1459 3050 1504 3075 ex
1533 3037 1665 3075 eadem
1697 3041 1807 3091 epist.
1836 3041 1882 3078 ad
1898 3040 2057 3079 Januar.
2075 3071 2085 3089 ,
2115 3044 2196 3094 ipse
2210 3041 2253 3079 S.
2273 3041 2381 3079 Pater

1253 3089 1390 3128 diserte
1417 3089 1603 3143 significat
1622 3120 1633 3139 ,
1669 3093 1795 3130 statim
1825 3093 1987 3132 addens:
2029 3094 2138 3132 Sicut
2166 3093 2268 3147 quod
2296 3094 2379 3132 Do-

1261 3146 1361 3182 mini
1389 3149 1524 3195 passio
1541 3175 1552 3193 ,
1580 3145 1630 3185 ῦ)
1658 3153 1893 3185 resurrectio
1910 3178 1921 3196 ‚
1949 3148 2000 3189 Θ
2029 3153 2213 3187 ascensio
2243 3153 2283 3186 in
2303 3160 2381 3185 cae-

1262 3196 1345 3234 lum
1363 3227 1374 3245 ,
1421 3198 1471 3238 (9¹
1499 3197 1694 3237 adrentus
1723 3199 1771 3238 de
1800 3201 1900 3239 coelo
1929 3200 2099 3253 Spiritus
2145 3206 2277 3239 sancti
2303 3212 2378 3237 an-

1261 3254 1487 3289 niversaria
1523 3252 1776 3292 solemnitate
1818 3251 2099 3300 celebrantur-5
2144 3256 2193 3296 <9²
2222 3258 2256 3292 si
2282 3248 2376 3303 quid

1261 3303 1372 3342 aliud
1400 3305 1483 3343 tale
1509 3309 1680 3344 occurrit
1697 3337 1708 3355 ,
1747 3307 1848 3357 quod
1876 3317 2058 3346 servatur
2084 3307 2137 3346 ab
2163 3311 2373 3351 unit'ersa,

1261 3368 1509 3410 quocumque
1535 3371 1579 3400 se
1607 3356 1794 3409 diffundit
1808 3390 1821 3410 ,
1850 3358 2037 3401 Ecclesia
2057 3385 2070 3400 .

2232 3419 2324 3460 297·
