2605 3624
275 113 355 153 123

208 189 391 234 lustrari,
421 199 465 223 ac
494 183 719 223 confirmari
750 191 896 236 posset,
935 186 1086 223 videtur
1116 185 1227 237 plane
1256 186 1319 223 de-

204 241 448 280 monstrative
477 240 680 286 evincere,
724 241 945 277 sententiam
977 240 1234 277 formidolosae
1265 248 1319 277 at-

201 296 391 342 tritionis,
423 301 548 344 utpote
578 306 648 330 nec
677 302 818 330 certam
838 322 848 340 ,
888 306 957 331 nec
986 300 1131 339 tutam,
1161 294 1217 331 sin
1249 293 1319 330 mi-

200 362 267 386 nus
297 348 503 397 explicite,
532 346 582 387 Εἰ)
604 345 750 383 directe
770 376 780 394 ,
812 347 1000 396 implicite
1021 346 1150 384 saltem
1169 376 1180 394 ,
1211 346 1243 382 8(
1261 349 1320 383 in-

203 402 353 439 dis-ecte
397 401 514 439 fuisse
543 416 564 438 a
594 399 841 437 Sanctis-simo
879 400 1060 438 pontifice
1104 401 1322 437 Innocentio

200 455 272 493 XI.
302 456 521 493 damnatam
540 481 550 492 .
579 453 653 491 Sed
683 456 866 505 quoniam
899 452 1070 491 Ecclesia
1088 453 1257 490 Romana
1282 464 1321 488 0-

197 510 349 547 mnium
379 507 544 546 aliarum
576 516 724 555 mater,
763 507 795 541 δ(
826 508 1002 558 magistra
1035 506 1206 544 eamdem
1237 518 1320 541 sen-

198 564 356 600 tentiam
387 561 540 614 palam,
571 561 604 598 8<
634 562 795 610 impune
826 560 975 597 defemli
1008 560 1220 609 permittit,
1252 570 1320 593 no-

198 625 273 654 stra
303 616 503 654 ratiocinia
534 627 712 665 supremo
742 613 913 663 ejusdem
945 612 1090 662 judicio
1120 609 1320 647 humiliter

196 668 440 721 subjicienda
470 679 554 705 sunt
573 695 582 705 .
613 668 769 704 interim
801 674 927 702 tamen
945 678 1155 713 numquam
1188 662 1317 713 prohi-

194 722 320 761 bitum
353 724 424 760 fuit
457 721 660 768 'l'licologis
703 718 924 755 st-ntei‘itiam
975 715 1232 753 f‹-›rmid010sae
1262 723 1317 752 at-

195 778 354 814 tritionis
385 776 501 813 etiam
531 787 574 810 ex
606 772 675 809 hoc
704 772 828 821 capite
866 770 1013 807 fortiter
1053 769 1284 821 impugnare
1305 798 1316 818 ,

195 830 298 881 quod
330 843 418 867 cum
449 836 551 864 certa
571 838 644 862 non
675 824 746 871 sit,
778 823 841 860 sed
870 823 917 860 ad
948 836 1143 860 summum
1177 823 1316 874 proba-

194 883 314 930 bilis,
358 894 483 931 neque
513 887 592 916 tuta
629 890 708 915 esse
738 877 880 928 possit,
924 877 1094 929 adeoque
1123 877 1163 914 in
1206 877 1316 928 praxi

196 939 242 974 sit
273 935 409 972 illicita
439 931 530 982 (u).

247 987 338 1032 224.
368 986 632 1024 Fortissimam
663 982 779 1034 hujus
809 984 1023 1035 argumenti
1054 985 1132 1023 vim
1166 983 1320 1022 eludere

190 1039 366 1079 nonnulli
397 1041 525 1077 conati
554 1047 665 1085 suut,
695 1037 862 1075 dicentes
883 1067 894 1084 ,
925 1051 968 1075 ex
999 1038 1244 1077 damnatione
1274 1036 1321 1074 it-

189 1094 265 1133 lius
295 1093 565 1146 propositionis
596 1091 861 1130 tantummodo
880 1092 1017 1143 sequi,
1051 1091 1234 1130 illicitum
1265 1105 1322 1129 es·

189 1163 227 1186 se
257 1146 475 1199 conferre,
506 1154 722 1184 nouantem
753 1148 930 1195 recipere
950 1145 1201 1184 Sacramenta
1232 1144 1321 1184 &c.:

187 1201 278 1249 vel,
308 1202 520 1239 doctrinam
550 1200 597 1238 de
626 1200 817 1252 sequenda
838 1200 966 1238 tutiori
996 1199 1175 1251 opinione
1205 1200 1319 1236 iutel-

188 1254 397 1308 ligentlum
428 1267 514 1292 esse
558 1266 611 1292 ex
652 1262 768 1304 parte
815 1266 981 1301 eorum,
1028 1265 1118 1303 quae
1161 1252 1318 1290 atllzibet

189 1322 244 1346 ex
273 1322 316 1347 se
360 1312 548 1345 minister
577 1307 863 1355 Sacrarnenti‚
913 1316 953 1343 ut
981 1319 1032 1344 ea
1062 1310 1141 1343 sint
1170 1315 1284 1344 cerm
1306 1337 1316 1354 ,

186 1363 237 1403 <9⁶
266 1366 352 1400 sine
381 1363 457 1399 ullo
486 1362 655 1411 periculo
685 1365 725 1398 ἱη
756 1373 825 1398 re.
857 1360 909 1397 Ac
939 1373 1027 1399 rero
1057 1360 1167 1397 dolor
1198 1370 1255 1398 est
1273 1374 1317 1398 ‹i-

187 1416 307 1466 liquat
350 1419 582 1466 requisitum
612 1413 666 1452 ad
697 1413 1015 1451 &loramentum
1059 1426 1113 1451 ex
1141 1423 1257 1462 parte
1287 1417 1318 1450 i-

186 1474 321 1520 psius,
370 1472 436 1519 qui
479 1471 616 1518 recipit
659 1466 1003 1505 Sacramentum.
1062 1466 1193 1504 Verba
1234 1475 1318 1504 sunt

189 1523 398 1575 Vasquezii
442 1522 480 1559 in
515 1536 547 1561 1.
581 1535 618 1560 2.
648 1529 871 1573 quaest.19.
915 1521 1026 1560 artic.
1048 1519 1087 1559 6.
1129 1521 1230 1573 disp.
1251 1520 1317 1560 65.

184 1591 272 1629 cap.
301 1591 334 1615 1.

241 1630 332 1669 226.
364 1630 505 1682 Resp.,
537 1631 704 1683 primam
734 1629 951 1668 evasionem
983 1641 1055 1667 non
1086 1627 1187 1666 male
1208 1642 1230 1667 a
1250 1628 1316 1666 do-

193 1685 372 1723 ctissimis
414 1685 632 1723 Carmelitis
668 1683 908 1722 Excalceatis
949 1682 1317 1721 salmanticensibus

187 1738 302 1777 Tom.
333 1739 424 1777 XV.
455 1737 496 1776 P.
528 1739 575 1775 Il.
605 1746 715 1776 tract.
738 1737 802 1783 24.
832 1737 933 1788 disp.
958 1751 995 1788 7.
1032 1735 1126 1774 dub.
1154 1749 1187 1774 1.
1218 1735 1256 1786 §-
1279 1735 1317 1773 6.

188 1793 318 1831 vocari
350 1805 510 1831 meram
529 1791 686 1843 fugam
729 1791 1052 1841 speculatimm;
1099 1790 1183 1827 ideo
1212 1791 1319 1827 enim

186 1845 343 1883 oraculo
372 1847 641 1884 Innocentiano
672 1844 912 1897 proliibituin
942 1845 1015 1882 fuit
1045 1844 1219 1881 conferre
1249 1842 1317 1881 Sa-

186 1908 382 1938 cramenta
411 1900 621 1938 secundum
651 1900 873 1950 opinionem
892 1900 1017 1936 minus
1047 1906 1196 1945 tutam,
1226 1897 1320 1949 quia

186 1954 324 1992 merito
352 1953 523 1991 dubitari
554 1959 673 2004 potest
702 1952 746 1989 de
776 1965 908 1989 eorum
939 1951 1092 1989 valore:
1136 1964 1224 2002 ergo
1253 1964 1320 2002 pa-

190 2008 286 2045 :riter
314 2007 447 2044 eadem
477 2006 523 2043 de
552 2018 667 2043 causa
709 2003 892 2042 illicitum
924 2006 1021 2052 erit,
1071 2005 1153 2055 ipsa
1183 2005 1321 2042 Sacra-

189 2069 320 2099 menta
350 2064 553 2109 recipere.
587 2058 675 2096 Alia
695 2068 823 2095 autem
855 2059 980 2096 evasio
1002 2058 1183 2096 innititur
1214 2070 1321 2109 pror-

188 2128 253 2153 sus
282 2113 498 2152 arbitrariae
527 2112 765 2150 distinctioni
797 2112 894 2149 inter
925 2126 964 2149 ea
986 2142 995 2160 ,
1026 2125 1115 2163 quae
1147 2113 1322 2149 minister

188 2175 373 2219 praestare
402 2166 540 2213 debet,
587 2165 622 2202 8(
651 2179 721 2212 ea,
769 2178 858 2217 quae
889 2180 910 2203 a
940 2167 1152 2216 poenitente
1180 2165 1322 2216 depen-

189 2221 306 2266 dent3
351 2228 389 2257 ut
419 2221 457 2257 iu
487 2219 626 2271 primis
654 2218 790 2255 debeat
819 2220 997 2256 sententia
1025 2227 1127 2256 certa
1145 2249 1155 2267 ,
1200 2218 1233 2254 δε
1263 2228 1322 2256 tu-

190 2275 264 2314 tior
293 2272 402 2311 alteri
432 2272 638 2325 praeferri,
682 2284 758 2310 non
789 2281 918 2310 autem
962 2272 1002 2310 in
1040 2271 1154 2317 aliis;
1203 2285 1322 2323 quam

191 2337 292 2366 certe
320 2327 604 2365 distinctionem
626 2339 751 2377 neque
782 2325 935 2372 innuit,
966 2338 1089 2377 neque
1106 2326 1212 2363 novit
1234 2325 1323 2362 bea-

191 2382 360 2420 tissimus
389 2380 560 2418 Pontifex
582 2409 592 2428 ,
641 2379 801 2431 provide
842 2378 1029 2417 sollicitus
1051 2409 1062 2427 ,
1111 2393 1158 2417 ne
1188 2379 1322 2417 Sacra-

193 2445 321 2474 menta
351 2433 523 2486 pericnlo
552 2431 735 2471 nullitatis
779 2441 1084 2485 exponerentur.
1143 2432 1292 2471 Deinde
1312 2463 1323 2481 ,

193 2489 356 2541 seposito
385 2489 500 2526 etiam
531 2487 801 2526 Innocentiano
842 2487 1019 2534 decreto,
1067 2487 1154 2538 quis
1184 2495 1324 2538 neget,

193 2543 443 2597 poenitentem
461 2555 619 2594 peccare
636 2549 767 2580 contra
787 2539 1011 2580 charitatem
1041 2540 1115 2579 sibi
1132 2539 1324 2590 debitam,

203 2713 373 2739 mnarunt
398 2705 533 2750 pariter
559 2704 649 2738 lianc
674 2705 806 2739 aliam:
848 2705 1042 2740 Concilium
1069 2704 1266 2739 Tridentin·
1291 2716 1331 2736 a-

201 2754 266 2784 (leo
292 2764 457 2795 expresse
483 2752 646 2796 definivit
664 2774 675 2793 ‚
708 2755 921 2786 attritionem
938 2774 949 2793 ,
989 2765 1056 2798 quae
1085 2766 1150 2785 non
1177 2751 1330 2793 vivificet

201 2799 343 2830 animam
359 2820 369 2838 ,
395 2812 522 2843 quaeque
550 2808 757 2843 supponatur
788 2803 863 2833 sine
887 2812 1000 2833 autore
1027 2798 1098 2832 Dei
1123 2811 1227 2837 esse,
1256 2796 1330 2840 svs-

193 2843 310 2887 ficere
336 2847 381 2876 ad
407 2847 678 2886 absolutionem,
714 2855 749 2880 ut
773 2846 954 2880 anathema
979 2847 1177 2891 pronuntiet
1203 2844 1328 2876 adver-

203 2902 262 2922 sus
291 2899 457 2933 negantes
478 2913 488 2930 ‚
529 2893 663 2935 pariter
687 2891 902 2926 damnarunt
928 2901 966 2926 ut
981 2893 1144 2938 falsam,
1182 2897 1328 2922 temera-

202 2939 318 2975 riam,
345 2936 506 2969 Concilio
532 2937 628 2970 Trid.
656 2943 863 2973 contrarium
879 2960 890 2980 ,
926 2944 967 2973 (9⁴
993 2943 1029 2972 in
1057 2948 1204 2971 errorem
1230 2937 1329 2969 indu-

203 2990 356 3015 centem.
396 2982 476 3014 Post,
515 2993 630 3016 autem
670 2984 898 3019 declar-arunt
919 3008 931 3027 ,
967 2984 1009 3018 de
1035 2991 1153 3017 mente
1181 2982 1330 3015 Concilii

205 3027 310 3062 Trid.
351 3037 424 3061 tam
451 3028 487 3060 in
512 3029 738 3065 Sam-amento
778 3032 975 3076 baptismi,
1011 3041 1118 3075 quam
1145 3029 1180 3062 in
1208 3029 1332 3062 Sacra-

206 3083 328 3109 mento
354 3074 568 3119 poenitentiae
595 3074 663 3109 duo
686 3089 759 3110 esse
778 3077 972 3118 monenda,
1000 3080 1032 3109 ὃ(
1048 3073 1203 3109 docenda
1222 3096 1233 3115 ‚
1258 3079 1332 3118 pri-

204 3135 316 3162 mum,
356 3134 396 3154 ne
421 3124 496 3165 quis
529 3128 649 3164 putet,
690 3126 724 3154 in
752 3132 887 3167 utroque
915 3126 1144 3158 Sacramenta
1169 3126 1296 3165 requiri
1318 3144 1328 3162 ,

208 3177 245 3202 nt
270 3171 422 3211 praciam
450 3171 717 3207 contritionem,
742 3182 840 3208 eam,
867 3171 988 3214 quaefit
1016 3171 1191 3203 charitate
1215 3169 1330 3212 perfe—

214 3224 272 3248 cta
293 3236 302 3254 ,
341 3218 382 3247 C?
410 3227 474 3258 quoe
499 3226 572 3247 cum
599 3223 672 3247 voto
699 3215 916 3248 Sacramenti
933 3237 943 3255 ‚
975 3225 1150 3258 antequam
1173 3224 1251 3247 actu
1276 3229 1331 3248 su-

213 3264 382 3304 scipiatur
399 3282 410 3301 ‚
437 3261 603 3294 hominem
620 3260 696 3294 Deo
721 3264 950 3294 reconciliet·
979 3262 1163 3301 Alterum,
1189 3275 1228 3294 ne
1255 3266 1330 3306 quis

212 3316 312 3351 putet
339 3311 375 3340 in
402 3316 540 3351 atroque
567 3307 790 3341 Sao-ramento
817 3320 970 3340 securum.
997 3321 1032 3340 se
1059 3321 1137 3341 esse
1155 3329 1165 3348 ‚
1192 3311 1223 3340 si
1248 3321 1330 3351 prae-

215 3355 269 3389 t'er
286 3354 384 3398 fidei
400 3375 412 3395 2
449 3359 488 3389 Φ
516 3358 590 3400 spei
616 3362 715 3390 actus
740 3367 807 3390 non
833 3357 981 3400 incipiat
1016 3356 1167 3401 diligere
1192 3354 1301 3390 Deum
1318 3377 1330 3397 ‚

938 103 1208 148 DISSERT.
1232 104 1311 148 VI.
1343 103 1473 150 CAP.
1498 103 1599 147 VII.
1632 103 1768 148 Attr.
1792 104 1849 147 II.

1388 183 1480 220 dum
1511 184 1703 235 sequendo
1730 184 1954 235 opinionem
1975 180 2158 220 incertam
2176 210 2186 228 ,
2217 179 2250 216 8<
2271 191 2343 218 non
2373 185 2511 230 tutam,

1389 238 1555 287 seipsum
1587 235 1760 288 periculo
1796 238 1948 288 exponit
1990 249 2064 274 non
2094 235 2305 285 recipiendi
2337 233 2514 272 effectum

1388 289 1661 327 sacramenti?
1708 290 1785 327 Cur
1815 304 1902 341 ergo
1931 303 2004 328 non
2035 288 2207 341 peccabit
2252 289 2364 325 etiam
2397 287 2513 324 mini-

1391 351 1491 390 ster,
1540 345 1569 380 si
1599 344 1721 379 sciens
1752 344 1997 393 poenitentem
2029 357 2105 381 esse
2135 343 2187 381 sic
2223 340 2325 380 male
2354 340 2512 392 disposi-

1393 404 1472 432 tum
1493 422 1504 439 ‚
1533 395 1704 445 ejusdem
1734 404 1886 445 peccato
1914 393 2164 447 cooperetur?

1446 461 1536 498 227.
1566 447 1773 484 Memorati
1804 461 1892 485 mox
1921 448 2208 487 celebratissimi
2231 447 2414 500 Tlieologi
2432 446 2516 485 Scl-

1390 503 1642 538 manticenses
1682 499 1801 536 aliam
1832 510 2044 551 proponunt
2086 502 2255 552 ejusdem
2301 501 2517 554 argumenti

1388 553 1614 590 solutionem
1633 582 1643 600 ,
1673 557 1938 590 contendentes
1956 583 1966 602 ,
2009 557 2227 593 sententiam
2259 555 2517 593 formidolosae

1388 606 1586 644 attritionis
1616 619 1693 642 esse
1722 609 1933 654 tutiorem,
1963 606 2131 658 adeoque
2153 622 2196 645 ex
2226 610 2264 646 vi
2295 611 2435 647 decreti
2456 610 2517 646 ln-

1388 659 1610 697 nocentiani
1641 673 1718 697 esse
1733 659 1963 710 sequendam
1983 684 1992 695 .
2027 658 2229 697 Tutiorem
2249 672 2374 701 autem
2406 662 2516 701 illam

1391 726 1468 750 esse
1498 712 1685 763 probant,
1724 715 1817 764 quia
1847 714 1885 750 iu
1917 721 2043 750 nostra
2073 715 2259 750 sententia
2286 716 2347 751 ‘vel
2378 717 2517 754 admit-

1386 766 1544 804 tendum
1574 775 1625 803 est
1644 796 1654 813 ,
1684 780 1856 804 amorem
1886 766 2081 804 charitatis
2111 778 2223 816 super
2252 768 2383 804 omnia
2413 782 2517 818 posse

1387 834 1478 858 cum
1510 829 1664 872 peccato
1694 820 1844 858 mortali
1874 830 1957 858 ante
1986 819 2265 858 absolutionem
2298 820 2519 869 consistere,

1389 875 1458 926 qui
1488 875 1562 911 fuit
1592 887 1697 911 error
1726 873 1812 924 Baji
1842 888 1863 911 a
1893 875 2052 912 summis
2081 872 2328 911 Pontificibus
2357 873 2520 910 damna-

1390 937 1476 973 tt233
1507 926 1566 966 vel
1600 940 1672 965 non
1703 941 1810 979 posse
1840 929 2068 975 consistere,
2113 926 2146 962 8<
2175 935 2267 964 tunc
2296 928 2522 964 Sacramen-

1391 990 1472 1020 tum
1518 981 1756 1034 poenitentiae
1802 995 2004 1035 nimquam
2035 981 2204 1018 conferet
2232 983 2409 1030 primum
2437 993 2522 1031 gra-

1391 1037 1511 1080 tiam3
1541 1034 1642 1086 qnod
1673 1036 1815 1086 pariter
1845 1046 1895 1073 est
1926 1048 2128 1072 erroneum
2147 1060 2157 1072 .
2207 1034 2264 1071 Ad
2296 1035 2523 1072 evitandum.

1391 1090 1507 1140 igitur
1538 1087 1639 1126 hunc
1661 1087 1858 1140 duplicem
1889 1090 2024 1127 erroris
2041 1087 2243 1141 scopulum
2264 1087 2519 1135 concludunt,

1390 1141 1542 1180 nnllam
1572 1155 1648 1179 esse
1677 1145 1863 1181 tutiorem
1894 1145 1997 1183 viam
2016 1172 2026 1191 ,
2069 1155 2188 1194 quam
2218 1140 2328 1179 illam
2358 1143 2521 1179 attritio-

1389 1197 1448 1235 nis
1479 1195 1737 1234 formidolosae
1757 1227 1768 1245 ,
1815 1211 1904 1249 quae
1949 1205 2149 1248 peccatum
2179 1209 2253 1233 non
2282 1194 2410 1242 delet,
2457 1195 2523 1232 sed

1387 1248 1489 1288 illud
1522 1251 1694 1300 potestati
1724 1250 1898 1290 clavium
1928 1250 2137 1288 delendum
2168 1249 2379 1300 relinquit.
2418 1248 2524 1286 Idem

1387 1304 1467 1341 fere
1498 1302 1612 1341 habet
1642 1306 1848 1356 Gregorius
1877 1305 1924 1343 de
1955 1303 2135 1342 Valentia
2165 1302 2371 1341 Tom.1V.
2410 1301 2524 1354 Disp-

1391 1357 1477 1395 VH.
1508 1367 1641 1409 quassst.
1665 1358 1703 1396 S.
1738 1368 1879 1410 puncto
1909 1357 1948 1404 4.

1446 1410 1538 1448 228.
1569 1412 1641 1449 Sed
1670 1416 1800 1462 primo
1832 1412 1966 1450 mirari
1998 1411 2128 1459 subit,
2177 1410 2439 1457 acutissimos,
2487 1408 2522 1444 δε

1389 1465 1599 1515 profundos
1629 1479 1689 1503 eos
1721 1465 1933 1517 Tlieologos
1962 1478 2038 1504 non
2081 1464 2248 1512 vidisse,
2296 1477 2430 1501 eorum
2461 1476 2524 1500 ra-

1387 1519 1590 1556 tiocinium
1609 1548 1619 1567 ,
1650 1520 1679 1557 si
1710 1520 1804 1572 quid
1826 1520 1995 1568 valeret,
2026 1518 2154 1558 valere
2176 1520 2291 1556 etiam
2323 1526 2453 1555 contra
2475 1516 2525 1554 il·-

1387 1571 1442 1609 los
1461 1586 1594 1610 omnes
1614 1602 1623 1621 ,
1654 1576 1722 1626 qui
1741 1604 1750 1622 ,
1780 1575 1811 1612 si
1832 1586 1909 1612 non
1931 1574 2166 1626 praecipiunt
2182 1603 2193 1620 ,
2224 1571 2428 1610 consulunt
2448 1569 2523 1607 sal·-

1386 1633 1463 1663 tem
1495 1626 1797 1677 poenitentibus,
1847 1636 1887 1666 ut
1917 1640 1982 1679 per
2012 1636 2141 1665 actum
2184 1626 2424 1663 contritionis
2461 1636 2524 1661 co-

1388 1687 1522 1717 nentur
1552 1693 1589 1717 se
1620 1680 1667 1718 ad
1696 1680 1975 1718 absolutionem
1997 1681 2261 1731 recipiendam
2291 1680 2522 1730 disponere.

1388 1731 1502 1771 Mitto
1532 1731 1608 1771 alia
1638 1733 1802 1772 absurda
1821 1765 1830 1783 ,
1857 1747 1951 1786 quae
1983 1747 2028 1771 ex
2058 1733 2129 1772 illo
2158 1732 2524 1772 Salmanticensium

1389 1786 1594 1825 ratiocinio
1624 1788 1824 1827 manifesta
1852 1788 2119 1826 consecutione
2149 1786 2276 1824 fluunt
2294 1813 2304 1825 .

1446 1852 1538 1892 229.
1568 1839 1617 1877 Et
1632 1840 1850 1880 difficultati
1874 1842 2041 1886 breviter
2063 1841 2274 1892 respondeo
2290 1871 2300 1890 ,
2329 1844 2459 1891 primo
2478 1853 2526 1879 ex

1389 1894 1564 1932 doctrina
1585 1895 1797 1934 certissima
1813 1895 1958 1948 Synodi
1977 1896 2197 1934 Tridentini
2227 1908 2343 1947 supra
2373 1910 2411 1934 11.
2433 1895 2523 1935 155·

1391 1947 1506 1985 allata
1524 1977 1534 1995 ,
1564 1949 1785 1998 aliquando
1815 1952 1940 2002 reipsa
1961 1951 2189 2003 prenitentes
2218 1948 2423 2001 justificari
2453 1961 2522 2001 per

1389 2001 1653 2039 contritionem
1683 2002 1865 2042 charitate
1897 2006 2134 2055 perfectam,
2165 2013 2371 2055 antequam
2387 2003 2523 2042 Sacra·
2556 2012 2561 2014 ’

1390 2063 1565 2092 mentum
1597 2056 1723 2106 ipsum
1755 2058 2012 2108 suscipiatur,
2057 2059 2153 2109 quin
2198 2066 2325 2095 tamen
2355 2055 2416 2093 illi
2446 2057 2523 2093 duo

1390 2118 1671 2159 consequantur
1686 2123 1828 2148 errores
1842 2141 1852 2159 ,
1882 2111 2028 2148 scilicet
2045 2111 2103 2149 vet
2121 2119 2320 2162 peccatum
2340 2110 2521 2162 componi

1392 2175 1481 2199 cum
1511 2161 1699 2200 charitate
1729 2165 1924 2215 perfecta,
1954 2163 2016 2203 vel
2046 2178 2114 2217 per
2130 2164 2419 2202 Sacramentum
2442 2179 2526 2215 poe-

1391 2216 1564 2253 nitentiae
1597 2228 1671 2252 non
1702 2218 1867 2255 conferri
1884 2222 2062 2268 primam
2083 2219 2245 2269 gratiam
2265 2247 2274 2264 ,
2305 2219 2396 2269 quia
2417 2232 2527 2255 nem·-

1393 2283 1440 2321 pe
1470 2267 1539 2306 illa
1569 2267 1795 2319 justificatio
1836 2283 1910 2308 uon
1939 2270 1983 2308 fit
2011 2272 2091 2308 siue
2134 2280 2220 2309 voto
2250 2272 2490 2309 Sacramenti
2512 2302 2524 2319 ‚

1394 2322 1633 2383 utdiximus
1660 2336 1776 2375 supra
1806 2337 1914 2363 num.
1941 2323 2057 2371 πάθης
2087 2324 2258 2377 adeoque
2279 2325 2418 2365 virtute
2447 2325 2527 2364 cla-

1395 2388 1502 2416 vium
1527 2402 1537 2413 .

1451 2429 1543 2469 250.
1575 2428 1894 2483 Resp.secun<lo,
1925 2444 2095 2470 amorem
2111 2431 2528 2482 charitatisinitialem,

1395 2497 1460 2522 seu
1491 2485 1530 2521 in
1560 2484 1681 2535 gradu
1711 2487 1844 2533 tenui,
1894 2483 1927 2519 St
1957 2486 2134 2534 remisso,
2166 2499 2242 2523 non
2272 2486 2447 2524 sufficere
2476 2487 2527 2525 ad.

1394 2536 1705 2591 justificationem
1733 2539 1812 2576 sine
1842 2538 2090 2578 Sacramento
2119 2540 2380 2591 poenitentiae,
2423 2539 2528 2593 quod

2410 2609 2471 2633 111-

1398 2711 1560 2747 tamquam
1586 2704 1697 2735 omnis
1717 2701 2036 2747 justitiaefontem.
2064 2702 2180 2746 Atque
2206 2714 2249 2735 ex
2275 2715 2316 2737 eo
2342 2716 2398 2738 an.
2419 2714 2525 2747 1700.

1397 2750 1516 2795 opinio
1541 2763 1627 2794 ραι-ιε
1654 2748 1847 2782 attritionis
1875 2760 1894 2781 a
1919 2758 1993 2782 tota
2010 2748 2210 2782 Galliarum
2238 2749 2421 2791 Ecclesia,
2447 2762 2528 2796 (με

1399 2808 1511 2840 usque
1538 2795 1581 2828 ad
1605 2804 1782 2840 postrema
1808 2793 1882 2828 liaec
1910 2795 2064 2828 infelicia
2096 2805 2254 2841 tempora
2276 2797 2528 2831 florentissima

1397 2843 1492 2882 fnit,
1530 2850 1699 2887 perpetuo
1724 2841 1908 2881 exulavit3
1945 2845 2108 2886 quamvis
2137 2851 2256 2887 postea
2283 2844 2326 2877 ab
2362 2845 2528 2877 acutissi-

1396 2901 1455 2923 mo
1483 2889 1675 2923 'Tonrnelio
1695 2889 1860 2922 inlocum
1887 2888 2072 2921 charitatis
2098 2889 2270 2923 inchoatae
2300 2903 2398 2924 amor·
2426 2895 2527 2933 spei,

1399 2948 1459 2969 seu
1487 2939 1770 2980 concupiscentia
1797 2943 1924 2969 contra
1951 2946 2108 2969 mentem
2136 2938 2293 2970 Bossueti
2315 2959 2325 2978 ‚
2352 2939 2525 2972 aliorum-

1399 2994 1466 3028 que
1481 2983 1736 3028 Episcoporum
1750 3004 1761 3022 ‚
1782 2982 1842 3026 qui
1859 2983 2067 3015 memoratis
2084 2984 2238 3016 comitiis
2258 2984 2520 3022 interfuerunt,

1400 3030 1610 3074 subrogatus
1636 3029 1771 3068 fuerit3
1797 3040 1865 3073 qna
1895 3027 1934 3060 de
1961 3040 1998 3061 re
2026 3028 2226 3063 videbimus
2253 3040 2394 3076 postea.

1452 3082 1499 3115 (a)
1533 3076 1662 3110 Praeter
1698 3074 1880 3108 decretum
1906 3074 2102 3109 Alexandri
2133 3077 2211 3109 Vll.
2249 3089 2352 3121 snpra
2379 3089 2414 3109 n.
2444 3073 2523 3107 185.

1399 3130 1635 3157 memoratum
1672 3122 1780 3155 etiam
1819 3120 2029 3156 Benedictus
2054 3123 2152 3156 ΧΙΠ.
2188 3124 2224 3156 in
2250 3121 2448 3167 Appendice
2475 3119 2518 3153 ad

1399 3170 1600 3203 Concilium
1617 3170 1718 3202 Rom·
1748 3167 1969 3202 indefinitum
1995 3170 2168 3214 reliquit,
2196 3183 2238 3203 an
2264 3181 2376 3213 pura,
2403 3170 2435 3198 δε
2454 3179 2520 3199 nu-

1399 3213 1444 3249 da
1471 3217 1608 3250 attritio
1634 3215 1677 3248 ad
1712 3215 2001 3258 justificationem
2028 3217 2064 3249 in
2092 3218 2316 3249 §aeramento
2342 3213 2487 3247 sufficiat
2507 3234 2520 3253 ‚

1399 3266 1431 3296 &
1459 3262 1666 3295 Benedictus
1686 3262 1784 3295 XtV.
1812 3263 1863 3295 De
1889 3264 1975 3306 Syn.
2004 3263 2115 3296 Dioec.
2146 3263 2219 3295 Lib.
2247 3260 2341 3292 Vttt.
2368 3272 2442 3304 cap.
2466 3260 2528 3293 13-

1401 3308 1602 3350 concludit,
1629 3308 1721 3341 hanc
1748 3320 1914 3352 magnam
1942 3310 2039 3342 litem
2067 3310 2130 3342 snb
2155 3306 2273 3351 judice
2298 3318 2395 3348 esse,
2421 3309 2453 3341 δε
2478 3318 2520 3340 u·-

1401 3365 1563 3402 tramque
1588 3355 1801 3392 sententiam
1828 3356 1971 3403 impune
1996 3353 2158 3391 defendi.
