2605 3624
738 104 900 147 onDo
932 104 1047 146 EST
1081 102 1577 150 SACRAMENTUM.

10 198 53 229 ut
77 189 251 230 Christus
273 188 434 227 Patrem
450 214 462 233 ‚
491 184 539 224 (9⁶
557 182 883 234 Presbfterorum
900 182 1130 233 collegium,

13 254 55 282 ut
86 245 290 295 Apostolos
307 256 320 278 .·
348 240 555 278 Diaconos
583 240 880 282 revereamini,
908 245 948 272 ut
976 249 1030 273 cx
1054 235 1132 273 Det

10 306 209 350 proecepto
235 297 539 332 ministrantes.
577 290 728 338 Quibus
769 288 898 328 verbis
938 289 1029 327 licet
1056 302 1131 326 non

13 362 212 404 expresse,
240 347 329 385 satis
355 354 483 383 tamen
505 342 718 381 luculenter
747 344 900 391 innuit,
932 342 1132 395 hujusmo-

8 405 50 442 di
77 401 214 454 gradus
243 412 318 437 non
346 397 518 436 bumana
547 397 677 450 aliqua
705 398 926 435 auctoritate
943 426 954 444 ,
981 397 1044 434 sed
1075 396 1132 434 di-

8 457 97 497 vino
124 454 371 493 sacramento
398 465 476 490 esse
504 453 544 489 in
573 450 750 489 Ecclesia
775 453 1022 489 constitutos.

60 507 101 546 8.
130 506 183 545 Ut
208 519 300 544 vero
327 504 483 543 Patrum
512 518 737 543 consensum
765 504 990 551 doceamus,
1040 501 1132 540 illu·

7 562 142 601 striora
159 559 339 612 quaedam
359 557 516 597 illorum
545 558 758 596 testimonia
787 557 1015 608 seligemus,
1044 558 1132 609 qui-

6 614 81 654 bus
107 612 395 652 Sacramentum
423 612 582 650 Ordinis
610 611 771 649 confessi
800 620 908 648 suut:
936 612 1064 647 omnia
1093 624 1132 647 e-

6 669 92 706 nim
119 666 197 706 huc
222 679 451 706 coacervare
474 665 513 703 ἃ
532 665 650 703 nimis
669 663 827 716 longum
853 671 947 701 esset
966 692 979 710 ,
1009 662 1042 697 8(
1063 678 1131 714 pa·

8 734 97 759 rum
129 719 222 759 utile
239 746 252 758 .
279 719 322 759 S.
348 719 609 771 Hieronymus
636 717 725 756 adv.
759 716 1012 768 vigilantium
1041 730 1129 767 cap.

13 787 49 813 1.
79 773 287 827 Episcopus
305 772 413 813 illius
439 782 551 810 sectas
583 770 850 824 reprehendit,
878 772 948 823 qui
976 769 1023 807 ad
1046 783 1131 821 pre·

7 827 222 871 sbvteratus
249 827 564 865 Sacramentum
605 839 668 863 eos
708 838 786 863 non
830 823 1130 875 promovebant,

9 873 81 933 qtii
93 880 320 919 coelibatum
342 879 568 918 servabant.
598 876 710 926 Nisi,
733 879 856 929 inquit
872 907 883 924 ,
913 889 1130 928 praegnan-

9 942 70 971 tes
106 945 252 972 uxores
289 932 454 971 viderint
486 932 755 978 Clericorum,
799 929 1056 982 infantesque
1085 928 1134 967 cle

8 987 114 1025 ulnis
142 996 322 1025 matrum
341 990 566 1038 vagientes,
595 984 740 1023 Christi
757 983 1034 1023 Sacramenta
1053 996 1134 1021 non

5 1039 178 1078 tribuunt
203 1065 216 1078 .

64 1105 104 1144 9.
132 1093 175 1132 S.
197 1092 429 1144 Augustinus
455 1090 651 1130 multoties
680 1099 808 1130 contra
830 1090 1042 1129 Donatistas
1061 1089 1138 1128 duo

7 1144 276 1194 Sacramenta,
318 1145 529 1197 Baptismi,
573 1144 607 1182 δε
637 1145 819 1193 Ordinis,
858 1144 975 1182 simul
1007 1144 1136 1182 confe-

7 1212 95 1237 rens
115 1228 127 1248 ,
169 1211 232 1238 eos
259 1199 465 1238 concedere
501 1198 662 1251 cogebat
683 1228 694 1247 ,
740 1207 781 1236 ut
810 1197 1136 1251 quemadmodum

4 1252 167 1291 ordinati
201 1252 254 1292 ab
282 1252 483 1305 Episcopis
520 1251 776 1291 >schismaticis
806 1253 942 1289 iterum
970 1264 1045 1288 ’non
1075 1263 1135 1287 or-

5 1305 267 1355 dinabantur,
310 1308 361 1344 ita
390 1307 504 1344 etiam
533 1307 671 1343 iterum
702 1305 886 1357 baptizari
916 1317 990 1342 non
1019 1303 1134 1341 debe-

6 1367 118 1407 rent,
161 1360 232 1412 qui
262 1368 369 1398 erant
397 1360 435 1397 in
465 1357 601 1397 haeresi
631 1358 840 1411 baptizati.
882 1356 1036 1405 Nulla,
1077 1358 1134 1394 in-

37 1414 90 1450 uit
109 1412 199 1451 Lib.
221 1412 269 1451 11.
298 1421 398 1451 cont.
419 1412 715 1451 parmenianum
736 1426 822 1464 cap.
841 1441 851 1459 ,
886 1411 946 1449 15.
963 1441 973 1459 ,
1003 1419 1135 1448 osten-

4 1426 112 1503 ilitur-
152 1478 280 1504 causa
301 1493 313 1512 ,
354 1479 425 1503 cnr
451 1470 516 1517 qui
557 1464 796 1515 baptismum
837 1468 1024 1502 amittere
1052 1476 1134 1501 non

6 1527 160 1570 potest,
197 1519 266 1571 jus
287 1518 420 1557 dandi
456 1522 640 1557 amittere
666 1522 785 1569 possit
802 1532 816 1556 .·
853 1526 1065 1569 utrumque
1093 1530 1134 1555 e-

4 1575 92 1609 nim
118 1571 435 1610 Sacramentum
464 1581 549 1621 est,
579 1572 628 1613 (9⁰
657 1571 836 1623 quadam
865 1574 1132 1609 consecratio-

6 1637 87 1675 ne,
121 1635 333 1677 utrumque
360 1624 508 1664 homini
536 1624 683 1674 datur,
713 1625 808 1663 illud
836 1637 928 1663 cum
957 1624 1133 1673 baptiza-

3 1687 97 1727 tur,
129 1678 235 1716 istud
270 1691 361 1716 cum
391 1679 618 1726 ordinatur,
648 1679 736 1719 (9²0.
774 1677 1018 1731 Prosequitur
1047 1689 1132 1728 pos·

5 1740 66 1772 tea
93 1731 307 1770 Donatistas
336 1745 472 1783 urgens
501 1745 547 1770 ex
577 1731 644 1770 illo
674 1732 882 1770 certissimo
913 1731 1131 1783 principio,

3 1786 123 1824 etiam
151 1785 202 1823 ab
229 1785 326 1836 ipsis
353 1786 545 1833 admisso,
573 1784 677 1837 quod
694 1785 884 1823 ordinatio
913 1798 1046 1822 verum
1077 1798 1133 1822 es-

4 1847 59 1877 set
87 1838 410 1887 Sacramentum,
455 1851 532 1877 non
564 1839 688 1876 minus
731 1851 848 1890 quam
891 1837 939 1876 ba
971 1839 1132 1875 tismus.

2 1893 64 1931 Ac
91 1891 248 1930 demum
285 1892 340 1930 sic
385 1890 606 1930 concludit:
649 1891 811 1942 ideoque
852 1894 894 1928 in
924 1890 1134 1929 catholica.

6 1943 196 1984 Ecclesia
241 1953 452 1996 utrumque
476 1957 562 1983 non
598 1945 686 1983 licet
730 1948 900 1982 iterari.
943 1944 1135 1983 Dicentne

4 1997 238 2036 Heterodoxi
256 2028 268 2046 ,
314 1998 550 2050 baptismum
581 2011 657 2037 esse
685 2000 976 2037 Sacramentum
1003 1998 1135 2035 minus

8 2050 199 2104 proprie?
228 2050 313 2090 Non
339 2060 460 2104 puto:
487 2065 611 2104 neque
637 2064 727 2104 ergo
755 2051 795 2090 id
823 2051 951 2090 dicere
979 2057 1136 2104 possunt

6 2105 56 2142 de
83 2104 259 2143 Ordine.

66 2170 130 2196 ιο.
159 2157 201 2197 S.
230 2157 309 2196 Leo
350 2156 454 2211 Papa
482 2157 606 2210 Epist.
634 2156 724 2197 XII.
763 2156 814 2198 al.
848 2170 883 2196 1.
920 2157 966 2196 ad
1003 2156 1136 2210 Episc.

8 2210 135 2250 Afric.
164 2211 256 2249 edit.
284 2210 464 2249 Ballerin.
494 2212 580 2249 data
606 2225 722 2263 opera
749 2226 862 2263 agens
894 2211 942 2249 cle
960 2211 1136 2249 Ordina-

4 2261 176 2301 tionibus
205 2262 496 2311 Sacerdotum,
534 2263 712 2315 pluribus
746 2266 976 2302 enumeratis
1004 2264 1136 2301 abusi·

6 2315 108 2364 bus,
157 2317 209 2355 ita
237 2314 433 2354 concludit
460 2329 546 2367 cap.
568 2316 631 2355 5.:
677 2316 774 2367 Quis
820 2320 936 2369 igitur
964 2317 1137 2355 tolerare

8 2367 187 2418 audeat,
224 2367 331 2447 guod
371 2372 412 2407 in
448 2373 553 2408 tanti
581 2369 842 2408 Sacramenti
887 2378 1138 2421 perpetratur

10 2423 229 2475 injuriam.
274 2422 474 2476 Praecipue
498 2430 628 2461 autem
650 2425 895 2476 conqueritur
910 2454 921 2472 ,
958 2423 1058 2476 qnod
1080 2423 1138 2462 vel

8 2474 67 2514 ad
81 2474 257 2514 Diaconi
275 2475 451 2528 gradum
467 2506 479 2525 ,
504 2476 567 2514 vet
589 2475 645 2514 ad
663 2475 896 2530 presbyterii
924 2477 1136 2525 honorem,

10 2529 74 2568 rel
102 2529 160 2568 ad
187 2528 454 2582 Episcopatus
491 2530 656 2568 culmen
695 2530 921 2579 ascendat,
964 2532 1031 2582 qui
1060 2543 1137 2568 non

11 2583 126 2621 unius
151 2585 282 2623 uxoris
299 2613 311 2632 ,
343 2583 410 2622 vel
438 2581 550 2635 cujus
579 2596 674 2622 uxor
703 2597 776 2623 non
807 2585 920 2622 unius
947 2585 1024 2622 viri
1055 2584 1138 2622 fue·

13 2635 92 2673 rit.
119 2633 169 2672 Et
196 2638 307 2688 epist.
337 2635 412 2674 1X.
440 2635 494 2674 al.
522 2637 590 2675 81.
629 2638 675 2676 ad
703 2638 933 2685 Dioscorum
982 2651 1069 2690 cap.
1101 2650 1137 2676 1.

11 2686 202 2727 nonnulla
229 2696 504 2727 commemorat
531 2690 571 2728 in
595 2691 716 2729 sacris
735 2690 1050 2730 Ordinationibus
1069 2690 1139 2729 ob-

12 2741 200 2780 servanda
224 2770 237 2790 ,
278 2749 320 2779 ut
362 2741 658 2794 intelligamus,
707 2744 856 2795 inquit,
899 2753 1054 2796 quanta
1088 2744 1139 2786 <9⁶

13 2793 201 2833 dantium
221 2824 234 2843 ‚
275 2794 327 2835 ὠ·
354 2798 636 2845 accipientium
665 2795 868 2834 devotione
913 2797 1139 2836 curandum

13 2850 67 2885 sit
85 2876 98 2895 ,
127 2859 180 2886 ne
205 2856 336 2886 tantce
363 2847 643 2887 benedictionis
669 2849 987 2889 Sacramentum
1013 2851 1139 2904 negli-

13 2909 158 2953 genter
184 2899 364 2939 videatur
389 2902 595 2954 impletum
617 2928 631 2941 .

79 2967 139 2992 n.
169 2953 337 2993 Demum
378 2954 420 2993 S.
448 2955 656 3007 Gregorius
683 2956 850 3008 Magnus
879 2957 968 2996 Lib.
989 2958 1057 2996 IV.
1096 2959 1137 2995 in

11 3005 106 3047 Lib.
126 3007 155 3045 1.
185 3006 333 3059 Regum
359 3021 446 3060 cap.
481 3009 519 3048 5.
553 3007 662 3059 Qui,
691 3011 845 3063 inquit,
892 3014 934 3048 in
959 3011 1137 3049 culmine

65 3164 116 3201 (a)
141 3159 246 3195 Teste
272 3160 403 3195 illustr.
430 3162 599 3195 Bossueto
624 3162 701 3195 Lib.
727 3160 805 3196 Vn.
831 3161 966 3196 Variat.
992 3163 1135 3197 Eccles.

20 3201 174 3240 Protesi.
202 3219 236 3240 n.
262 3207 317 3251 75.
345 3208 508 3253 Episcopi
535 3208 720 3252 Anglicani
747 3219 863 3241 sacras
888 3207 1139 3244 Ordinationes

19 3251 263 3287 ministrorum
289 3263 429 3287 servant
450 3276 460 3295 ‚
487 3254 648 3299 quamvis
664 3255 710 3287 ita
730 3252 938 3299 depravatas
953 3276 964 3295 ,
990 3265 1027 3288 nt
1055 3256 1137 3288 irri-

21 3303 68 3330 tae
93 3300 324 3334 communiter
350 3308 578 3334 censeantur·
616 3300 755 3333 Alicubi
794 3301 901 3334 etiam
928 3301 962 3334 in
988 3302 1138 3334 Germa-

19 3342 80 3378 nia
104 3354 241 3380 morem
263 3346 446 3383 ordinandi
472 3347 651 3382 ministros
675 3357 737 3391 per
752 3357 918 3381 mammm
943 3347 1140 3392 impositio-

2179 126 2254 170 191

1201 186 1215 233 (
1245 184 1451 222 Sacerdotii
1484 186 1498 231 )
1528 189 1711 234 ponitur,
1753 185 2026 227 Sacramenta
2062 195 2222 241 sttscipit
2250 205 2321 230 un·

1200 239 1360 273 ettonis.
1394 238 1501 286 Quia
1528 252 1616 276 vero
1635 245 1722 289 ipsa
1751 246 1880 278 unctio
1908 243 2219 282 Sacramentum
2242 255 2321 291 est,

1201 299 1268 337 ut,
1296 293 1361 338 qui
1390 301 1659 339 promovetur,
1690 291 1786 331 bene
1802 294 1912 344 soris
1942 301 2126 348 ungitur,
2155 303 2188 336 si
2216 302 2322 337 intus

1199 346 1336 380 virtute
1365 342 1623 381 Sacramenti
1654 345 1877 385 roboretur.
1915 350 2012 386 Cum
2046 352 2171 403 itaque
2201 354 2321 392 sancti

1200 396 1324 434 Patres
1351 409 1428 435 non
1456 396 1580 435 solum
1619 410 1753 436 vocem
1783 401 2040 440 Sacramenti
2058 434 2068 451 ,
2111 406 2173 442 sed
2203 408 2322 444 etiam

1198 451 1409 497 virtutem,
1452 458 1566 502 atque
1609 450 1764 489 affectus
1792 454 2025 494 Sacramenti
2073 458 2214 496 Ortlini
2255 461 2322 497 tri-

1198 503 1345 551 buant,
1387 502 1466 554 jam
1505 503 1760 542 Novatoribus
1800 506 1953 545 solitum
1997 509 2181 561 eti'ugium
2220 526 2321 564 proe-

1199 556 1421 604 cluserunt,
1464 569 1595 595 eorum
1638 557 1757 597 verba
1786 560 1823 597 in
1863 573 1971 599 sensu
2001 564 2125 602 minus
2167 569 2323 618 proprio

1199 610 1418 663 explicandi
1437 636 1448 648 .

1259 677 1320 702 12.
1353 664 1380 701 Α
1414 663 1560 702 Latinis
1588 664 1720 703 Graeci
1757 666 1920 708 minime
1947 667 2187 707 discordant:
2230 684 2321 709 nam

1198 717 1239 755 S.
1268 717 1327 755 J0.
1355 715 1643 769 Chrysostomus
1672 719 1759 758 Lib.
1781 720 1848 758 ΙΙΙ.
1878 720 1940 758 De
1971 721 2137 762 Sacerci.
2167 737 2252 775 cap.
2282 723 2321 769 Δ.

1200 769 1499 818 Sacerdotium,
1530 773 1654 823 inquit
1670 803 1681 821 ,
1711 776 1752 810 in
1774 782 1883 811 terra
1902 779 2106 828 peragitur
2122 807 2133 825 ,
2163 777 2231 814 sed
2248 789 2322 814 coe-

1199 824 1356 861 lestium
1389 823 1584 861 Ordinum
1616 826 1788 866 classem
1815 826 1991 865 obtinet:
2033 830 2084 870 ὠ·
2114 831 2209 882 jure
2237 833 2318 881 qui-

1200 876 1315 925 dem,
1349 890 1431 920 non.
1460 882 1568 916 enim
1599 877 1738 928 homo,
1785 894 1865 918 non
1896 882 2092 933 Angelus,
2135 897 2215 921 non
2246 884 2321 921 Ar-

1201 930 1446 983 changeius,
1494 945 1572 969 non
1602 934 1688 971 alia
1717 938 1917 985 quoept‘am
1947 945 2091 974 creata
2117 946 2321 987 potestas,

1201 983 1272 1023 secl
1298 989 1380 1033 ipse
1412 984 1645 1024 Paracletus
1674 986 1744 1024 lzoc
1772 987 1947 1036 officium
1975 989 2171 1027 ordinavit
2192 1021 2203 1040 ,
2232 991 2322 1032 &c-

1258 1038 1325 1075 15.
1355 1038 1397 1075 S.
1427 1039 1633 1089 Gregorius
1667 1040 1846 1080 Nazianz.
1876 1044 1983 1081 Orat.
2026 1042 2090 1082 De
2127 1043 2324 1096 baptismo

1209 1089 1349 1128 Christi
1375 1091 1611 1130 invisibilem
1644 1093 1805 1132 bominis
1823 1126 1833 1142 ,
1893 1097 1929 1133 ni
1951 1097 2172 1146 ordinatur,
2203 1107 2325 1136 muta·

1203 1146 1346 1182 tionem
1376 1146 1427 1182 ita
1447 1145 1647 1182 describit:
1670 1161 1692 1192 3,
1710 1147 1830 1185 Verbi
1847 1149 1876 1186 C
1892 1151 1987 1187 iristi
2010 1151 2066 1188 vis
2081 1150 2326 1190 Sacerdotem

1205 1227 1231 1246 „
1260 1205 1485 1249 augustum,
1514 1197 1826 1238 &honorandum
1846 1202 1961 1250 facit,
1990 1206 2154 1242 novitate
2170 1204 2326 1242 benedi-

1204 1281 1230 1299 „
1260 1251 1395 1289 ctionis
1424 1265 1444 1288 a
1474 1254 1749 1290 communitate
1790 1253 1894 1306 vulgi
1933 1265 2189 1307 segregatum:
2233 1271 2324 1295 cum

1203 1333 1230 1352 „
1259 1305 1359 1341 enim
1391 1303 1501 1353 heri,
1530 1319 1575 1343 ac
1604 1314 1773 1358 tempore
1802 1310 1995 1360 superiore
2025 1323 2123 1348 unus
2152 1311 2320 1348 ernulti·

1200 1387 1229 1406 „
1259 1358 1414 1405 tudine,
1444 1372 1489 1396 ac
1520 1358 1634 1410 plebe
1657 1368 1781 1408 esset,
1811 1371 1967 1413 repente
1997 1363 2169 1401 redditur
2184 1377 2329 1416 praece-

1203 1440 1229 1459 „
1260 1419 1364 1463 ptor,
1387 1424 1548 1462 praeses;
1578 1412 1650 1450 &c.
1671 1427 1790 1466 eaque
1805 1416 2023 1467 contingunt
2039 1417 2097 1465 ei,
2116 1430 2207 1455 cum
2225 1416 2323 1455 nihil

1203 1493 1228 1513 ,‚
1258 1463 1319 1502 vel
1348 1477 1529 1515 corpore,
1573 1465 1635 1503 vel
1667 1467 1788 1505 forma
1826 1477 1996 1506 mutatus
2024 1470 2069 1507 sit
2090 1495 2148 1508 ....
2169 1469 2329 1508 invisibi

1203 1547 1229 1566 ,‚
1258 1517 1424 1569 quadam
1453 1519 1522 1566 vi,
1565 1533 1609 1556 ac
1637 1522 1758 1571 gratia
1798 1521 2037 1560 invisibilem
2078 1524 2251 1562 animam
2281 1523 2324 1561 in

1201 1600 1228 1619 „
1260 1571 1397 1609 melius
1427 1572 1730 1611 transformatam
1760 1588 1920 1625 gerens.
1942 1575 1963 1589 '’

1261 1624 1321 1670 ¹4·
1353 1624 1422 1662 His
1448 1625 1627 1664 omnibus
1656 1627 1978 1667 roburinvictum
2010 1629 2114 1668 addit
2141 1630 2321 1669 omnium

1198 1677 1502 1717 Christianarum
1529 1679 1855 1720 Communionum
1883 1695 1972 1720 cum
2004 1682 2178 1722 Ecclesia
2207 1683 2327 1723 latina

1201 1730 1273 1769 hac
1300 1733 1343 1770 in
1386 1741 1494 1783 parte
1536 1734 1768 1780 concordia3
1810 1749 1886 1787 quo
1914 1747 2136 1788 argumento
2164 1737 2266 1776 Diss.
2295 1737 2328 1776 1.

1199 1798 1286 1836 cap.
1317 1784 1356 1822 8.
1386 1784 1551 1823 feliciter
1581 1787 1637 1824 usi
1667 1801 1795 1826 sumus
1825 1789 1870 1826 ad
1901 1792 2158 1842 septenarium
2188 1790 2328 1829 Sacra-

1200 1847 1413 1877 mentorum
1444 1852 1648 1877 numerum
1677 1840 1916 1893 probandum
1935 1871 1946 1889 ‚
1972 1844 2076 1881 unde
2103 1845 2240 1882 merito
2269 1857 2328 1881 re-

1203 1902 1331 1943 petere
1360 1904 1560 1944 possumus
1587 1907 1677 1932 cum
1707 1893 1748 1932 S.
1779 1895 1989 1947 Augustino
2018 1897 2108 1935 Lib.
2127 1897 2195 1935 1V.
2222 1906 2330 1937 cont.

1201 1945 1344 1984 Donat.
1374 1959 1461 1997 cap.
1485 1945 1573 1991 24st
1613 1945 1735 1997 Quod
1760 1946 1948 1987 universa
1976 1958 2084 1987 tenet
2111 1947 2328 1998 Ecclesia,

1202 2011 1278 2036 nec
1309 1997 1496 2036 Conciliis
1533 2002 1754 2037 institutum
1777 2030 1787 2049 ,
1830 2002 1901 2039 sed
1929 2015 2086 2053 semper
2126 2012 2329 2041 retentum

1205 2060 1295 2100 est,
1332 2055 1492 2090 nonnisi
1520 2057 1761 2092 auctoritate
1789 2054 2016 2106 Apostolica
2044 2055 2238 2095 traditum
2267 2070 2328 2097 re·

1202 2108 1378 2144 ctissime
1404 2105 1578 2144 creditur
1607 2107 1701 2159 (a).

1263 2159 1325 2198 15.
1354 2159 1435 2197 Nec
1469 2160 1795 2211 praetermittenda
1833 2169 1886 2201 est
1915 2161 1984 2201 illa
2026 2161 2237 2216 theologica
2267 2177 2329 2202 ra·

1204 2213 1283 2260 tio,
1313 2227 1389 2263 qua
1417 2212 1458 2251 S.
1480 2212 1649 2251 Thomas
1670 2213 1737 2251 IV.
1771 2213 1882 2252 Cont.
1906 2215 2027 2253 Gent.
2057 2230 2143 2269 cap.
2166 2217 2230 2268 74.
2260 2231 2328 2255 ne·

1204 2265 1413 2303 cessitatem
1456 2264 1572 2316 liujus
1601 2266 1838 2305 Sacramenti
1867 2270 2056 2307 ostendit:
2091 2299 2117 2317 „
2139 2269 2327 2309 Manifes-

1204 2347 1232 2367 „
1260 2326 1342 2355 tum
1372 2326 1451 2366 est,
1491 2319 1593 2371 quod
1625 2320 1663 2357 in
1707 2320 1886 2359 omnibus
1913 2321 2170 2362 Sacramentis
2211 2325 2327 2374 spiri-

1205 2401 1232 2421 „
1263 2370 1376 2410 tualis
1395 2372 1589 2410 confertur
1606 2374 1727 2424 gratia
1743 2372 1814 2411 sub
1828 2374 2078 2414 Sacramento
2104 2376 2326 2415 visibilium

1205 2454 1232 2473 ,‚
1262 2438 1415 2463 rerum.
1445 2426 1579 2464 Omnis
1607 2435 1733 2465 autem
1764 2429 1862 2466 actio
1877 2428 1985 2467 debet
2006 2443 2084 2468 esse
2114 2431 2326 2482 proportio-

1206 2507 1233 2527 „
1262 2487 1351 2516 nata
1379 2480 1534 2531 agenti}
1576 2489 1720 2532 oportet
1750 2481 1892 2532 igitur,
1923 2483 2023 2536 quod
2054 2483 2327 2536 praedictorum

1207 2561 1234 2580 „
1262 2531 1495 2582 dispensatio
1510 2533 1844 2574 sacramentorum
1874 2535 1941 2574 fiat
1970 2550 2038 2588 per
2067 2536 2240 2575 homines
2269 2539 2327 2575 vi-

1207 2614 1233 2634 „
1259 2584 1391 2623 sibiles
1418 2586 1665 2636 spiritualem
1709 2593 1888 2626 virtutem
1918 2588 2107 2629 habentes
2202 2589 2327 2640 Hujus

1205 2667 1233 2686 „
1262 2646 1389 2676 autem
1421 2640 1516 2677 ratio
1552 2639 1708 2679 aliunde
1749 2643 1849 2681 sumi
1877 2652 2021 2694 potest.
2064 2644 2328 2682 Sacramento-

1207 2720 1234 2740 „
1265 2704 1350 2729 rum
1382 2693 1483 2730 enim
1513 2693 1722 2743 institutio,
1753 2695 1786 2731 ἃ
1815 2696 1936 2734 virtus
1957 2695 2142 2735 aChristo
2172 2697 2326 2735 initium

1203 2774 1236 2793 „
1266 2744 1400 2792 lrabet;
1432 2745 1482 2784 de
1512 2747 1594 2798 ipso
1622 2749 1725 2786 enim
1756 2749 1850 2787 dicit
1881 2749 2080 2799 Apostolus
2109 2749 2251 2803 Ephes.
2272 2750 2325 2788 X.

1208 2827 1234 2846 „
1267 2800 1359 2847 25.,
1388 2800 1487 2852 quod
1522 2798 1696 2839 Christus
1725 2801 1862 2840 dilexit
1891 2801 2145 2852 Ecclesiam,
2173 2803 2224 2845 ὅ)
2252 2808 2327 2842 set'-

1207 2881 1234 2900 „
1264 2865 1376 2903 psum
1407 2852 1568 2891 tradidit
1595 2867 1666 2905 pro
1694 2868 1772 2903 ea,
1802 2865 1842 2892 ut
1871 2856 1985 2894 illam
2015 2856 2293 2948 sanctgficaret
2314 2888 2326 2907 ,

1207 2934 1235 2954 „
1265 2905 1469 2944 mundans
1505 2920 1599 2945 eam
1642 2909 1804 2947 lavacro
1847 2922 1965 2960 aquae
1994 2913 2035 2948 in
2064 2923 2128 2949 ver
2152 2924 2174 2949 o
2202 2915 2320 2949 wirce.

1208 2987 1234 3007 „
1265 2959 1510 2998 Manifestum
1532 2970 1584 2998 est
1613 2963 1726 3000 etiam
1745 2993 1755 3011 ,
1784 2964 1886 3015 quod
1915 2963 2085 3003 Christus
2100 2965 2324 3004 Sacramen-

1201 3039 1234 3062 ῃ
1263 3021 1343 3052 tum
1373 3015 1431 3053 sui
1458 3015 1662 3067 Corporis,
1692 3015 1726 3052 8<
1755 3016 1955 3070 Sanguinis
1985 3018 2026 3058 iu
2055 3033 2167 3058 coena
2194 3017 2319 3104 degit,

2187 3099 2213 3118 25

1204 3176 1310 3206 nem3
1347 3175 1549 3213 certamque
1573 3167 1763 3204 verborum
1789 3170 1976 3206 formulam
2002 3172 2238 3204 protestantes
2264 3179 2317 3201 re-

1204 3213 1410 3254 tinuerunt,
1454 3223 1491 3247 ut
1519 3214 1696 3250 Lindanus
1733 3217 1852 3263 Episc.
1879 3214 2145 3252 Ruremodensis
2184 3214 2318 3252 refe‘23

1204 3268 1314 3303 neque
1340 3261 1433 3294 enim
1456 3273 1575 3295 omnes
1602 3262 1699 3296 illico
1723 3265 1912 3298 convenire
1935 3268 2121 3307 potuerunt
2149 3257 2190 3291 ad
2218 3260 2315 3292 illam

1204 3303 1369 3340 Ecclesiae
1393 3315 1547 3344 veterem
1574 3307 1822 3351 traditionem,
1863 3319 1934 3346 tam
1958 3307 2061 3351 longa
2095 3303 2317 3341 consuetudi-

1203 3360 1246 3387 ne
1271 3351 1495 3396 roboratam,
1522 3353 1754 3399 abjiciendam
1773 3377 1784 3388 .
