2605 3624
636 112 718 158 DE
751 109 1305 156 SACRAMENTORUM
1340 111 1399 153 N.
1433 111 1484 153 L.
1517 111 1867 159 EFFICACIA.

100 194 244 235 tutione
270 194 464 248 eorporis,
499 191 562 230 sed
591 193 733 239 etiam,
778 192 898 228 imino
929 192 1167 242 potissimum
1196 205 1219 229 a

101 249 178 288 fide
220 251 259 288 in
287 249 416 287 Jesum
444 245 636 284 Christum
666 243 784 290 huius
809 243 1045 282 Sacramenti
1089 252 1216 280 aucto·

100 315 208 351 rem,
236 302 453 354 &apacto‚
481 310 558 350 quo
587 300 851 336 renuntiamus
864 296 1018 336 Satanae
1047 306 1085 335 ut
1104 295 1219 335 Chri-

101 364 159 399 tto
185 356 333 406 penitus
360 364 656 390 consecremur.

152 407 243 447 558.
272 405 383 454 Quod
411 413 450 443 ut
477 409 581 442 'recte
615 405 852 457 percipiatur
872 433 883 451 ,
925 404 1136 442 adnotanda
1167 412 1221 441 est

99 460 266 500 doctrina
285 458 452 510 Angelici
471 458 508 497 3.
531 457 572 495 P.
593 466 729 510 quaest.
744 457 810 496 68.
831 466 903 495 art.
923 460 962 494 8.
981 487 992 504 ,
1023 458 1089 494 ubi
1109 472 1218 509 quas—

98 515 172 561 rit‚
200 526 251 552 an
277 511 373 551 fides
401 513 617 564 requiratur
646 524 691 549 ex
722 520 829 563 parte
857 511 1069 561 baptizati?
1101 511 1134 546 &
1157 524 1218 548 re·

93 566 274 618 spondet:
293 594 320 614 „
340 573 482 603 rectam
503 564 622 604 fidem
650 578 706 603 ez·
733 568 975 603 necessitate
1003 565 1145 617 requiri
1164 565 1212 602 ad

93 648 122 668 ‚‚
151 618 386 670 Baptismum
403 649 413 668 ,
442 620 533 671 quia
562 621 658 657 sicut
685 619 826 656 dicitur
844 617 954 655 Rom.
977 618 1042 656 lll.
1067 618 1214 655 22.Ju-

93 699 122 721 „
150 675 260 710 stitia.
287 671 367 710 Dei
407 681 466 711 est
494 686 564 723 per
583 671 728 763 dficiem
755 671 848 709 Jesu
878 670 1047 709 Christi.
1069 672 1089 686 ’²
1132 671 1214 709 Hoc

91 733 220 764 autem
262 727 541 778 praesupposito
568 727 579 764 i
610 739 671 763 ein
701 724 910 776 Angelicus
935 733 1006 762 art.
1027 737 1068 775 9.
1095 724 1142 760 ad
1173 724 1212 762 3.

90 779 145 817 ita
172 778 338 831 explicat
351 779 547 830 objectum
566 780 606 817 S.
629 778 726 816 Petri
755 787 922 816 textum:
943 806 969 826 ,‚
989 778 1095 815 Sicut
1118 789 1213 827 puer

91 860 121 880 ,‚
148 845 237 869 cuin
268 832 507 884 baptizatur,
551 845 629 870 non
657 844 724 882 per
750 832 946 882 seipsum,
983 830 1047 868 sed
1077 843 1145 882 per
1173 845 1216 868 a·

90 913 118 933 „
146 884 218 924 lios
245 887 390 934 eredit,
422 887 473 924 ita
501 898 573 923 nou
603 897 670 936 per
697 885 864 936 seipsum
882 914 893 931 ‚
931 883 995 921 sed
1026 897 1094 935 per
1121 883 1214 922 alios

90 966 119 987 ‚,
147 939 424 991 interrogatum
468 938 689 989 interrogati
723 937 948 976 confitentur
988 937 1104 974 fidem
1135 937 1214 976 Ec-

90 1020 118 1040 „
146 992 275 1030 ctesiae
303 994 343 1031 in
371 1004 530 1044 persona
560 992 700 1043 pueri,
740 993 808 1042 qui
840 990 930 1028 liuic
959 989 1050 1028 fidei
1080 1004 1214 1042 aggre-

87 1062 114 1093 ‚5
142 1054 254 1096 gatur
280 1059 351 1096 per
376 1045 468 1083 fidei
495 1045 787 1082 Sacramentum
805 1070 815 1082 .
845 1044 1128 1082 Conscientiam
1144 1059 1213 1082 au-

87 1125 117 1146 „
144 1107 220 1135 tem
247 1097 390 1136 honam
436 1099 678 1149 consequitur
707 1111 806 1149 puer
832 1098 948 1135 etiam
985 1099 1027 1135 in
1055 1099 1214 1149 seipso,

87 1178 117 1198 „
143 1163 221 1190 non
246 1151 404 1204 quidem
433 1159 540 1200 actu,
570 1151 634 1189 sed
650 1150 785 1188 habitu
815 1164 881 1202 per
909 1151 1072 1202 gratiam
1101 1150 1211 1202 justi·

86 1231 116 1252 „
142 1203 351 1243 ficantem.
369 1205 394 1220 ’'
421 1204 523 1243 Hinc
551 1205 584 1243 si
611 1206 701 1256 quis
729 1203 928 1256 hypocrita
959 1205 1050 1243 ficto
1077 1206 1214 1243 animo

87 1257 135 1294 ad
165 1258 401 1310 Baptismum
430 1258 618 1306 accedat,
643 1258 936 1296 Sacramentum
967 1259 1128 1311 quidem·
1145 1271 1212 1296 su·

83 1310 197 1363 ,cipit
218 1341 229 1358 ‚
271 1325 345 1350 non
372 1320 500 1350 autem
530 1311 613 1364 ejus
641 1311 818 1349 effectum
836 1341 847 1360 ‚
877 1325 1017 1364 nempe
1042 1313 1210 1364 gratiam

84 1363 408 1412 sanctificantem3
441 1379 513 1403 nou
540 1366 635 1418 quia
661 1364 951 1404 Sacramentum
981 1379 1028 1404 ex
1056 1380 1094 1404 se
1123 1365 1210 1403 effi-

83 1428 154 1454 cax
184 1431 262 1457 non
288 1419 362 1466 sit,
407 1418 472 1456 sed
500 1421 593 1470 quia
634 1419 844 1471 suscipiens
885 1419 1039 1457 obicem
1068 1421 1172 1471 ponit
1194 1445 1210 1458 .

84 1471 267 1521 Αρροείῑε
293 1485 381 1523 ergo
395 1472 488 1510 dicit
505 1471 774 1525 Apostolorum
793 1472 994 1524 Princeps:
1027 1471 1105 1510 Vos
1125 1473 1206 1511 sal-

83 1534 148 1561 vos
161 1523 276 1575 facit
291 1523 492 1575 Baptisma
505 1538 520 1562 .·
551 1539 631 1563 non
650 1529 787 1564 carnis
803 1526 992 1577 depositio
1004 1527 1181 1565 sordium
1194 1557 1205 1576 ‚

82 1589 148 1614 seu
175 1577 325 1616 ablutio
349 1587 504 1617 externa
533 1581 729 1631 corporis,
759 1580 828 1618 sed
857 1584 1116 1618 conscientiae=
1142 1580 1206 1618 bo-

86 1641 155 1667 noe
181 1634 440 1684 interrogatio
469 1636 512 1670 in
539 1631 674 1670 Deum
695 1646 708 1668 .·
739 1647 875 1685 nempe
905 1633 998 1670 fides
1027 1635 1175 1672 sincera
1193 1663 1204 1681 ‚

82 1696 176 1735 quae
202 1699 225 1722 a
244 1685 344 1723 bona
371 1686 598 1723 conscientia
626 1685 824 1736 procedit,
851 1699 928 1736 qua
945 1686 1126 1723 Daemoni
1147 1699 1207 1723 re-

82 1738 295 1774 nuntiantes
322 1749 388 1775 vos
416 1737 653 1789 Deointegre
667 1740 910 1776 consecrastis
927 1739 1056 1786 ..Quo
1070 1739 1204 1777 eodem

82 1800 192 1826 sensu
233 1789 384 1828 dicebat
413 1790 618 1842 Apostolus
640 1789 782 1828 Paulus
811 1791 931 1829 Hebr.
954 1791 1006 1829 X.
1028 1805 1094 1833 22.
1126 1797 1203 1830 Ac·

83 1840 278 1880 cedamus
303 1855 394 1880 cum
425 1856 517 1881 vero
550 1841 695 1891 corde,
738 1847 778 1881 in
807 1845 1050 1895 plenitudine
1066 1845 1201 1899 fidei,

81 1898 233 1943 aspersi
261 1895 384 1933 corda.
414 1909 442 1933 a.
471 1900 718 1934 conscientia.
736 1898 877 1945 mala,
909 1903 959 1938 <9-
978 1898 1100 1936 abluet
1117 1912 1202 1936 cor-

81 1958 151 1998 pus
178 1959 287 1998 aqua
316 1947 469 1986 munda
485 1963 503 1993 ,·
532 1957 620 1987 tunc
635 1951 740 1987 enim
760 1950 886 1988 solum
904 1950 1122 2003 Baptismus
1136 1965 1206 1991 nos

80 1997 198 2038 talvat
226 2002 321 2051 (a).

135 2052 228 2106 559.
259 2054 373 2093 Haud
400 2053 632 2093 absimiliter
669 2055 813 2094 dIcitur
839 2057 878 2094 in
909 2055 996 2096 aliis
1024 2057 1200 2111 Scriptu-

77 2117 135 2144 1ae
159 2119 282 2146 sacrae
310 2107 404 2146 locis
438 2121 509 2147 nos
547 2110 718 2158 renasci,
763 2108 796 2146 &
826 2113 1042 2162 regenerari
1085 2112 1203 2151 verbo·

76 2163 188 2209 sitae,
217 2175 286 2200 seu
313 2160 535 2211 doctrinae,
565 2163 658 2214 quia
687 2163 728 2200 in
757 2163 898 2202 adultis
928 2166 1137 2218 requiritur
1152 2166 1200 2205 fi·

77 2213 146 2251 des
169 2214 218 2252 ad
244 2216 408 2268 gratiam
435 2215 765 2254 sacramentalem
791 2220 1130 2270 consequendam3
1159 2235 1200 2258 a·

75 2266 145 2304 deo
174 2276 214 2305 ut
239 2269 326 2308 sine
349 2268 425 2307 fide
440 2298 456 2317 ,
479 2269 614 2307 saltem
629 2269 819 2309 habituali
836 2302 847 2319 ,
879 2271 992 2310 homo
1021 2286 1099 2311 non
1117 2288 1203 2326 pos-

75 2321 123 2358 sit
157 2319 496 2371 justificationem,
539 2321 574 2359 8t
602 2323 765 2364 salutem
798 2326 987 2378 adipisci.
1031 2327 1125 2365 Dixi
1154 2331 1196 2366 in

74 2372 247 2420 adulti&
275 2390 368 2414 nam
393 2376 446 2414 de
461 2376 676 2416 infamibus
699 2377 778 2416 alia
798 2380 894 2417 ratio
908 2388 986 2426 est3
1017 2393 1086 2431 pro
1106 2381 1198 2433 ipsis

73 2428 181 2466 enim
206 2428 349 2469 sufficit
375 2428 475 2470 fides
498 2429 704 2478 Ecclesiae,
734 2441 773 2471 ut
802 2446 890 2471 mox
920 2442 1129 2486 exponetur
1157 2450 1198 2474 n.

71 2478 164 2532 475.
194 2496 278 2535 seq.

127 2533 226 2574 360..
253 2537 342 2576 lnst.
371 2537 568 2586 secundo,
595 2537 629 2575 ἃ
649 2538 725 2578 lioc
751 2547 806 2578 est
834 2541 1079 2594 praecipuum
1108 2541 1201 2580 Cal-

71 2587 157 2645 yini
195 2601 491 2642 argumentum.
534 2592 575 2630 S.
607 2592 838 2645 Augustinus
867 2594 997 2632 Tract.
1027 2595 1202 2634 LXXX.

69 2650 114 2676 m
139 2639 249 2680 Joan.
274 2657 383 2683 num.
405 2645 443 2684 3.
472 2645 587 2684 Tonn.
609 2645 681 2684 lV.
707 2647 862 2699 laudata
891 2647 1103 2701 Scripturae
1135 2664 1194 2688 sa-

71 2703 152 2746 cra.-
175 2697 387 2737 testimonia
417 2700 471 2737 ita
512 2698 707 2751 explicat,
751 2710 790 2738 ut
820 2715 842 2739 a
871 2701 950 2740 sola
992 2702 1070 2741 fide
1112 2704 1197 2742 vim

68 2745 301 2802 Justificandi
328 2752 371 2789 in·
397 2751 658 2791 sacramentis.
682 2763 824 2806 repetat
846 2782 863 2793 .
895 2755 1126 2807 Expendens
1155 2771 1197 2793 e-

70 2807 156 2833 nim
185 2798 281 2839 illud
307 2817 329 2840 a
355 2805 508 2845 Christo
527 2806 715 2859 Apostolis-
739 2809 891 2847 dictum·
916 2810 1024 2848 Joan.
1043 2810 1136 2849 XV.
1152 2811 1191 2848 3.

69 2846 167 2886 Jam
194 2863 263 2889 vos
279 2857 419 2895 mundi
443 2864 537 2898 estis
562 2870 721 2911 propter
733 2861 919 2911 verbum,
949 2863 1052 2914 quod
1082 2865 1187 2902 locu-

68 2909 131 2939 tus
159 2915 249 2964 sum
276 2907 398 2958 vobis,
426 2913 576 2966 inquit:
614 2944 638 2962 ‚,
658 2915 794 2963 Quare
826 2929 907 2954 non·
932 2920 1013 2955 ait:
1056 2918 1193 2956 muudi

68 2984 97 3004 υ
125 2965 214 3017 θξῑΙ*
255 2970 408 3010 propter
434 2965 697 3017 Baipfismum,
769 2983 822 3007 uo*
857 2970 923 3008 loti
966 2973 1078 3020 estis,
1123 2972 1189 3009 sed.

71 3035 99 3058 :n
127 3018 204 3071 2¹·t3
229 3021 391 3073 propter
413 3016 594 3066 ver-Eum,
623 3022 726 3070 quod
739 2985 904 3061 (iocatus
930 3038 1019 3062 sum
1048 3024 1155 3063 nobis
1172 3040 1190 3070 ,-

71 3092 102 3113 ῃ
128 3076 202 3102 nisi
229 3078 323 3116 quia
350 3066 386 3103 &
414 3068 458 3105 iu
483 3083 586 3121 aqua
610 3074 777 3114 verbum
802 3077 991 3117 mundat?
1021 3078 1193 3119 Detrahe·

114 3194 166 3230 (α)
208 3192 242 3224 S.
268 3193 486 3238 Augustinus
523 3195 557 3227 in
584 3195 641 3227 Ps.
665 3196 847 3234 Lxxvu.
872 3214 970 3237 num.
996 3215 1030 3238 2.
1073 3206 1117 3239 T.
1147 3206 1195 3239 V.

77 3233 259 3280 omnibns,
287 3241 427 3285 inquit,
454 3244 488 3275 in
514 3246 652 3275 nomine
672 3241 814 3284 Putris,
838 3251 879 3278 (Ὺ
904 3248 994 3283 Fun·
1010 3273 1021 3290 ‚
1046 3256 1087 3286 (ς’
1107 3253 1191 3296 Spi-

74 3284 162 3334 ritus
189 3290 305 3320 sancti
327 3289 514 3331 baptizatis
541 3302 711 3323 commune
734 3299 788 3322 est
812 3293 978 3325 lavacrum
1009 3309 1194 3341 regenera-

76 3331 182 3362 nonis
200 3351 216 3370 ²
249 3335 312 3368 sed
336 3339 417 3379 ipsa
439 3340 577 3380 gracia,
621 3337 716 3384 cujus
743 3340 821 3381 ipsa
845 3346 923 3373 sunt
946 3340 1197 3385 Sacramenta,

1288 219 1314 238 ‚‚
1345 189 1530 236 verbuin3
1561 189 1594 225 8<
1622 192 1714 242 quid
1745 202 1794 228 evt
1824 207 1951 244 aqua,
1981 195 2051 234 nisi
2081 193 2212 248 aqua?
2251 197 2407 237 Accedit

1286 272 1314 292 ,‚
1344 243 1507 280 verbum
1547 244 1595 280 ad
1638 244 1893 292 elementum,
1931 248 1963 283 ἀ
2007 248 2049 286 fit
2086 251 2406 298 Sacramentum3

1286 325 1313 345 ,‚
1342 297 1456 334 etiam
1488 297 1614 348 ipsum
1643 305 1823 348 tanquam
1854 299 2003 337 visibile
2033 303 2195 342 verbum
2216 330 2286 343 .....
2292 330 2306 342 .
2324 305 2405 344 Un-

1287 379 1314 398 „
1341 349 1388 387 de
1416 351 1485 387 ista
1515 358 1614 387 tanta.
1643 351 1761 387 virtus
1788 364 1929 402 aquae,
1958 361 1996 388 ut
2024 367 2162 406 corpus
2188 367 2340 409 tangat,
2368 358 2406 396 8<

1287 433 1313 452 ,‚
1343 415 1408 440 cor
1435 402 1594 451 abluat,
1632 403 1703 441 nisi
1735 403 1897 441 iaciente
1927 405 2043 442 verbo
2063 437 2074 454 ,
2116 421 2196 446 non
2223 416 2317 460 qum
2346 411 2406 449 (Ιῑ.

1287 487 1315 506 ‚,
1344 460 1473 504 citur,
1500 455 1571 493 sed
1599 455 1918 506 quimorelitur?
1947 458 2047 496 Nam
2077 459 2111 495 &
2143 463 2181 499 in
2210 465 2292 513 ipso
2318 478 2404 503 ver·

1286 537 1312 559 ,‚
1341 509 1392 547 bo
1418 509 1527 548 aliud
1555 519 1607 548 est
1635 522 1746 547 sonus
1789 512 2000 558 transiens,
2042 511 2149 551 aliud
2176 517 2294 554 virtus
2323 532 2404 556 ma-

1285 593 1312 612 „
1342 577 1456 601 nens.
1494 562 1583 600 Hoc
1613 572 1670 601 est
1699 562 1856 601 verbum
1886 563 1991 617 fidei
2014 596 2024 613 ,
2067 565 2169 616 quoi
2210 570 2403 616 pra-‹tica-

1284 647 1310 666 ,‚
1342 630 1459 664 mus,
1488 618 1540 654 ait
1572 616 1796 668 *Apostolum
1841 622 1936 668 quin.
1964 623 1998 656 si
2039 619 2246 670 confessus
2269 622 2404 672 fueris

1286 699 1315 719 „
1343 673 1386 707 in
1412 683 1481 708 ore
1509 679 1601 718 tuo,
1631 674 1725 721 quia.
1755 670 1953 710 Dominus
1981 681 2041 710 est
2069 672 2208 723 Jesus,
2240 676 2290 716 (J
2319 688 2405 714 cre-

1283 753 1309 772 „
1338 722 1484 761 dttlerz's
1512 727 1555 762 in
1582 723 1699 762 corde
1727 733 1815 773 tuo,
1844 729 1939 776 quia.
1968 725 2079 764 Deus
2107 727 2216 764 illum
2235 733 2409 766 suscita.-

1283 805 1310 825 ‚,
1340 781 1389 814 vit
1418 791 1447 816 a
1476 781 1667 826 mortuis,
1697 778 1829 816 salvus
1858 783 1968 824 eris‚·
1994 780 2115 819 corde
2141 785 2250 818 enim
2277 782 2406 820 credi·

1283 859 1310 879 „
1338 839 1404 868 tur
1430 831 1486 869 acl
1508 832 1710 884 justitiam
1731 861 1743 877 ‚
1784 845 1857 870 ore
1881 842 2021 871 autem
2035 833 2093 887 fit
2121 835 2321 887 confessio
2349 835 2409 875 aa

1282 913 1311 932 „
1338 885 1514 922 salutem
1543 885 1702 923 Roman.
1725 885 1776 924 X.
1807 885 1918 924 Unde
1947 888 1989 926 in
2029 887 2178 926 actibus
2208 889 2405 940 Apostolo-

1279 965 1306 985 „
1336 951 1422 976 rum
1452 938 1487 976 le
1517 940 1591 977 itur
1620 938 1712 977 XV.
1731 952 1772 990 ς).
1803 938 1918 979 Fides
1955 941 2162 980 mundans
2187 943 2309 983 corda
2339 956 2407 981 eo-

1279 1020 1306 1039 „
1336 1005 1426 1030 rum
1447 1019 1457 1031 .
1509 1001 1536 1030 .t
1564 994 1605 1031 in
1625 992 1782 1043 epistola
1809 1007 1877 1032 sua
1906 997 1921 1046 (
1952 996 2079 1047 prima
2106 1010 2193 1048 cap.
2216 996 2282 1034 lll.
2305 999 2405 1045 2¹.)

1283 1074 1309 1093 „
1339 1045 1471 1084 beatus
1486 1044 1617 1084 Petrus
1630 1046 1697 1084 Sic
1723 1047 1776 1087 (θ’
1802 1060 1868 1085 vos
1885 1078 1894 1094 ‚
1925 1049 2048 1100 inquit
2066 1079 2076 1097 ‚
2105 1047 2307 1097 baptisma
2320 1051 2405 1089 sal-

1281 1126 1307 1146 „
1338 1111 1405 1137 vos
1419 1098 1560 1152 judi,
1599 1113 1679 1136 non
1708 1104 1846 1137 carnis
1875 1100 2065 1151 depositio
2088 1102 2291 1152 soritium,
2331 1103 2408 1143 sed

1280 1180 1308 1199 ‚‚
1336 1157 1597 1191 conscientiae
1639 1152 1759 1191 bonae
1795 1157 2081 1206 interrogatio.
2126 1155 2208 1194 Hoc
2238 1166 2291 1194 est
2320 1171 2405 1195 ver-

1279 1234 1306 1253 „
1337 1205 1435 1244 bum
1464 1205 1583 1253 fidei,
1612 1207 1715 1258 quod
1745 1207 2027 1258 praedicamus,
2057 1221 2134 1260 quo
2149 1210 2229 1246 siue
2256 1209 2407 1257 dubio,

1278 1286 1304 1306 „
1337 1267 1379 1296 ut
1420 1259 1607 1297 mundare
1648 1260 1788 1311 possit,
1825 1269 2067 1298 consecratur
2094 1260 2128 1297 St
2158 1262 2372 1314 Baptismus
2393 1288 2409 1300 .

1278 1341 1304 1361 ,,
1332 1311 1509 1351 Christus
1533 1313 1679 1366 quippe
1723 1313 1923 1353 nobiscum
1950 1315 2068 1363 vitis,
2109 1327 2201 1353 cum
2230 1314 2337 1353 Patre
2366 1330 2410 1355 a·

1280 1395 1310 1414 „
1337 1365 1481 1417 gricola
1517 1366 1652 1404 dilexit
1680 1366 1924 1416 Ecclesiam,
1968 1367 2002 1404 δι
2030 1368 2200 1421 seipsum
2247 1369 2404 1408 tradidit

1276 1448 1303 1468 ,‚
1333 1434 1404 1471 pro
1419 1434 1462 1457 ea
1479 1446 1493 1458 .
1520 1420 1621 1472 Lege
1640 1420 1861 1473 Apostolum
1879 1451 1889 1469 ‚
1920 1420 1954 1458 &
1972 1421 2057 1460 vide
2074 1452 2085 1469 ,
2114 1422 2207 1474 quid
2223 1422 2408 1474 adjungat

1335 1475 1351 1524 (
1381 1473 1523 1525 Ephes.
1546 1473 1594 1511 V.
1629 1474 1694 1512 26.
1724 1475 1762 1523 ):
1811 1473 1861 1511 Ut
1890 1487 1985 1512 eam
2013 1476 2312 1527 sanctificaret,
2344 1477 2407 1514 in·

1276 1556 1303 1575 „
1333 1528 1446 1578 quit,
1489 1527 1693 1565 mundans
1721 1540 1816 1565 earn
1845 1528 2008 1565 lamicro
2043 1541 2163 1578 aquae
2191 1532 2232 1565 in
2261 1528 2372 1566 verbo
2389 1555 2405 1567 .

1276 1608 1303 1628 „
1333 1579 1539 1618 Mundatio
1569 1581 1684 1630 igitur
1713 1593 1956 1632 nequaquam
1978 1580 2110 1629 ssuxo,
2139 1581 2305 1620 &labili
2336 1583 2403 1620 tri-

1332 1631 1516 1669 bueretur
1545 1633 1753 1679 elemento,
1784 1634 1854 1671 nisi
1885 1633 2084 1672 adderetur
2114 1638 2154 1671 in
2184 1634 2323 1673 verbo.
2341 1636 2361 1651 ’²

1330 1683 1422 1722 561.
1452 1684 1568 1723 Porro
1595 1699 1641 1724 ex
1670 1688 1820 1737 prolixo
1848 1685 1920 1724 hoc
1940 1686 1982 1724 S.
2002 1686 2178 1726 Doctoris
2207 1688 2292 1726 loco
2319 1688 2398 1728 col-

1274 1736 1398 1789 ligunt
1430 1739 1470 1776 in
1499 1752 1580 1776 rem
1610 1753 1719 1776 suani
1736 1739 1978 1778 Adversarii.
2007 1739 2148 1779 Primo
2173 1741 2323 1793 objecta
2337 1756 2403 1780 su-

1272 1793 1400 1842 perius
1430 1793 1644 1829 testimonia
1672 1792 1712 1830 S.
1742 1791 1954 1844 Scripturae
1984 1794 2037 1831 ita.
2065 1808 2142 1832 esse
2185 1796 2402 1846 intelligen-

1271 1844 1319 1882 da
1339 1873 1349 1891 ,
1388 1853 1427 1881 ut
1455 1843 1535 1882 sola
1574 1844 1671 1883 fides
1698 1846 1741 1883 in·
1768 1845 2024 1884 sacramentis
2065 1846 2274 1898 justificet3
2317 1851 2401 1900 ipsa.

1271 1910 1361 1935 vero
1390 1896 1637 1936 Sacramenta
1665 1899 1774 1950 signa
1798 1900 1876 1938 vsint
1905 1913 2027 1937 vacua
2047 1930 2058 1949 ‚
2098 1900 2317 1954 nulliusque
2347 1902 2405 1940 ef-

1269 1949 1418 1989 ficaciae
1438 1978 1447 1987 .
1478 1950 1662 1989 Secundo
1690 1952 1854 1990 verbum
1885 1953 2004 2001 illud,
2033 1956 2138 2005 quod
2165 1955 2306 1993 dicitur
2325 1955 2402 1994 Su.-

1269 2005 1550 2054 eminentiae,
1580 2006 1615 2042 8(
1635 2007 1700 2044 cui
1729 2006 1912 2044 tribuitur
1941 2006 2177 2059 justificandi
2209 2010 2267 2048 vis
2285 2039 2295 2058 ‚
2323 2022 2403 2047 non

1268 2072 1346 2096 esse
1375 2059 1538 2097 v'erbum
1567 2054 1931 2109 consecra'torium,
1961 2061 2025 2098 sed
2054 2061 2216 2100 verbum
2238 2067 2396 2101 concio-

1266 2113 1363 2151 nale
1379 2143 1390 2161 ‚
1412 2113 1522 2165 quod
1541 2113 1786 2163 praedicatur
1801 2144 1812 2161 ,
1841 2115 1891 2155 <J
1912 2113 2084 2152 creditur
2100 2130 2115 2160 ;
2143 2114 2178 2152 8<
2199 2131 2269 2168 per
2293 2117 2398 2169 quod

1267 2164 1447 2205 Christus·
1471 2175 1653 2217 testatur,¹
1678 2168 1878 2207 mundatos
1907 2169 2024 2207 fuisse
2053 2169 2273 2223 Apostolos:
2301 2170 2398 2209 lum

1268 2233 1334 2259 vos
1363 2219 1503 2258 mundi
1533 2225 1628 2260 estis
1655 2222 1749 2262 (9¹0.

1325 2273 1419 2312 562.
1452 2273 1594 2327 Resp.‚
1631 2289 1835 2328 perperam
1865 2275 2050 2314 Sectarios
2078 2277 2118 2314 in
2147 2289 2289 2327 magno
2316 2276 2400 2314 Au-

1264 2329 1411 2380 gustino
1439 2341 1616 2380 quaerere
1642 2330 1701 2366 sui
1731 2331 1866 2367 erroris
1895 2330 2178 2380 patrocinium,
2220 2330 2290 2381 qui
2319 2343 2397 2367 non

1266 2383 1396 2420 minus
1423 2395 1524 2431 saepe
1546 2412 1556 2429 ‚
1594 2396 1711 2433 quam
1742 2391 1872 2434 aperte
1900 2382 2085 2433 Baptismi
2103 2411 2114 2431 ‚
2157 2391 2275 2434 atque
2299 2383 2399 2420 adeo

1268 2433 1439 2473 aliorum
1460 2435 1800 2473 Sacramentorum
1829 2433 1998 2474 valorem
2017 2463 2027 2482 ,
2065 2434 2101 2471 St
2129 2435 2340 2475 efficaciam
2371 2451 2396 2475 a

1267 2488 1357 2526 solis
1386 2489 1673 2527 consecratoriis
1702 2488 1830 2526 verbis
1860 2489 2020 2540 repetit.
2050 2488 2109 2526 Ex
2131 2488 2310 2541 pluribus
2339 2490 2396 2527 lo·

1268 2543 1349 2588 cis,
1379 2556 1468 2594 quae
1499 2541 1628 2579 afferri
1651 2551 1822 2592 possent,
1852 2555 1975 2593 pauca
1995 2540 2181 2593 seligam.
2212 2543 2254 2581 In
2285 2545 2399 2595 epist.

1264 2594 1416 2633 XXlll.
1442 2595 1539 2633 olim
1565 2595 1698 2633 CClll.
1725 2609 1834 2633 num.
1856 2595 1895 2640 4.
1938 2594 2203 2634 Maximinum
2236 2596 2396 2648 Episco-

1263 2662 1356 2700 pum
1389 2648 1630 2686 Donatistam.
1659 2646 1853 2697 hortatur,
1885 2657 1927 2686 ut
1957 2663 2033 2687 una
2061 2662 2152 2686 cnm
2180 2649 2390 2689 Catholicis

1262 2703 1302 2739 in
1334 2701 1435 2740 lianc
1460 2711 1639 2754 erumpat
1665 2702 1896 2740 exultantem
1915 2733 1925 2750 ,
1964 2702 1999 2738 8(
2028 2702 2195 2741 liberam
2223 2716 2386 2742 vocem:

1261 2753 1352 2807 Ego
1383 2767 1508 2793 unum
1523 2755 1764 2806 baptismum
1794 2760 1908 2803 novi,
1939 2755 2097 2804 Putris,
2126 2754 2305 2805 ΘΗΜ,
2336 2757 2391 2797 &⁴

1259 2808 1429 2860 Spiritus-
1456 2814 1589 2849 sancti
1630 2814 1793 2847 nomine
1835 2819 2145 2858 consecratum,
2188 2819 2308 2861 atque
2338 2813 2390 2849 si-

1256 2873 1452 2914 gnatum.
1485 2862 1809 2914 Huncformizm
1831 2862 1891 2900 ubi
1908 2867 2093 2909 invenio,
2123 2875 2290 2902 necesse
2305 2874 2388 2914 est,

1258 2926 1299 2954 uc
1328 2916 1568 2967 approbem.
1615 2916 1663 2955 Et
1693 2917 1785 2954 Lib..
1807 2917 1872 2954 lll.
1903 2915 1973 2954 De·
1998 2915 2209 2966 Baptismo
2247 2928 2391 2956 contra

1258 2971 1501 3022 Dpnczristas
1530 2986 1616 3023 cap.
1645 2972 1709 3008 15..
1750 2971 1945 3022 Baptisma
1986 2971 2222 3023 evangelicis
2255 2972 2389 3011 verbis

1255 3036 1521 3064 consecratum·
1540 3034 1646 3062 vocat
1667 3029 1870 3073 integrum.
1885 3024 2200 3063 Sacramentum
2217 3056 2228 3074 ,
2247 3039 2390 3078 quam-

1255 3079 1563 3119 visaMarcioue
1579 3109 1590 3127 ‚
1620 3088 1685 3116 aut
1714 3077 1948 3128 Valentino,
1980 3088 2047 3118 aut
2073 3080 2166 3117 Ario
2182 3109 2193 3128 ‚
2223 3089 2286 3117 aut
2302 3078 2384 3116 Eu-

2265 3145 2334 3169 uo-

1277 1502 1302 1521 25

1276 1660 1302 1680 22

1261 3220 1326 3252 qua*
1348 3209 1492 3240 membra
1532 3209 1687 3249 avr-poris
1714 3206 1851 3239 Christi
1878 3219 1953 3240 cum
1977 3219 2037 3240 sno
2061 3209 2176 3249 capite
2200 3217 2382 3249 regenera-

1258 3263 1294 3288 ta
1321 3264 1396 3286 sunt
1412 3276 1421 3294 ‚
1447 3266 1511 3287 non
1538 3257 1720 3286 communis
1746 3262 1800 3287 est
1825 3255 1995 3286 omnibus.
2038 3253 2127 3286 Num
2153 3258 2194 3284 O*
2220 3253 2375 3284 haretici

1259 3301 1380 3333 habent
1406 3302 1556 3334 eumdem
1581 3301 1808 3343 baptismum,
1834 3303 1875 3334 <9-
1891 3301 1990 3345 [αἰεί
2005 3300 2147 3345 fratres
2172 3302 2207 3332 in
2235 3306 2382 3331 commu·

1256 3350 1359 3382 nione
1384 3347 1561 3383 Catholici
1586 3349 1734 3382 aornim:
1750 3368 1759 3379 .
