2605 3624
861 127 940 169 DE
976 125 1400 169 COMMUNIONE
1435 128 1696 171 CALICIS.
2328 135 2376 184 75

133 236 161 257 ‚,
190 207 307 247 dixit:
342 208 417 260 Qui
447 206 668 245 manducat
697 217 834 242 meam
857 217 1023 241 carnem
1042 235 1053 252 ,
1082 204 1131 245 (9¹
1160 203 1248 241 bibit

133 290 160 310 ‚,
189 275 321 299 meum
349 265 590 312 sanguinem
609 288 620 306 ,
650 257 763 296 habet
793 262 916 295 vitam
940 268 1162 306 aeternam,
1192 259 1249 296 di-

132 329 160 364 ,5
191 316 242 353 xit
270 315 402 353 etiam:
444 312 592 359 Panis,
622 325 739 362 quem
769 326 842 363 ego
870 310 999 360 (labo,
1029 324 1126 348 caro
1156 324 1250 348 mea

134 396 162 416 „
191 375 248 405 est
287 379 357 416 pro
386 366 524 404 mundi
562 369 669 403 vita.
721 366 751 402 ls
780 367 975 417 «tentique,
1018 365 1082 416 qni
1128 364 1248 402 dixit:

132 449 160 470 „
195 420 270 470 Qui
300 419 521 457 manducat
553 432 690 456 meam
720 432 912 465 carnem,
942 427 991 458 (9·
1011 417 1097 455 bibit
1116 432 1249 456 meum

127 501 156 522 „
184 477 452 525 sanguinem,
482 477 523 510 in
554 486 618 510 me
649 482 811 515 manet„
842 475 890 512 (9·
911 484 983 523 ego
1003 476 1044 509 ιή
1074 472 1160 519 illo,
1190 473 1249 508 di-

130 554 157 574 „
186 527 238 563 xit
266 525 542 564 nihilominus:
585 526 661 576 Qni
691 525 910 564 tminducat
940 525 1043 563 hunc
1072 539 1217 577 panem
1236 555 1248 574 ,

129 607 157 627 „
188 583 282 616 vivet
311 583 351 617 in
381 590 578 618 aeternum
608 584 633 600 “
654 606 664 617 .

183 632 277 678 452.
308 633 410 671 Hinc
439 646 513 671 non
545 633 736 670 immerito
757 631 940 683 Theologi
971 633 1127 680 dicunt,
1160 645 1245 683 par-

127 684 288 723 ticulam
317 687 364 726 ζῇ·
398 688 435 724 in
469 686 641 723 hocloco
669 700 741 724 non
771 700 849 724 esse
878 686 1098 723 sumendam
1129 698 1246 735 copu-

128 737 273 786 lative,
303 740 366 777 sed
396 739 656 792 disjunctive,
687 749 726 777 ut
756 739 963 792 aliqnando
991 741 1090 777 suini
1120 740 1160 777 in
1191 753 1246 776 sa-

127 793 202 829 cris
220 792 350 830 litteris
367 823 377 840 ‚
398 795 651 831 certissimum
673 801 746 830 est.
776 793 895 830 Exodi
918 791 1027 830 XXl.
1050 793 1109 830 15.
1141 791 1247 842 juxta

128 844 272 883 fontem
315 845 537 884 hebraicum
579 847 743 883 dicitur:
796 846 871 894 Qui
901 848 1133 894 percusserit
1175 859 1246 894 pa-

127 905 232 937 trem
248 928 260 947 ,
288 900 338 940 (9⁶
358 908 532 938 matrem
550 929 561 948 ,
591 909 718 936 morte
739 902 926 935 morietur
942 912 956 934 .·
986 898 1160 948 vulgatus
1179 913 1246 935 au-

126 959 203 989 tem
233 954 417 1003 interpres
446 953 543 990 bene
573 954 683 989 vertit
712 965 801 988 cuin
834 950 1021 1002 particula
1050 950 1245 1001 disjuncti-

126 1017 174 1042 va
207 1003 284 1054 Qui
311 1009 546 1054 percusserit
588 1014 769 1052 patrem,
812 1013 880 1040 aut
911 1013 1122 1047 matrem;
1171 1018 1243 1042 non

125 1058 229 1094 enim
258 1058 303 1095 ad
337 1071 490 1109 poenam
522 1060 652 1095 mortis
682 1057 952 1094 incurrendam
975 1071 1122 1094 necesse
1150 1067 1243 1104 erat,

124 1117 332 1162 utrumque
362 1120 556 1161 parentem
590 1119 805 1162 percutere.
835 1110 899 1147 Sic
919 1110 1084 1147 Act.111.
1106 1109 1144 1148 6.
1177 1109 1242 1146 Pe-

112 1169 200 1200 ·trns
227 1163 400 1202 dicebat:
431 1165 652 1217 Argentum
670 1193 680 1210 ,
709 1164 759 1204 <9¹
789 1176 934 1200 aurum
955 1176 1034 1201 non
1055 1172 1112 1201 est
1130 1163 1243 1208 milri,-

118 1216 312 1254 nimirurn
344 1227 541 1269 argentum
559 1248 570 1265 ,
600 1226 669 1255 aut
698 1230 836 1254 aurum
854 1243 864 1254 .

177 1269 273 1314 455.
301 1270 367 1309 Est
394 1273 508 1310 etiam
538 1285 617 1323 prae
647 1270 769 1308 oculis
807 1269 981 1308 habenda
1010 1268 1079 1308 illa
1109 1270 1244 1308 incon-

123 1335 232 1362 cussa
267 1323 467 1372 doctrina,
513 1339 589 1377 qna
619 1323 746 1362 Patres
773 1324 1070 1361 Constantienses
1113 1333 1245 1362 contra

124 1375 295 1415 Hussitas
324 1378 380 1416 usi
409 1387 496 1416 sunt
514 1408 525 1426 ,
565 1377 971 1429 scilicetfirmissime
1000 1376 1243 1415 credendum

123 1442 212 1467 esse
229 1459 240 1477 ,
269 1431 318 1470 <9⁶
347 1432 577 1470 nullatenus
604 1430 885 1476 dubitandum,
915 1433 1113 1483 integrum
1137 1430 1246 1468 Clzri-

122 1486 175 1520 sti
218 1482 394 1534 Corpus,
439 1486 490 1526 <90
530 1484 810 1537 Sanguinem,
869 1493 959 1521 tam
1007 1482 1077 1522 sub
1117 1489 1250 1535 specie

121 1539 241 1586 panis
258 1566 269 1584 ,
299 1550 421 1587 quam
450 1537 520 1576 sub
547 1541 677 1587 specie
707 1541 784 1576 vini
804 1541 1024 1576 contineri.
1055 1538 1246 1576 Eamdem

120 1589 335 1628 doctrinam
383 1591 659 1630 confirmarunt
703 1600 828 1644 postea
866 1591 990 1630 Patres
1027 1591 1246 1629 Tridentini

118 1641 223 1681 Sess.
242 1642 356 1682 XXI.
397 1658 484 1697 cap.
506 1645 545 1684 5.
586 1644 620 1681 ἃ
650 1658 735 1683 cau.
758 1644 797 1689 4.
839 1645 969 1682 addito
1004 1643 1245 1682 anathemate

119 1697 194 1743 iis,
224 1698 292 1749 qui
321 1711 428 1736 secus
456 1699 586 1736 dicere
612 1699 695 1736 ausi
726 1699 889 1735 suerint.
921 1698 1032 1745 Quod
1048 1707 1159 1735 antea
1179 1697 1245 1735 do-

122 1758 253 1786 cuerat
281 1749 322 1788 S.
354 1749 523 1789 Thomas
543 1751 583 1789 5.
612 1749 654 1788 P.
685 1765 753 1803 qu.
776 1749 840 1801 76.
882 1760 954 1788 art.
978 1765 1041 1798 2.,
1087 1764 1245 1789 monens

120 1809 250 1839 tamen
268 1831 280 1849 ,
308 1804 409 1854 quod
438 1802 508 1840 sub
536 1803 736 1853 speciebus
763 1808 881 1854 panis
901 1813 958 1841 est
975 1802 1131 1855 quidem
1151 1802 1245 1841 Cor-

121 1868 195 1907 pus
227 1854 370 1893 Christi
412 1870 466 1894 ex
493 1861 526 1894 vi
556 1857 844 1905 Sacrrmoenti,
889 1857 1064 1908 Sanguis
1105 1866 1245 1894 autem

121 1921 179 1946 ex
207 1910 308 1946 reali
337 1914 653 1948 concomitantia
675 1937 716 1949 ...
746 1908 814 1948 sub
833 1909 1031 1959 speciebus
1050 1923 1140 1948 vero
1167 1914 1246 1948 vini

121 1970 182 1999 est
225 1962 381 2012 quitiem
412 1963 586 2015 Sanguis
618 1963 758 2001 Christi
801 1976 853 2002 ex
897 1967 929 2001 ri
959 1963 1244 2012 Sacramenti,

121 2014 272 2067 Corpus
301 2026 439 2054 autem
473 2016 614 2055 Christi
658 2030 712 2055 ex
753 2018 854 2056 reali
895 2020 1244 2066 concomitantia,

117 2071 219 2107 sc‘cut
251 2069 401 2108 Anima
419 2098 431 2118 ,
459 2070 510 2110 (J
538 2069 765 2108 Diis-initas.

171 2121 268 2169 454.
297 2122 384 2161 Atia
412 2133 537 2162 antem
568 2124 709 2162 verba:
740 2122 830 2162 Hoc
845 2121 984 2175 facite
1003 2123 1074 2162 ἃς.
1104 2124 1155 2162 ita
1176 2137 1243 2162 ex-

116 2173 315 2229 plicantur
341 2190 365 2214 a
394 2175 435 2215 S.
465 2176 617 2216 Thoma
648 2177 686 2216 5.
716 2176 759 2215 P.
786 2191 827 2228 q.
847 2176 914 2215 80.
943 2186 1015 2215 art.
1042 2191 1102 2216 12.
1132 2178 1178 2215 ad
1201 2178 1241 2216 5.

115 2227 434 2278 Reproesentatio
455 2229 682 2268 Dominicoe
700 2233 898 2280 passionis
918 2235 1052 2283 agitur
1081 2235 1122 2268 in
1152 2234 1241 2280 ipsa

117 2285 419 2319 consecratione
447 2281 563 2334 hujus
579 2283 865 2330 Sacramenti,
895 2287 935 2320 in
965 2297 1045 2333 qua
1073 2283 1242 2322 nonde·

118 2331 179 2372 bet
211 2333 358 2385 Corpus
386 2340 615 2373 consecrari
643 2340 731 2374 sine
749 2340 975 2388 sanguine.
1006 2335 1137 2374 Potest
1167 2351 1240 2375 au-

115 2396 199 2425 tem
228 2399 256 2424 a
283 2388 422 2439 populo
449 2401 590 2440 corpus
633 2394 719 2427 sine
747 2393 946 2440 sanguine
983 2394 1120 2434 sumi5
1165 2403 1240 2428 nec

115 2439 265 2480 exinde
291 2445 467 2492 sequitur
494 2442 652 2492 aliquod
681 2442 965 2480 detrimentum
984 2460 1000 2489 ,·
1037 2446 1130 2492 quia
1162 2443 1239 2480 Sa-

115 2493 255 2533 cerdos
282 2497 324 2533 in
351 2507 524 2546 persona
545 2499 725 2534 omnium
744 2499 987 2547 sanguinem
1017 2494 1158 2544 offert,
1186 2497 1237 2537 ζῇ·

103 2551 265 2595 ⁴sumit,
291 2547 343 2589 (9⁶
370 2547 440 2586 sub
467 2557 637 2600 utraque
664 2553 793 2601 specie
815 2557 916 2586 totus
940 2547 1114 2587 Christus
1143 2562 1238 2586 con·

116 2603 263 2637 tenetur
277 2625 289 2638 .
318 2600 399 2640 Ubi
428 2602 543 2640 etiam
563 2604 748 2641 acutiores
770 2603 999 2654 Interpretes
1017 2603 1235 2652 observant,

120 2651 391 2703 Apostolorum
419 2654 537 2692 verba
564 2654 706 2694 Christi
748 2656 796 2694 de
823 2657 948 2694 calice
989 2658 1039 2694 ita
1070 2657 1236 2694 referre:

118 2701 189 2742 hoc
206 2703 366 2756 fizcite,
394 2711 710 2759 quotiescumque
725 2707 856 2746 bibetis
873 2739 883 2756 ,
913 2714 954 2748 in
972 2723 1106 2747 meam
1130 2723 1240 2747 com-

120 2761 457 2796 memorationem
473 2790 485 2807 ,
512 2761 621 2812 quasi
652 2761 698 2798 ad
716 2763 991 2802 insinuandum
1008 2794 1019 2812 ,
1051 2777 1122 2801 non
1142 2778 1240 2801 sein-

121 2824 190 2863 per
221 2824 293 2848 nna
320 2824 411 2849 cum
440 2813 639 2864 speciebus
667 2816 777 2866 panis
797 2817 998 2855 sumendas
1017 2831 1094 2855 esse
1124 2819 1240 2855 etiam

119 2864 264 2915 species
293 2865 401 2909 vini;
430 2866 491 2903 sed
511 2872 828 2917 quotiescumque
843 2879 1044 2908 sumuntur
1061 2900 1073 2919 ,
1102 2870 1141 2908 id
1161 2885 1242 2909 csse

118 2917 340 2956 faciendum
371 2918 410 2956 in
438 2917 579 2958 Christi
607 2923 1007 2961 commemorationem
1026 2949 1036 2960 .
1076 2923 1133 2963 Ex
1163 2938 1242 2976 qno

119 2979 248 3009 autem
276 2968 449 3010 Christus
475 2973 546 3011 sub
576 2982 655 3011 utra
690 2987 735 3010 ne
763 2976 889 3026 specie
918 2974 987 3014 hoc
1014 2976 1240 3015 Sacramen-

120 3031 203 3061 tum
235 3024 465 3072 instituerit,
492 3039 537 3064 ac
566 2988 829 3076 distribuerit,
860 3028 1025 3066 insertur
1053 3030 1241 3081 quidem,

119 3089 198 3115 esse
226 3087 400 3129 oportere
428 3079 470 3116 in
500 3078 672 3117 Ecclesia
689 3108 701 3126 ‚
742 3081 810 3131 qui
841 3090 1044 3133 utramque
1071 3085 1240 3134 speciem

119 3140 298 3178 sumant,
329 3140 367 3169 ut
397 3131 520 3183 reipsa
540 3131 760 3170 Sacerdotes
787 3132 1045 3171 sacrificantes
1074 3146 1241 3184 sumunt,

120 3195 196 3223 non
224 3193 351 3222 autem
382 3185 419 3222 id
449 3185 498 3222 ab
517 3185 697 3223 omnibus
713 3185 796 3223 fieri
813 3185 950 3224 debere
967 3200 976 3230 ς
1005 3188 1099 3224 sicut
1119 3202 1244 3239 qnan-

121 3235 170 3274 do
195 3237 364 3277 Christus
394 3239 552 3276 institnit
581 3237 823 3276 Sacramenta
841 3239 1023 3286 Ordinis,
1054 3238 1086 3275 8(
1105 3240 1244 3279 Matri-

121 3291 267 3340 monii,
294 3305 367 3331 non
384 3301 484 3330 certe
512 3290 654 3340 voluit,
683 3306 725 3330 ea
740 3291 917 3330 onmibm
933 3306 1010 3330 esse
1039 3303 1244 3346 praecepta.

179 3342 276 3392 455.
302 3345 394 3387 lnst·
421 3349 550 3398 primo
567 3371 578 3386 .
620 3344 822 3399 Apostolus
856 3358 889 3385 ι.
917 3346 1065 3386 Corint.
1085 3345 1158 3387 Xl.
1179 3347 1244 3389 26.

1322 205 1651 256 Quotiescumque
1670 236 1679 252 ,
1708 206 1758 244 ait
1778 236 1787 251 ,
1817 205 2111 245 manducabitis
2141 219 2289 258 panem
2321 207 2438 256 hunc,

1317 260 1368 299 (J
1397 258 1563 295 calicem
1596 257 1724 295 bibetis
1743 288 1752 306 ,
1784 271 1951 297 mortem
1986 260 2148 299 Domini
2179 260 2437 299 annuntiabi-

1318 316 1397 356 tis;
1437 312 1469 346 ἃ
1499 325 1650 349 rursum
1681 325 1775 348 vers.
1800 315 1862 349 255,
1913 312 2051 350 Probet
2083 325 2219 352 autern
2261 319 2437 366 seipsum

1318 364 1463 413 homo,
1510 366 1559 404 (ὅ)
1590 368 1644 401 sic
1675 362 1722 402 <le
1752 378 1857 413 hane
1900 367 1962 402 illo
1992 366 2081 403 ellat
2102 397 2111 413 ‚
2154 376 2202 408 <J
2232 368 2280 406 <le
2309 371 2437 407 calice

1319 417 1452 466 bibat,
1482 432 1632 468 semper
1664 427 1866 468 utramque
1895 431 2060 470 speciem
2091 432 2346 471 conjungens.

1371 471 1463 517 456.
1495 471 1632 523 Βρψ.,
1664 480 1867 522 utramque
1897 473 2062 522 speciem
2095 473 2143 508 ab
2177 475 2348 522 Apo-stolo
2379 488 2437 512 rc-

1317 534 1374 562 cte
1403 526 1696 562 commemorari
1715 553 1725 568 ,
1757 526 1936 576 nunquia
1955 533 2112 576 utraque
2133 528 2273 576 species
2289 541 2436 579 sempr-r

1316 580 1416 616 suini
1447 578 1496 616 ab
1524 578 1702 616 omuibus
1732 578 1894 622 debeam
1937 578 1998 614 sed
2030 580 2120 629 quia
2150 592 2239 614 cum
2272 579 2338 616 hoc
2368 583 2436 618 Sa-

1315 641 1552 670 cramentum
1583 647 1604 669 a
1637 630 1817 669 fidelibus
1844 632 2010 668 sumitur
2033 660 2042 677 ,
2073 633 2150 668 sive
2171 631 2241 668 sub
2264 641 2436 684 utraque,
2489 638 2496 643 '

1316 687 1394 723 sive
1423 685 1494 724 sub
1523 685 1703 723 alterutra
1733 686 1887 736 specie,
1921 696 2068 735 semper
2093 686 2129 722 in
2160 698 2436 723 commemora-

1315 741 1457 777 tionem
1489 739 1693 790 passionis,
1722 737 1756 774 &
1788 739 1916 776 mortis
1948 739 1998 775 l).
2029 737 2076 775 N.
2107 737 2143 775 J.
2173 739 2246 785 C.,
2276 737 2310 774 8<
2340 752 2437 776 sem-

1329 805 1384 830 )er
1413 805 1500 830 cum
1533 791 1661 830 debita
1696 792 1935 829 couscientia
1967 792 2129 842 puritate
2170 793 2269 829 suini
2299 792 2438 838 debet;

1315 807 1386 883 lioc
1417 847 1520 884 enim
1550 855 1628 883 erat
1660 844 1826 897 Apostoli
1858 846 2044 883 intentum
2076 857 2120 882 eo
2149 843 2253 889 loci;
2300 859 2437 897 quam-

1314 898 1448 937 obrem
1478 900 1590 936 etiam
1620 899 1849 950 disjunctive
1882 898 2024 936 ibidem
2055 897 2203 936 locutus
2231 908 2310 936 est:
2345 899 2440 948 Qui-

1313 964 1482 1004 cumque
1511 952 1813 990 manducaverit
1845 964 1995 1002 panem
2026 950 2154 999 hunc,
2193 952 2252 989 vel
2279 950 2436 999 biberit,

1313 1005 1384 1043 ἃς.
1415 1006 1578 1053 Quando
1607 1016 1733 1043 antem
1765 1005 1864 1042 idem
1899 1004 2096 1056 Apostolus
2124 1005 2251 1042 addit:
2297 1004 2438 1043 Probet

1312 1068 1449 1096 autem
1479 1063 1674 1109 seIpsum,
1705 1058 1774 1095 διο.
1807 1069 2044 1110 praeceptnm
2075 1071 2148 1095 nou
2177 1059 2239 1095 dat
2269 1059 2436 1107 edendi,

1312 1112 1345 1147 ἃ
1364 1112 1519 1149 bibendi
1538 1142 1548 1160 ,
1578 1112 1641 1149 sed
1659 1121 1697 1148 ut
1713 1114 1956 1163 nosmetipsos
1974 1112 2178 1162 probemus
2192 1141 2202 1159 ,
2231 1122 2438 1164 antequam

1311 1165 1358 1202 ad
1391 1164 1459 1203 hoc
1489 1164 1777 1202 Sacramentum
1807 1165 2033 1202 sumendum
2065 1165 2316 1203 accedamus.

1366 1216 1460 1268 457.
1488 1218 1577 1255 lust.
1605 1216 1807 1254 secundo.
1836 1216 1976 1255 Manli.
2000 1216 2148 1254 XXVI.
2172 1231 2235 1268 27.
2264 1218 2437 1256 Christus

1312 1283 1486 1321 expresse
1517 1273 1730 1322 praecepit,
1779 1278 1818 1306 ut
1846 1269 1916 1306 sul)
1945 1271 2070 1320 specie
2113 1271 2194 1307 vini
2224 1282 2437 1308 sumeretur

1312 1322 1578 1372 Eucharistia,
1615 1325 1767 1362 dicens:
1813 1321 1939 1360 Bibite
1967 1335 2021 1360 ex
2050 1335 2096 1360 eo
2124 1335 2289 1371 omnes,
2333 1324 2436 1376 quod

1312 1390 1388 1415 non
1416 1378 1561 1415 dixerat
1592 1377 1742 1415 tradens
1772 1389 1932 1428 panem:
1974 1389 2051 1415 non
2081 1388 2171 1427 ergo
2212 1377 2331 1428 potuit
2363 1376 2437 1415 Ec-

1313 1429 1430 1469 clesia
1459 1429 1568 1468 laicis
1597 1429 1758 1468 calicem
1779 1428 2028 1477 subtrahere,
2056 1431 2151 1468 sicut
2173 1443 2240 1468 nec
2270 1432 2438 1481 speciem

1314 1485 1422 1535 panis
1452 1483 1676 1521 subtrahere
1706 1492 1854 1535 posset.

1369 1537 1462 1582 458.
1495 1536 1631 1588 Resp.‚
1662 1535 1760 1574 illud
1790 1536 1951 1574 verbum
1973 1548 2112 1573 omnes
2143 1535 2257 1573 fnisse
2286 1549 2307 1573 a
2327 1535 2439 1574 Chri-

1314 1598 1368 1627 sto
1397 1591 1586 1628 directum
1616 1590 1662 1628 ad
1695 1589 1890 1641 Apostolos
1918 1589 1974 1626 ibi
2005 1598 2235 1640 praesentes.
2271 1589 2369 1627 Cum
2400 1604 2439 1627 e-

1314 1645 1395 1680 nim
1434 1643 1594 1694 singulis
1636 1642 1884 1681 distribuisset
1917 1644 2082 1694 propria
2131 1656 2248 1680 manu
2296 1655 2437 1695 corpus

1312 1710 1423 1733 suum
1453 1698 1523 1733 snb
1554 1698 1680 1748 specie
1709 1697 1844 1748 panis,
1873 1709 1990 1747 quem
2022 1696 2210 1746 fregerat,
2254 1704 2367 1748 atque
2395 1709 2437 1734 o-

1313 1750 1470 1788 mnibus
1497 1750 1676 1797 dederat,
1709 1760 1834 1801 postea
1863 1749 2031 1800 porrexit
2058 1749 2229 1788 Calicem
2248 1779 2259 1796 ‚
2296 1751 2437 1800 praeci-

1313 1804 1450 1855 piens,
1496 1812 1533 1840 ut
1563 1815 1703 1840 omnes
1733 1816 1778 1840 ex
1808 1814 1850 1839 eo
1878 1802 2081 1849 biberent,
2119 1815 2164 1838 ne
2194 1802 2289 1839 forte
2319 1804 2436 1853 primi

1313 1865 1434 1894 totum
1466 1855 1686 1895 haurirent:
1731 1855 1828 1893 unde
1856 1854 2000 1906 aliquae
2030 1856 2251 1903 versiones,
2294 1865 2332 1892 ut
2361 1856 2436 1908 Sy·

1314 1911 1414 1946 riaca
1445 1911 1714 1962 antiquissima
1732 1939 1742 1956 ,
1775 1907 1966 1954 Arabica,
1995 1916 2107 1960 atque
2129 1907 2342 1960 AEthiopica
2370 1910 2438 1947 ad-

1312 1962 1488 2000 diderunt
1518 1976 1658 2001 omnes
1687 1975 1780 2009 vos,
1824 1961 1926 2013 apud
1955 1961 2214 1999 Watthouum
2248 1963 2285 1999 in
2316 1963 2438 2014 [Μιγ-

1310 2016 1472 2066 glottis:
1502 2016 1603 2068 quod
1636 2023 1874 2068 praeceptum
1905 2014 2158 2065 adimpletum
2183 2016 2298 2053 fuisse
2327 2024 2437 2053 testa-

1312 2076 1374 2106 tnr
1402 2068 1558 2107 Marcus
1576 2099 1586 2117 ,
1615 2070 1769 2108 dicens:
1806 2066 1860 2106 Et
1890 2065 2064 2106 biberunt
2093 2081 2146 2106 ex
2175 2067 2241 2106 illo
2267 2082 2437 2113 omnem

1311 2135 1470 2170 omnes,
1515 2124 1672 2175 inquam
1691 2153 1702 2172 ,
1739 2122 1808 2175 qui
1838 2129 2040 2175 praesentes
2068 2123 2223 2160 aderant
2241 2151 2253 2170 ,
2295 2136 2437 2175 nempe

1310 2175 1510 2228 Apostoli,
1557 2190 1723 2228 quorum
1767 2188 1998 2213 successores
2034 2176 2187 2227 proprie
2229 2174 2317 2212 laic-i
2363 2189 2436 2214 nou

1309 2239 1424 2277 sunt,
1463 2230 1525 2267 sed
1555 2229 1777 2268 Sacerdotes
1804 2227 1991 2267 Ecclesiae
2022 2230 2209 2267 ministri.
2255 2229 2435 2267 Ceterum

1310 2283 1383 2334 ipsi
1416 2283 1634 2320 Adversarii
1664 2296 1737 2321 non
1765 2282 1933 2319 obstante
1975 2280 2043 2318 illa
2073 2294 2166 2319 voce
2193 2280 2361 2331 generali
2392 2295 2435 2319 o-

1309 2348 1454 2383 mnes,
1501 2337 1726 2387 permittunt
1755 2334 1976 2380 abstemiis,
2020 2335 2088 2385 qui
2118 2343 2253 2372 natura
2291 2350 2312 2372 a
2342 2336 2433 2372 vino

1308 2387 1537 2435 abhorrent,
1571 2398 1607 2426 ut
1637 2403 1657 2426 a
1686 2389 1813 2440 specie
1843 2388 1924 2425 vini
1945 2386 2184 2424 abstineant.
2215 2387 2342 2439 inepte
2363 2401 2434 2425 au-

1309 2450 1385 2480 tem
1433 2442 1590 2493 quidam
1635 2441 1711 2478 hnc
1761 2449 1893 2490 urgent
1937 2439 2034 2478 illud
2064 2439 2203 2478 Christi
2243 2443 2433 2480 monitum

1308 2494 1435 2533 Marci
1458 2493 1565 2532 Xlll.
1586 2494 1671 2545 57.:
1705 2491 1818 2544 Quod
1848 2493 1949 2531 robis
1978 2492 2092 2541 dico,
2120 2492 2301 2531 omnibus
2330 2494 2434 2532 dico.

1308 2547 1459 2599 lnepte,
1492 2549 1676 2599 inquam:
1705 2561 1792 2585 nam
1813 2546 1987 2585 Christus
2009 2548 2089 2600 ipse
2116 2545 2305 2594 declarat,
2335 2549 2434 2600 quid.

1307 2597 1376 2637 hoc
1405 2609 1520 2649 esset,
1549 2601 1649 2652 quod
1680 2613 1811 2638 omnes
1840 2601 2064 2653 respiceret,
2094 2614 2230 2652 nempe
2262 2600 2414 2640 Orate.

1361 2653 1456 2706 459.
1487 2655 1576 2692 inst.
1607 2658 1747 2692 tertio.
1793 2653 1968 2692 Christus
2009 2653 2198 2692 Dominus
2240 2651 2432 2692 Euchari-

1307 2708 1417 2745 stiam
1449 2708 1608 2746 institnit
1625 2737 1637 2756 ,
1665 2717 1704 2746 nt
1724 2721 1871 2746 sacram
1893 2721 2045 2746 coenam
2064 2736 2076 2756 ,
2104 2720 2169 2745 seu
2191 2707 2431 2756 convivium,

1308 2761 1410 2798 unde
1439 2761 1488 2799 ab
1517 2760 1689 2799 Ecclesia
1720 2770 1876 2799 vocatur
1903 2773 2066 2798 sacrum
2098 2763 2348 2805 cont-is¹1'um;
2377 2770 2432 2799 at-

1308 2815 1376 2866 qui
1409 2828 1542 2853 verum
1585 2817 1806 2854 convivium
1838 2826 1913 2852 uon
1956 2814 2080 2852 solum
2110 2815 2224 2867 exigit
2266 2814 2432 2863 cibum,

1308 2867 1371 2905 sed
1402 2870 1517 2906 etiam
1549 2877 1703 2920 potuin3
1732 2880 1842 2920 ergo,
1874 2868 1945 2906 &c-

1363 2921 1456 2968 460.
1489 2921 1624 2973 Hesp„
1667 2935 1780 2971 cnm,
1812 2929 1852 2959 nt
1880 2935 1995 2974 supra
2025 2934 2132 2959 num.
2153 2921 2247 2967 455.
2284 2920 2431 2960 dictum

1308 2984 1389 3024 est,
1417 2975 1488 3014 sub
1519 2989 1748 3028 unaquaque
1777 2976 1902 3027 specie
1922 2984 2019 3013 totus
2038 2974 2211 3014 Christus
2238 2976 2431 3014 continea-

1309 3038 1398 3077 tur,
1427 3043 1472 3066 ex
1502 3043 1641 3077 carne,
1671 3029 1704 3065 &
1733 3030 1917 3081 sauguine
1944 3030 2200 3081 compositus,
2227 3040 2429 3081 qnaecum·

1305 3097 1384 3135 que
1411 3085 1556 3136 species
1584 3092 1782 3131 sumatur,
1813 3095 1887 3120 non
1916 3081 2039 3121 solum
2059 3082 2191 3131 cibus,
2223 3082 2284 3120 sed
2313 3081 2428 3117 etiam

1309 3147 1417 3188 potus
1453 3138 1666 3187 accipitur3
1743 3137 1814 3175 uod
1843 3135 1982 3174 sufficit
2011 3136 2058 3174 ad
2101 3138 2318 3174 conrii-lum
2359 3144 2425 3172 sa-

1310 3201 1445 3238 crum,
1475 3204 1540 3228 seu
1569 3151 1767 3243 spirituaile
1785 3217 1796 3228 .
1841 3189 1959 3229 Sectis
1988 3198 2114 3229 autem
2144 3199 2194 3227 est
2222 3189 2269 3225 de
2297 3184 2423 3223 convi-

1310 3244 1373 3281 vio
1402 3243 1618 3292 materiali,
1662 3246 1700 3282 in
1730 3258 1808 3297 quo
1837 3257 1903 3282 nec
1931 3243 2042 3282 cibus
2086 3243 2238 3294 proprie
2265 3239 2426 3277 continet

1309 3306 1466 3347 potum,
1497 3311 1564 3335 nec
1593 3299 1759 3336 vicissim
1790 3307 1900 3350 potus
1927 3297 2090 3336 continet
2117 3295 2275 3339 cibum,
2322 3289 2424 3327 unde

1309 3358 1473 3403 utroque
1499 3364 1595 3403 opus
1623 3359 1676 3391 est
1691 3375 1704 3390 .

2273 3393 2368 3443 46ι.
