2605 3624
268 112 350 153 128

206 192 329 226 mma·
357 186 562 230 minister,
604 191 646 218 ut
675 185 799 219 etiam
828 179 1029 218 actualem
1060 183 1318 216 intentionem

204 240 420 279 ‹ztlfzi³‘>‹.2at.·
463 236 531 275 sed
562 235 629 273 lioc
659 247 738 272 non
777 244 834 272 est
870 233 1039 271 totaliter
1081 236 1245 281 positum
1276 236 1317 268 ia

205 294 373 330 1⁷101711iuis
393 300 585 340 potestate
601 321 611 338 ,
642 293 731 341 quia
749 297 893 340 praeter
911 290 1169 324 incentionem
1186 316 1195 333 ,
1225 291 1317 322 cth

204 347 320 383 homo
348 348 423 382 vul(
454 346 618 381 multum
651 341 878 386 infeudare,
922 344 1055 391 incipit
1092 339 1177 376 alia
1214 342 1317 389 cogi-

205 410 293 437 tare
310 430 320 447 ‚
351 398 564 436 secundum
588 396 680 434 illul
699 393 970 433 J’s.X.x⁷XIX.
1003 395 1076 430 t'or
1097 405 1229 429 meum
1253 392 1317 428 <le-

204 455 358 504 rele'quit
388 466 479 489 me.
524 451 619 488 Haec
650 450 815 502 profecto
843 450 940 486 mire
974 447 1201 484 concordant
1230 458 1317 482 cum

203 508 351 545 interna
375 507 578 544 intentione
602 504 763 541 faciendi
787 516 864 539 rem
887 513 1030 538 sacram
1049 499 1067 545 ,'
1089 497 1242 550 qualem
1266 498 1319 535 fa-

203 562 306 598 ciunt
334 559 531 605 Christus,
569 558 601 594 8<
632 556 802 594 Ecclesia
820 585 830 602 ,
870 553 1082 591 nullatenus
1113 564 1201 588 vero
1229 564 1319 587 cuin

203 628 247 651 ea
279 616 479 651 intentione
508 610 707 649 conciliari
728 608 1051 661 queunt,'quain.
1070 605 1226 641 creduut
1256 603 1319 639 zul-

202 669 358 706 versarii
390 666 588 712 sufficere,
629 673 667 699 ut
695 663 868 699 minister
899 659 986 696 velit
1018 659 1131 695 ritum
1170 669 1318 693 sacrum

203 730 352 757 externe
382 718 584 757 simulare.
616 716 671 754 Ad
704 716 741 752 id
771 716 872 752 enim
902 710 1088 748 sufficeret
1120 711 1232 746 etiam
1263 710 1319 745 in-

201 776 317 812 tentio
351 771 587 817 habitualis,
632 783 698 805 nec
727 769 986 819 requireretur
1030 763 1232 808 virtualis,
1276 774 1319 798 ac

201 826 324 865 multo
354 827 480 863 minus
509 822 707 861 actualis.
749 820 927 869 Denique
968 830 1012 854 ne
1050 817 1188 852 nimius
1218 816 1318 862 sim,

203 879 506 917 luculentissime
535 882 691 928 apparet
721 885 826 910 mens
855 871 895 908 S.
913 869 1160 920 Praeceptoris
1181 881 1224 904 ex
1247 869 1291 905 iis
1309 897 1319 915 ,

208 937 296 984 ‹111ae
328 932 439 969 habet
469 939 541 967 art.
565 943 623 966 ro.
641 957 651 974 ,
683 926 748 964 ubi
771 924 904 972 docet,
934 923 1079 960 duobus
1100 921 1220 958 modis
1242 934 1323 972 pos-

200 1000 242 1023 se
273 986 512 1023 intentionem
544 982 706 1019 ministr-i
728 978 924 1031 perverti5
953 989 1030 1014 uno
1052 974 1167 1013 morlo
1196 987 1323 1022 respe-

202 1049 263 1076 ctu
295 1041 411 1088 ipsius
434 1036 717 1081 Stzcramentz',
746 1040 841 1084 puta
861 1043 953 1068 cum
983 1029 1125 1079 aliquis
1155 1041 1233 1065 non
1264 1031 1322 1064 in-

198 1091 322 1130 tendit
352 1090 668 1127 Sacramentum
698 1084 906 1136 couferre,
935 1083 1003 1122 sed
1032 1082 1219 1120 derisorie
1248 1082 1321 1118 ali-

198 1143 291 1195 quid
320 1156 473 1196 agere;
514 1143 563 1183 (ἓν
594 1141 686 1178 talis
715 1141 948 1191 perversitas
982 1137 1078 1174 tollit·
1112 1139 1320 1172 veritatem

198 1199 459 1237 Sacrameuti
474 1211 489 1240 ,·
518 1198 713 1246 praecz'pue
743 1190 902 1243 quando
922 1204 1041 1228 suam
1061 1193 1322 1227 intentionem

199 1255 375 1291 exterius
406 1248 671 1301 manifestat.
715 1247 802 1284 Alio
832 1244 948 1282 modo
968 1245 1054 1284 &a
1086 1243 1178 1280 Haec
1209 1242 1322 1293 plane

198 1305 406 1344 decretoria
440 1312 554 1341 sunt.
604 1301 761 1339 Frustra
798 1300 898 1336 enirn
940 1298 1243 1335 accuratissimus
1281 1295 1322 1332 S.

202 1359 373 1396 Thomas
403 1356 635 1394 adhibuisset
666 1354 761 1392 illud
791 1352 1017 1390 adverbium
1046 1354 1262 1400 praecipue,
1292 1349 1323 1385 si

199 1411 419 1462 loqueretur
449 1408 569 1446 solum
600 1408 645 1446 de
665 1407 882 1443 ‘extrinseca
912 1404 1140 1446 derisione5
1184 1403 1323 1439 diceret

201 1466 305 1501 enim
323 1492 334 1509 ,
365 1463 444 1500 tolli
476 1462 671 1498 veritatem
701 1458 962 1504 Sacramenti,
991 1456 1144 1508 quando
1172 1459 1323 1492 extrin-

199 1530 289 1555 sece
319 1515 508 1553 confertur
537 1512 742 1556 derisorie;
773 1511 806 1546 δε
826 1513 1042 1559 praecipue,
1072 1509 1223 1560 quando
1253 1506 1323 1546 illa

198 1570 385 1608 derisoria
406 1567 559 1607 intentio
580 1565 868 1610 manifestatum
898 1576 985 1615 quae
1009 1574 1114 1599 mera
1135 1569 1227 1599 esset
1242 1561 1323 1599 hut-

198 1623 335 1674 tologia
353 1649 363 1661 .
691 1628 695 1631 '

256 1676 347 1716 281.
377 1676 474 1714 Cum
505 1675 635 1726 itaque
664 1673 835 1710 doctriua
866 1669 1040 1722 Angelici
1083 1676 1160 1708 tam
1195 1673 1324 1719 aperta

199 1732 246 1770 sit
265 1761 274 1778 ,
320 1740 358 1767 ut
387 1730 434 1767 de
466 1743 508 1766 ea
538 1727 744 1779 prudenter
773 1722 939 1762 dubitari
969 1731 1156 1774 nequeat,
1201 1721 1324 1758 cohae-

202 1793 330 1822 renter
360 1782 547 1834 explicari
576 1780 712 1817 debent
743 1779 955 1816 testimonia
997 1776 1105 1813 nobis
1147 1774 1323 1826 objecta.

200 1838 399 1876 Nimirum
430 1836 556 1887 primo
585 1833 669 1881 loco
698 1833 817 1879 dicit,
860 1829 1033 1868 sufficere
1063 1828 1171 1877 illam
1203 1831 1323 1866 inteu-

201 1892 372 1937 tionem,
415 1901 503 1940 quae
534 1887 762 1939 exprimitur
805 1898 872 1935 per
914 1882 1031 1920 verba
1061 1881 1244 1919 Ecclesiae
1279 1881 1325 1918 ad

206 1943 398 1996 pacandos
427 1940 602 1978 fidelium
633 1939 805 1985 animos,
835 1951 883 1974 ne
912 1936 1066 1982 dubiis,
1096 1934 1130 1970 &
1159 1935 1326 1971 anxieta-

205 1997 310 2035 tibus
339 2003 604 2047 torqueantur,
634 2005 676 2029 eo
706 1991 806 2042 quod
836 2002 1058 2040 cognoscere
1087 2000 1157 2024 non
1187 1989 1328 2039 possint

204 2051 397 2089 internam
428 2047 589 2086 ministri
613 2046 880 2083 intentionem.
910 2041 1036 2079 Semel
1066 2041 1168 2078 enim
1198 2054 1241 2077 ac
1271 2041 1327 2077 vi-

205 2104 316 2141 deant
335 2133 346 2150 ,
375 2103 504 2139 omnia
533 2101 655 2147 serio,
698 2113 741 2136 ac
772 2099 841 2134 rite
872 2096 1029 2148 peragi,
1073 2093 1106 2129 8<
1138 2095 1173 2130 in
1203 2093 1328 2131 verbis

208 2158 347 2194 formae
378 2155 543 2207 exprimi
566 2155 806 2190 intentionem
829 2149 1012 2188 Ecclesiae
1030 2178 1041 2196 ,
1072 2155 1187 2200 potest
1217 2160 1327 2183 unus-

205 2211 398 2261 quisque,
428 2206 588 2245 &dehet
603 2207 870 2257 acquiescere,
899 2216 988 2241 cum
1020 2201 1220 2253 prudenter
1249 2213 1328 2236 cre-

207 2263 247 2300 di
277 2264 416 2314 possit,
446 2275 490 2298 ac
518 2260 652 2297 debeat
682 2259 853 2296 ministro
884 2258 1070 2294 internam
1101 2267 1173 2291 non
1202 2253 1327 2290 deesse

206 2317 454 2355 intentionem
472 2344 483 2362 ,
525 2317 604 2350 nisi
631 2315 879 2349 contrarium
907 2312 1082 2347 exterius
1125 2310 1327 2357 exprima-

206 2378 298 2406 tur.
337 2369 442 2406 Sicut
470 2367 623 2419 qnando
653 2365 770 2402 hostia
798 2371 1035 2402 sacrosancta
1065 2360 1234 2414 publicae
1266 2374 1329 2397 ve-

208 2423 393 2460 nerationi
424 2423 650 2472 exponitur,
691 2432 804 2456 nemo
832 2417 1033 2470 prudenter
1061 2414 1235 2453 dubitare
1265 2426 1330 2465 po-

211 2483 281 2513 test
301 2505 310 2522 ,
339 2488 388 2511 an
417 2488 460 2512 ea
490 2476 535 2511 sit
556 2477 625 2512 rite
645 2480 859 2510 consecrata
877 2497 887 2508 .
918 2470 971 2507 Ita
993 2477 1157 2506 mentem
1173 2467 1213 2506 S.
1230 2467 1333 2504 Tho-

211 2542 288 2566 mae
320 2535 510 2578 exponunt
541 2525 765 2562 nobilissimi
797 2524 879 2575 ejus
900 2524 1119 2574 interpretes
1134 2521 1334 2559 Card-Ca-

212 2582 362 2633 jetanus
379 2609 388 2626 ,
419 2579 557 2617 Franc.
579 2578 717 2615 Suarez
734 2607 744 2624 ,
776 2578 1110 2615 Eminentissimus
1140 2576 1241 2613 Gotti
1259 2604 1269 2622 ,
1302 2573 1350 2609 &'

215 2636 303 2673 Car.
334 2633 500 2670 Renzitus
520 2630 706 2678 Billuart,
735 2631 803 2681 qui
832 2629 960 2681 plures
990 2629 1084 2667 alios
1112 2630 1227 2666 citat.

277 2688 370 2725 282.
402 2686 496 2722 Haec
525 2685 780 2736 interpretatio
808 2683 1011 2720 conformis
1041 2690 1091 2719 est
1111 2695 1221 2733 scopo
1237 2680 1336 2732 ejus-

217 2741 306 2778 dem
337 2740 377 2777 S.
409 2739 582 2776 Doctoris
612 2750 654 2775 eo
683 2737 784 2783 loci,
833 2736 899 2788 qui
929 2744 1006 2772 erat
1035 2734 1206 2772 diluendi
1235 2734 1342 2784 obje-

219 2795 384 2832 ctionem
415 2801 543 2829 contra
573 2792 830 2828 necessitatem
874 2789 1091 2826 intentionis
1129 2800 1172 2824 ex
1204 2800 1247 2824 eo
1275 2789 1344 2825 du-

221 2857 346 2894 ctam,
375 2846 476 2898 quod
505 2859 594 2883 cum
625 2843 708 2881 liaec
739 2843 894 2881 intentio
922 2850 1005 2880 nota
1037 2854 1112 2878 non
1143 2841 1221 2887 sit,
1264 2853 1340 2877 non

220 2909 340 2954 posset
370 2898 481 2935 homo
523 2908 646 2936 certus
683 2911 762 2935 esse
790 2897 836 2934 de
865 2894 1100 2935 sacramenti
1139 2895 1342 2943 susceptio-

221 2968 296 2992 ne.
326 2952 412 2990 Non
444 2951 640 3002 respondet
670 2960 797 2988 autern
819 2980 829 2997 ,
862 2959 899 2986 ut
929 2949 1096 3000 profecto
1115 2945 1342 2983 Catliarinus

223 3004 490 3058 responderet,
533 3016 606 3040 non
638 3005 776 3055 requiri
809 3003 995 3040 internam
1026 3000 1191 3037 ministri
1222 3000 1342 3036 inten-

224 3062 366 3099 tionem
383 3087 394 3107 ,
425 3069 515 3101 cum
544 3056 706 3094 sufficiat
733 3066 884 3094 externa
912 3054 1150 3094 sacramenti
1178 3052 1342 3090 admini-

275 3243 323 3277 (α)
350 3240 425 3283 lpse
451 3245 567 3270 autem
594 3234 790 3269 Car-‹linalis
828 3236 932 3268 aliam
961 3233 1232 3280 explicationem
1258 3234 1339 3268 sub-

181 3322 185 3326 .
230 3287 374 3325 stituit,
401 3292 526 3329 putans
546 3284 618 3323 ,·S.
646 3281 818 3314 'rhomam
845 3282 956 3333 solum
983 3279 1166 3314 excludere
1193 3282 1339 3313 necessi-

231 3340 341 3366 tatem
366 3330 570 3368 intentionis
596 3330 739 3363 internae
765 3340 930 3373 expressae
946 3349 956 3368 ,
984 3333 1024 3362 Φ
1050 3330 1248 3371 explicitae;
1272 3340 1340 3363 non

1062 97 1326 142 DISSERT.
1350 99 1405 142 II.
1439 99 1567 143 CAP.
1592 99 1711 143 VIII.

1386 180 1515 216 stratio
1543 181 1665 226 serio,
1703 179 1736 214 ἃ
1766 178 1803 216 in
1831 178 1966 218 debitis
1996 178 2288 219 circumstantiis
2316 187 2495 232 peracta.

1386 232 1459 269 Sed
1490 234 1681 284 respondet
1724 237 1850 282 primo
1880 247 1922 270 ex
1953 231 2116 271 aliorum
2146 235 2326 285 opinione
2345 263 2356 281 ,
2399 235 2500 284 quod

1383 285 1573 324 desectum
1604 287 1823 324 intentionis
1839 287 2054 334 ministriin
2072 289 2198 337 pueris
2227 285 2377 339 supplet
2393 285 2505 324 Chri-

1386 348 1487 385 stus,
1518 340 1584 389 qui
1616 340 1771 376 interius
1801 339 1989 391 baptizat,
2019 342 2059 377 in
2088 340 2225 378 adultis
2254 347 2380 377 autem
2410 351 2500 389 sup·
2553 334 2556 336 v

1387 391 1463 440 plet
1493 391 1611 438 fides,
1642 391 1674 426 8<
1703 392 1850 429 devotio
1871 419 1881 430 .
1911 392 1985 430 Sed
2015 393 2108 431 bene
2124 394 2304 441 advertit,
2336 392 2404 429 7100
2434 403 2503 429 sa-

1386 447 1434 481 tis
1463 443 1538 482 <liet
1566 457 1678 491 posse
1700 474 1710 491 ,
1752 455 1947 493 quantum
1976 445 2031 482 ad
2058 447 2241 490 ultimum
2284 443 2471 494 effectum
2490 474 2504 491 ,

1386 500 1449 546 qui
1479 505 1535 532 est
1560 496 1801 548 justificatio
1825 509 1852 534 a
1880 502 2087 548 peccaris,-
2123 499 2193 537 secl
2220 509 2415 551 quantum
2445 496 2502 535 aa

1387 547 1571 595 effCCfflm
1592 578 1602 595 >
1632 553 1695 598 (71ιὲ
1725 558 1789 585 est
1821 563 1910 600 res,
1938 552 1988 590 (θ’
2018 551 2332 590 Sacramentum
2353 583 2364 601 ,
2407 552 2510 589 scili-

1387 611 1446 639 cet
1475 610 1667 651 quantum
1689 601 1744 638 acl
1763 600 2042 641 characterem
2065 634 2076 651 ,
2106 619 2186 643 non
2206 605 2353 645 videtur
2369 635 2380 654 ,
2409 603 2510 656 quod

1386 667 1455 706 per
1485 653 1727 692 devotionem
1758 655 1992 692 accedentis
2027 662 2147 706 possit
2175 660 2370 709 suppleri,
2417 662 2509 709 quia

1389 707 1602 745 character
1630 721 1836 758 nunquam
1868 712 2106 759 imprimitur
2123 740 2133 757 ,
2163 715 2239 747 nisi
2266 725 2334 760 per
2357 711 2509 748 Sacra-

1389 770 1567 799 mentum
1587 788 1597 798 .
1642 760 1842 812 Perspicue
1873 762 1935 800 hie
1967 762 2096 810 vides,
2125 763 2205 800 sine
2235 762 2304 800 illa
2333 765 2509 801 intentio·

1390 829 1464 862 ne,
1494 828 1581 866 quae
1612 824 1695 852 nota
1725 829 1798 852 non
1828 825 1903 863 est,
1938 823 2063 867 utpote
2095 816 2243 854 interna
2263 846 2274 864 .,
2317 829 2393 854 non
2423 828 2509 867 per-

1390 868 1455 906 fici
1476 867 1765 906 Sacramentum
1783 899 1793 917 ,
1823 883 1891 906 nec
1915 869 2087 919 imprimi
2104 868 2360 907 characterem
2380 895 2390 906 .
2420 869 2508 906 Per-

1391 922 1443 973 git
1473 931 1597 973 postea
1618 922 1762 959 solvere
1791 921 2054 960 difficultatem
2084 922 2161 960 alio
2181 923 2318 971 modo,
2349 934 2421 960 non
2443 935 2510 959 ne-

1392 976 1512 1026 gando
1541 976 1684 1027 requiri
1715 975 1823 1013 illam
1854 977 2119 1023 intentionem,
2149 990 2237 1027 quae
2256 976 2511 1027 utpoteinter-

1392 1042 1464 1076 na,
1510 1038 1592 1066 nota
1622 1043 1698 1065 esse
1727 1044 1802 1066 non
1832 1039 1974 1080 potest3
2022 1030 2082 1066 sed
2113 1031 2205 1080 quia
2236 1030 2406 1067 minister
2434 1029 2512 1080 agit

1392 1083 1430 1119 in
1463 1095 1620 1133 persona
1651 1081 1861 1129 Ecclesiae,
1904 1082 1935 1117 8(
1966 1083 2004 1119 in
2036 1081 2162 1121 verbis
2192 1083 2330 1120 formae
2353 1112 2364 1130 ,
2393 1095 2512 1134 quarn

1390 1136 1558 1187 profert,
1590 1136 1817 1187 exprimitur
1850 1137 2004 1173 intentio
2024 1135 2234 1184 Ecclesiae,
2263 1135 2333 1173 hoc
2363 1134 2514 1173 suffice-

1389 1202 1429 1226 re
1457 1189 1593 1226 debere
1612 1219 1622 1235 ,
1668 1197 1706 1225 ut
1735 1189 1936 1236 credatur,
1986 1190 2204 1226 ministrum
2245 1188 2421 1226 habuisse
2450 1201 2513 1225 ve-

1390 1255 1471 1280 ram
1503 1243 1742 1279 intentionem
1774 1243 1988 1288 internam;
2032 1242 2202 1294 adeoque
2240 1241 2373 1279 haberi
2403 1241 2514 1279 certi-

1389 1295 1561 1332 tudinem
1604 1293 1736 1331 saltem
1789 1295 1972 1333 moralem
2003 1296 2048 1332 de
2078 1295 2313 1336 Sacramenti
2357 1294 2513 1342 valore,

1393 1352 1468 1384 m'st
1499 1346 1746 1384 contrarium
1767 1353 1939 1385 exterius
1955 1352 2206 1396 exprimatur
2236 1362 2288 1387 ex
2304 1357 2418 1401 parte
2434 1350 2509 1384 mi-

1392 1405 1504 1438 nis-tri
1526 1431 1536 1447 ,
1566 1402 1622 1438 vel
1651 1405 1874 1451 recipientis
1904 1401 2216 1439 Sacramentum
2238 1428 2248 1439 .

1448 1454 1540 1492 285.
1572 1454 1703 1506 Neque
1720 1468 1871 1492 movere
1892 1469 1965 1496 ,nos
1987 1455 2096 1493 debet
2114 1485 2124 1502 ‚
2153 1454 2255 1507 quod
2270 1461 2400 1492 contra
2415 1452 2514 1492 lianc

1391 1508 1616 1546 solutionem
1658 1507 1793 1558 objicit
1824 1509 1937 1547 card.
1967 1508 2025 1546 Jo.
2057 1508 2115 1545 De
2144 1509 2252 1559 Lugo
2282 1502 2517 1559 Disp.Vlll.

1391 1560 1455 1598 De
1485 1561 1601 1599 Sacr.
1630 1562 1776 1607 sect.{4.
1806 1576 1911 1600 num.
1933 1561 1998 1600 65.
2016 1592 2025 1608 ,
2056 1560 2200 1599 scilicet
2230 1561 2335 1613 lopui
2353 1561 2394 1598 S.
2411 1559 2516 1597 Tho-

1391 1628 1496 1652 mam
1525 1615 1571 1651 de
1602 1614 1728 1652 valore
1759 1616 1962 1652 intrinseco
1982 1615 2219 1654 sacramenti
2237 1644 2247 1662 ‚
2277 1627 2366 1651 cum
2388 1614 2512 1661 dicat,

1391 1668 1640 1705 intentionem
1685 1667 1868 1705 Ecclesiae
1911 1667 2092 1716 sufficere
2135 1667 2190 1705 acl
2231 1667 2516 1718 perfectionem

1392 1721 1679 1759 Sacramenti.
1709 1721 1841 1759 Facile
1870 1723 1973 1759 enim
2005 1722 2073 1758 hoc
2103 1720 2315 1771 explicatur
2345 1720 2391 1756 ad
2409 1734 2515 1758 men-

1395 1784 1469 1813 tem
1491 1775 1531 1812 S.
1554 1775 1728 1812 Doctoris
1745 1804 1755 1819 ,
1785 1774 1929 1812 scilicet
1945 1773 2116 1812 sufficere
2146 1773 2266 1811 verba
2284 1803 2294 1820 ,
2323 1786 2411 1824 quae
2433 1785 2518 1823 pro-

1393 1830 1465 1867 fert
1495 1829 1667 1867 minister
1689 1858 1699 1875 ,
1738 1828 1771 1863 8(
1799 1842 1889 1879 quae
1920 1829 2138 1879 exprimunt
2168 1827 2412 1865 intentionem
2443 1824 2516 1863 Ec-

1392 1882 1518 1920 clesioe
1539 1912 1548 1930 ,
1580 1890 1618 1919 ut
1648 1882 1783 1919 merito
1812 1882 2012 1919 credamus
2043 1881 2254 1932 perfectum
2285 1894 2361 1918 esse
2382 1878 2518 1917 Sacra-

1394 1945 1594 1983 mentum,
1637 1935 1712 1972 nisi
1755 1935 1988 1973 contrarium
2018 1935 2190 1973 minister
2233 1935 2312 1985 ipse
2357 1932 2518 1970 manife-

1395 1997 1462 2026 stet
1493 1988 1556 2037 (a)
1575 2013 1586 2024 .

1452 2040 1545 2085 284.
1578 2039 1781 2091 Aliquanto
1827 2039 2022 2078 difficilior
2050 2047 2101 2079 est
2143 2039 2346 2090 explicatio
2383 2039 2520 2077 verbo·

1395 2107 1483 2132 rum
1513 2093 1553 2130 S.
1584 2092 1745 2130 Thomae
1790 2106 1834 2130 ex
1863 2094 2075 2131 Comment.
2106 2095 2146 2131 in
2176 2094 2242 2131 lv.
2274 2094 2452 2131 Sentent.
2483 2092 2518 2128 δε

1395 2147 1517 2199 aliqui
1549 2159 1622 2183 non
1651 2148 1731 2183 sine
1762 2146 2009 2185 fundamento
2038 2147 2198 2194 dicunt,
2240 2147 2280 2185 S.
2312 2147 2518 2184 Doctorem

1397 2213 1440 2238 eo
1470 2200 1542 2237 loci
1571 2212 1646 2236 non
1666 2213 1772 2237 suam
1792 2230 1802 2247 ,
1832 2200 1893 2237 sed
1923 2201 2086 2237 aliorum
2101 2201 2324 2251 opinionem
2356 2200 2521 2244 referre3

1395 2254 1621 2304 &quamvis
1650 2252 1768 2290 verba
1797 2252 1939 2291 similia
1955 2253 2325 2292 videaturadhibere
2350 2254 2385 2290 in
2402 2251 2520 2289 Sum-

1397 2320 1496 2354 ma,
1527 2319 1600 2344 non
1628 2314 1714 2344 sunt
1743 2315 1867 2343 tamen
1888 2320 2042 2357 prorsus
2072 2308 2203 2345 eadem
2222 2333 2232 2346 .
2263 2307 2362 2345 Nam
2393 2310 2521 2356 primo

1397 2361 1438 2399 in
1468 2358 1729 2410 objecto‘loco
1758 2359 2057 2398 Sententiarum
2087 2362 2209 2408 dixit,
2252 2356 2426 2398 s‘ufficere
2457 2371 2521 2395 ex-

1400 2415 1633 2466 pressionem
1664 2414 1881 2451 intentionis
1922 2427 1992 2464 per
2021 2413 2137 2452 verba
2166 2413 2216 2451 ab
2245 2413 2433 2451 Ecclesia
2462 2416 2522 2449 ἰη-

1400 2471 1568 2511 stituta5
1609 2467 1716 2519 quasi
1747 2480 1834 2504 vero
1864 2468 1985 2504 forma
2015 2467 2194 2518 baptismi
2228 2467 2340 2504 fuerit
2369 2466 2418 2503 ab
2448 2465 2523 2503 Ec-

1403 2521 1546 2569 clesia,
1577 2520 1610 2556 δε
1640 2533 1713 2557 nou
1740 2520 1787 2557 ad
1819 2521 1898 2571 ipso
1915 2519 2063 2556 Christo
2092 2521 2281 2557 instituta:
2312 2520 2526 2556 accuratius

1377 2584 1531 2613 -autem
1561 2575 1601 2611 in
1618 2573 1789 2611 Summa
1818 2573 1909 2610 dicit
1938 2573 2122 2624 quidem,
2155 2587 2221 2624 per
2252 2574 2369 2612 verba
2399 2572 2528 2619 expri-

1405 2629 1457 2666 mi
1490 2629 1734 2666 intentionem
1766 2625 1950 2664 Ecclesiae
1974 2656 1984 2674 ,
2015 2639 2087 2664 non
2117 2636 2244 2664 autem
2274 2626 2394 2673 dicit,
2442 2636 2525 2663 rer-

1408 2680 1459 2718 ba
1490 2694 1576 2718 esse
1604 2680 1654 2718 ab
1684 2680 1870 2718 Ecclesia
1900 2682 2080 2717 instituta
2098 2705 2109 2717 .
2151 2679 2338 2717 Praeterea
2367 2680 2406 2716 in
2436 2677 2528 2716 Lib.

1410 2734 1590 2771 Sentent.
1619 2734 1698 2772 sola
1729 2734 1795 2772 illa
1825 2743 2032 2771 memorata
2053 2733 2294 2771 Sacramenta
2313 2763 2324 2780 ,
2353 2745 2441 2782 quoe
2457 2730 2528 2768 ha-

1412 2787 1501 2824 bent
1529 2791 1569 2824 ιή
1587 2786 1734 2838 forma
1763 2796 1901 2825 actum
1931 2791 2178 2831 exerciturm·
2209 2788 2247 2824 in
2270 2786 2444 2823 Summa
2464 2798 2529 2822 ve-

1412 2853 1451 2877 ro
1480 2840 1629 2877 nullam
1660 2842 1763 2891 ponit
1793 2841 2084 2893 exceptionem.
2115 2840 2377 2878 Domin.Soto
2407 2840 2444 2876 in
2460 2836 2528 2875 IV.

1411 2894 1508 2931 Dist.
1528 2894 1557 2930 l.
1587 2904 1718 2945 quaest.
1738 2895 1775 2932 5.
1805 2903 1873 2932 art.
1895 2894 1934 2932 8.
1966 2896 2113 2942 refert,
2143 2892 2290 2946 aliquos
2320 2893 2404 2931 loco
2419 2902 2528 2928 men-

1411 2947 1504 2983 talis
1535 2947 1771 2994 intentionis,
1810 2962 1926 3000 quam
1956 2948 2047 2985 dicit
2078 2961 2150 2985 non
2181 2948 2352 2999 requiri,
2395 2944 2527 2993 legisse

1410 3000 1624 3050 specialem
1646 3030 1656 3048 ,
1686 3013 1774 3052 quae
1805 3003 1934 3053 utique
1963 3014 2038 3039 non
2069 3010 2120 3039 est
2149 3000 2384 3038 necessaria.

1467 3052 1558 3092 285.
1587 3053 1660 3092 Sed
1689 3055 1877 3107 quidquid
1896 3056 1942 3093 de
1973 3054 2043 3093 hac
2061 3068 2101 3096 re
2116 3056 2188 3104 sit,
2217 3049 2418 3092 adversarii
2450 3060 2527 3087 uon

2408 3116 2472 3139 ne-

1410 3243 1524 3269 autern
1553 3239 1709 3270 virtzzalis
1725 3259 1734 3277 ,
1762 3240 1803 3271 Θ
1823 3241 1995 3282 implicitae
2010 3261 2018 3270 .
2046 3236 2115 3270 Alii
2133 3233 2217 3266 alias
2245 3232 2392 3264 afferunt
2407 3229 2528 3281 interf

1411 3283 1621 3326 memnones
1637 3307 1645 3317 .
1673 3283 1739 3319 Sed
1760 3294 1879 3320 nostra
1905 3294 1957 3320 est
1983 3293 2086 3328 scopo
2105 3282 2140 3314 S·
2154 3278 2297 3316 Thomae
2323 3287 2432 3321 magis
2445 3287 2530 3310 con-

1409 3328 1528 3363 formis
1547 3353 1555 3363 .
