2605 3624
235 105 287 145 82
1058 90 1324 135 DISSERT.

166 193 238 218 non
266 177 421 230 quidem
443 174 656 213 confectum
675 203 684 222 ,
715 170 777 210 sed
799 171 929 210 saltem
951 170 1286 220 administratum,

163 247 234 274 non
264 229 378 268 semel
411 229 448 266 in
478 227 745 265 Ecclesiastico
775 224 930 263 historia
959 224 1146 277 legimus,
1178 234 1216 262 ut
1246 226 1286 264 S.

163 286 296 335 Agneti
318 284 364 320 de
385 290 510 320 monte
525 280 712 319 Politiano
731 281 928 330 contigisse
944 310 954 325 ,
987 279 1180 316 Lectiones
1196 279 1286 316 Bre-

162 331 274 375 viarii
297 345 476 374 testantur
493 361 502 373 .
532 334 771 387 'Nicephorus
790 344 918 371 autem
939 331 1086 370 Callisti
1109 333 1198 371 Lib.
1216 333 1285 371 XI.

162 405 248 443 cap.
282 405 345 430 20.
376 398 532 437 narrat,
561 388 602 427 S.
634 385 954 439 Amphilochium
985 387 1099 424 fuisse
1129 387 1177 424 ab
1210 388 1285 424 An-

160 445 253 496 gelis
282 452 545 482 consecratum
576 443 696 480 Iconii
727 441 960 493 Episcopum
978 466 988 478 .
1019 439 1165 477 Verum
1194 453 1282 491 quae

158 500 205 535 de
235 497 469 550 Angelorum
498 497 708 534 ministerio
746 496 783 531 in
813 494 1067 531 sacramentis
1105 492 1163 531 vel
1194 506 1282 530 con-

158 553 321 591 ferendis
337 582 348 600 ,
377 551 438 589 vel
470 552 582 588 etiam
604 547 851 587 conficiendis
873 556 1075 585 narrantur
1093 576 1102 594 ,
1133 559 1205 586 uon
1227 547 1283 583 fa-

158 605 233 644 cile
261 606 365 644 credi
394 604 558 652 debent,
601 604 673 641 nisi
715 601 898 653 gravibus
940 600 1150 638 innitantur
1184 601 1283 638 testi-

156 661 315 698 moniis.

212 713 251 758 4.
281 713 462 764 Idemque
482 710 616 763 potiori
638 707 723 760 jure
743 707 945 745 dicendum
965 706 1011 743 de
1031 705 1150 744 beatis
1169 706 1285 743 Com-

158 766 450 819 prehensoribus
473 795 484 812 ,
525 764 593 817 qui
624 770 843 814 potestatem
862 791 873 808 ,
915 773 993 812 qua
1038 760 1077 796 in
1107 758 1177 796 hac
1208 761 1285 797 vita

159 821 268 872 potiti
298 829 411 868 sunt,
441 831 515 856 non
545 817 719 855 videntur
747 815 916 852 amisisse
938 843 949 861 ,
980 812 1093 850 firmo
1122 814 1161 850 in
1192 813 1285 863 ipsis

158 882 380 911 remanente
409 872 593 923 Baptismi
611 900 621 917 ,
650 867 902 914 chrismatis,
932 875 996 904 aut
1026 866 1139 902 etiam
1171 865 1285 903 Ordi-

157 929 240 974 nis,
285 926 531 969 charactere3
573 923 752 974 quamvis
782 934 852 958 nec
882 920 955 972 ipsi
987 919 1173 956 ordinarii
1206 932 1285 956 esse

155 982 297 1032 possint
325 979 660 1017 sacramentorum
690 974 878 1014 ministri.
907 973 978 1012 His
997 972 1164 1012 breviter
1180 986 1284 1025 prae-

154 1035 288 1072 notatis
317 1034 362 1072 sit

528 1135 830 1177 PROPOSITlo
873 1135 904 1174 Ι.

304 1247 385 1287 Soli
414 1246 593 1285 homines
622 1248 792 1283 viatores
821 1251 912 1281 sunt
939 1240 1135 1280 ordinarii

430 1301 793 1339 Sacramentorum
823 1300 1021 1335 ministri.

208 1386 398 1454 5.Prob.
429 1421 474 1446 ex
504 1409 586 1459 ipsa
614 1407 747 1445 divina
763 1405 1098 1444 sacramentorum
1130 1401 1277 1440 institu-

153 1464 251 1501 tione
269 1492 279 1503 .
309 1463 410 1501 Nam
439 1461 609 1499 Christus
639 1460 855 1506 Dominus,
887 1471 962 1495 non
992 1455 1182 1508 Angelos,
1212 1464 1278 1494 aut

152 1516 280 1556 beatos
307 1515 396 1555 caeli
424 1516 562 1561 Cives,
604 1512 668 1550 sed
697 1511 871 1549 homines
901 1512 940 1548 in
977 1518 1075 1547 terra
1103 1509 1276 1560 degentes

151 1570 342 1609 allocutus
369 1576 449 1616 est,
492 1579 581 1605 cum
613 1564 754 1603 Matth.
776 1562 964 1601 XXVIII.
989 1575 1052 1613 ¹9·
1079 1562 1178 1599 dixit
1207 1576 1280 1600 un-

152 1625 277 1663 decim
309 1621 519 1675 Apostolis:
568 1617 723 1656 Euntes
753 1616 888 1654 docete
929 1628 1071 1652 omnes
1112 1623 1279 1664 gentes,

152 1676 402 1729 baptizantes
430 1688 496 1713 eos
526 1677 568 1711 in
596 1676 758 1710 nomine
788 1670 921 1707 Patris
939 1698 949 1716 ,
992 1668 1041 1708 ἐν
1072 1665 1187 1713 Filii,
1229 1667 1280 1706 Θ

152 1731 318 1782 Spiritus
347 1733 510 1772 sancti;
540 1727 572 1763 8(
602 1739 691 1764 cum
713 1725 771 1763 J0.
791 1722 886 1762 XX.
906 1735 970 1760 22.
999 1722 1136 1759 iisdem
1162 1721 1278 1758 dixit:

152 1787 329 1836 Accipite
358 1783 548 1833 Spiritum
577 1788 795 1818 sanctum:
839 1788 1005 1828 quorum
1048 1777 1281 1812 remiseritis

151 1848 351 1891 peccata,
380 1840 635 1874 remittuntur
664 1836 720 1871 eis
748 1832 834 1873 ὡς.
884 1830 1068 1880 Idemque
1107 1829 1283 1880 praestitit

153 1894 196 1932 iu
226 1892 459 1931 institutione
487 1887 740 1927 Eucharistiae
771 1886 888 1923 Lucae
919 1882 1048 1920 XXII.
1075 1895 1136 1933 19.
1181 1881 1283 1918 Hinc

153 1946 358 1999 Apostolus
378 1943 519 1982 Paulus
540 1941 643 1994 Eph.
664 1939 732 1978 IV.
754 1938 793 1977 8.
810 1937 843 1974 8(
860 1952 939 1989 seq.
968 1935 1163 1973 Christum
1182 1965 1192 1982 ,
1223 1936 1279 1972 in-

155 2001 261 2053 quit,
305 1998 568 2038 ascendentem
598 1997 638 2033 in
671 1993 814 2032 caelum
845 1992 991 2029 dedisse
1020 1989 1128 2026 <lona
1158 1987 1281 2026 homi-

154 2053 299 2099 nibus‚·
328 2060 455 2106 postea
483 2051 568 2089 haec
597 2049 694 2087 dona
724 2054 921 2085 enumerat
941 2045 1095 2082 dicens:
1124 2041 1180 2079 Et
1201 2046 1281 2093 ipse

155 2107 263 2146 dedit
289 2106 488 2157 quosdam
518 2102 676 2157 quidem
710 2101 940 2151 Apostolos,
983 2096 1180 2149 quosdam
1209 2111 1282 2134 au-

155 2171 239 2200 tem.
268 2160 517 2210 Prophetas,
560 2158 662 2196 alios
705 2168 793 2193 vero
822 2153 1137 2205 Evangetc'stas,
1180 2151 1282 2188 alios

156 2224 296 2254 autem
324 2214 541 2261 Pastores,
570 2212 620 2252 (θ’
649 2209 846 2248 Doctores
969 2210 1010 2243 in
1040 2218 1135 2254 opus
1166 2209 1283 2243 mini-

155 2273 267 2308 sterii
287 2269 375 2310 &a
415 2267 463 2306 Et
493 2267 534 2304 in
561 2266 692 2317 prima
722 2264 830 2316 epist.
861 2263 908 2300 ad
935 2261 1023 2298 Cor.
1045 2258 1113 2296 IV.
1141 2272 1175 2297 1.
1218 2258 1282 2296 Sic

157 2336 260 2372 nos,
290 2322 437 2375 inquit,
467 2323 670 2358 existimet
700 2315 838 2364 homo,
867 2324 908 2352 ut
939 2317 1141 2352 ministros
1174 2311 1283 2350 Chri-

158 2381 236 2427 sti,
265 2377 314 2418 <9¹
343 2375 638 2426 dispensatores
659 2366 953 2425 'mysteriorum
982 2367 1087 2407 Dei.
1129 2367 1186 2406 Ae
1215 2367 1282 2406 de-

162 2577 188 2597 „
215 2553 284 2593 tis,
311 2555 341 2584 &
367 2552 427 2584 tali
455 2562 598 2584 munere
624 2549 784 2584 sunctum
809 2562 881 2584 esse
898 2549 1001 2594 juxta
1023 2545 1283 2581 institutionem

164 2623 190 2643 >³
215 2599 345 2633 Christi
363 2611 373 2639 ς
402 2607 483 2630 tunc
503 2607 703 2642 cogeremur
723 2597 823 2629 fateri
839 2619 848 2636 ‚
876 2598 1099 2629 Sacramenta
1119 2593 1196 2628 ideo
1215 2606 1283 2627 non

166 2671 192 2689 2,
216 2658 290 2680 esse
316 2645 527 2684 inefficacia,
553 2642 610 2676 sed
628 2654 751 2675 verum
770 2643 1008 2687 baptismum,
1035 2653 1157 2675 verum
1182 2653 1283 2673 evan·

166 2716 192 2734 ,‚
219 2694 347 2737 gelimn
364 2713 374 2731 ‚
411 2702 530 2723 veram
556 2688 807 2724 ahsolutionem
825 2711 836 2729 ,
874 2701 997 2721 verum
1024 2689 1291 2721 Sacramentum

168 2762 193 2781 „
221 2738 401 2782 corporis,
427 2740 458 2769 &
484 2737 662 2781 sanguinis
688 2735 821 2768 Christi
848 2748 909 2768 nos
935 2735 1108 2779 accepisse
1125 2737 1168 2764 ’'.
1210 2734 1290 2767 Vah

163 2784 323 2832 putidam
350 2783 599 2829 hypothesim,
636 2786 668 2816 ὅ(
694 2782 850 2816 Lnthero
876 2781 1018 2826 dignam
1043 2780 1159 2814 fictitii
1185 2779 1290 2825 hujus

164 2844 265 2866 casus
291 2831 561 2864 resolutionem!
743 2830 749 2836 '

214 2885 261 2915 (a)
293 2877 467 2910 Lutherus
494 2878 528 2909 in
557 2876 663 2922 impio
689 2888 751 2910 suo
777 2875 885 2909 Libro
913 2877 957 2908 de
983 2875 1179 2918 abroganda
1197 2872 1292 2905 Mis·

168 2939 208 2959 sa
233 2925 352 2957 insane
379 2924 577 2967 gloriatur,
614 2936 650 2956 se
677 2926 819 2956 invictis
847 2924 1046 2966 Scripturis
1073 2919 1293 2953 demonstra-

167 2982 315 3011 turum,
352 2972 540 3013 legitimum
567 2971 678 3008 illud,
723 2974 764 3002 Θ·
790 2973 920 3002 unicum
949 2970 1039 3002 verbi
1064 2970 1292 3000 ministerium

167 3031 246 3052 esse
272 3029 439 3050 commune
465 3016 616 3048 omnibns
644 3016 885 3055 Christianis,
925 3019 1014 3048 sicut
1052 3018 1093 3046 Θ
1130 3014 1292 3046 sacerdo-

168 3069 269 3103 tium,
301 3070 341 3096 Θ
370 3066 459 3095 sacri
478 3066 600 3094 icium.
629 3062 763 3094 Similia
789 3060 888 3094 docet
915 3062 950 3094 in
978 3061 1055 3094 Lib.
1089 3058 1145 3092 De
1171 3060 1292 3100 Capti-

169 3115 272 3145 vitate
292 3110 510 3154 Balsrlom'ca
527 3131 537 3148 ,
562 3108 620 3141 nbi
640 3110 682 3140 (le
697 3108 827 3140 Ordine
843 3129 854 3147 ,
879 3117 954 3140 tum
975 3108 1008 3139 in
1024 3106 1126 3150 epist.
1147 3103 1189 3137 ad
1210 3105 1292 3136 Pra-

169 3169 316 3203 genses,
342 3156 490 3199 aliisque
518 3155 552 3186 in
569 3155 651 3187 locis
668 3176 677 3193 ,
705 3154 768 3186 hoc
796 3155 906 3186 solum
931 3164 1074 3186 monens
1100 3150 1204 3194 hujus
1232 3162 1291 3194 po-

169 3204 307 3239 testatis
334 3214 437 3236 usum
464 3201 504 3233 iis
532 3199 774 3233 tantummodo
807 3198 1063 3232 concedendum
1097 3209 1196 3236 esse,
1229 3196 1289 3239 qui

171 3263 370 3284 consensum
396 3251 644 3280 communitatis
671 3247 819 3285 habent,
855 3248 907 3278 vel
942 3248 1148 3278 vocationem
1174 3243 1291 3289 [Μῃο-

172 3303 249 3338 ris,
275 3309 316 3329 ne
341 3295 475 3328 scilicet
501 3295 619 3337 aliqua
648 3294 681 3325 in
703 3293 858 3326 Ecclesia
875 3292 1010 3325 oriatur
1029 3289 1208 3324 confusio.
1239 3293 1291 3322 ln-

168 3355 225 3380 ter
250 3343 415 3378 articulos
441 3339 587 3375 Lutheri
615 3353 636 3374 a
660 3340 772 3375 Leone
801 3340 847 3373 X·
875 3337 1055 3373 damnatos
1092 3337 1148 3372 hic
1185 3336 1292 3373 etiam

1349 90 1403 134 ΙΙ.
1437 90 1566 134 CAP.
1588 90 1621 133 I.

1359 172 1477 224 nique
1507 171 1553 209 ad
1585 169 1705 209 Hebr.
1737 169 1786 208 V.
1817 183 1850 208 1.
1896 169 2040 208 Omnis
2083 180 2259 218 namque
2292 169 2478 223 Pontifex

1356 238 1409 262 ex
1438 223 1656 262 hominibus
1685 232 1913 276 assumptus
1942 236 2011 275 pro
2040 221 2257 259 hominibus
2277 230 2477 264 constitui-

1354 288 1418 315 tur
1445 282 1485 316 in
1515 282 1589 326 iis,
1631 291 1721 328 quae
1749 288 1838 315 sunt
1867 276 1922 315 ad
1951 276 2110 324 Deum,
2155 286 2195 313 ut
2231 273 2378 325 offerat
2409 278 2476 316 tlo—

1353 345 1410 369 na
1428 362 1437 380 ,
1467 332 1516 372 Εἴ)
1545 331 1752 383 sacrificia
1779 345 1849 381 pro
1875 340 2052 381 peccatis
2069 357 2080 367 .
2111 329 2158 367 Et
2179 344 2414 382 quamquam
2441 334 2478 371 iu

1354 385 1438 432 his,
1481 384 1645 435 aliisque
1674 384 1868 422 similibus
1901 384 1994 422 locis
2036 383 2142 421 nulla
2172 394 2333 436 ponatur
2365 387 2480 435 parti-

1351 438 1440 475 cula
1482 437 1677 475 exclusiva
1707 437 1967 488 Angelorum,
2010 446 2074 474 aut
2111 438 2318 475 caelestium
2348 438 2480 475 Beato-

1351 504 1437 528 rum
1456 520 1466 537 ,
1498 491 1566 527 hoc
1588 492 1668 541 ipso
1690 499 1815 528 tamen
1833 520 1843 538 ,
1873 491 1972 542 qnod
1995 489 2193 528 hominum
2216 492 2479 530 tantummodo

1349 545 1539 582 viatorum
1563 544 1704 579 mentio
1724 542 1794 589 fit,
1826 544 2070 581 manifestum
2090 555 2164 593 est,
2194 545 2259 582 hos
2288 544 2381 583 solos
2402 558 2478 584 esse

1351 598 1558 634 ordinarios
1587 595 1920 633 Sacramentorum
1951 599 2166 637 ministros.

1407 650 1446 688 6.
1477 649 1587 687 Hanc
1608 648 1811 687 hominum
1833 647 2079 687 excellentem
2105 652 2397 703 praerogativam
2429 652 2479 691 ita

1352 703 1396 741 S.
1424 703 1484 741 J0.
1513 703 1803 755 Chrysostomus
1832 712 1985 739 exornat
2014 703 2052 739 iu
2082 703 2171 741 Lib.
2203 705 2270 743 III.
2308 705 2372 743 De
2401 705 2478 743 Sd.-

1354 756 1526 795 cerdotio
1556 771 1641 808 cap.
1665 757 1700 794 5.
1732 756 1930 807 inquiens:
1976 754 2054 805 Qui
2086 764 2239 794 terram
2272 760 2446 797 incolunt
2466 788 2477 807 ,

1353 815 1395 848 in
1423 823 1549 862 eaque
1577 817 1883 847 commorantur
1903 839 1914 857 ‚
1957 807 2012 846 all
2039 821 2091 846 ea.
2108 839 2119 856 ,
2161 822 2251 859 quae
2295 816 2335 848 ι”ι
2364 814 2476 850 caelis

1353 873 1468 912 sunt,
1498 863 1772 913 dispensanda
1801 866 2004 900 commissi
2023 871 2135 911 sunt,
2163 872 2480 915 potestatemque

1352 927 1593 969 acceperunt
1609 947 1620 966 ,
1650 930 1774 967 (suam
1793 929 1920 967 neque
1937 917 2121 968 Angelis,
2151 930 2276 968 neque
2297 917 2480 955 Archan-

1351 971 1450 1024 gelis
1486 970 1590 1009 <ledit
1619 970 1730 1009 Deus
1759 970 1876 1010 (ὥσ..-
1921 971 2020 1008 unde
2055 970 2384 1022 eloquentissimus
2413 973 2480 1009 iste

1352 1025 1462 1063 Pater
1489 1034 1630 1077 quanta
1659 1027 1732 1073 sit,
1762 1023 1796 1060 8<
1825 1038 1943 1075 quam
1966 1024 2197 1064 venerahilis
2217 1026 2482 1064 ministrorum

1351 1078 1493 1117 Christi
1524 1079 1682 1130 dignitas
1700 1109 1710 1128 ,
1740 1079 1876 1116 merito
1903 1077 2124 1116 concludit.

1729 1183 2033 1224 PROPOSITIO
2061 1184 2112 1223 Il.

1397 1291 1492 1332 ,Non
1521 1290 1675 1345 quillbet
1705 1290 1822 1330 lzomo
1851 1296 2002 1340 viator,
2033 1295 2160 1330 etiam
2189 1291 2438 1345 baptizatus,

1461 1357 1520 1386 est
1548 1346 1775 1385 ordinarius
1806 1351 1987 1383 omnium
2007 1345 2372 1385 sacramentorum

1757 1404 1939 1439 minister
1969 1399 2056 1451 (a).

1401 1523 1438 1560 7.
1455 1486 1579 1552 Haec
1610 1508 1814 1562 propositio
1843 1508 2005 1559 pertinet
2031 1506 2079 1545 ad
2108 1505 2244 1545 fidem:
2274 1520 2363 1544 nam
2380 1507 2479 1545 Con-

1346 1562 1484 1600 cilium
1506 1563 1778 1600 Tridentinum
1799 1560 1897 1598 Sess.
1920 1561 2007 1598 Vll.
2027 1575 2113 1612 cap.
2137 1574 2198 1598 ιο.
2220 1559 2268 1597 (le
2288 1560 2481 1599 Sacram.

1348 1618 1390 1651 in
1417 1629 1510 1666 gen.
1539 1616 1593 1652 ita
1619 1615 1823 1653 definivit:
1853 1613 1895 1651 St
1923 1617 2007 1664 quis
2028 1613 2196 1662 dixerit,
2229 1613 2475 1651 Christianos

1348 1680 1490 1704 omnes
1519 1671 1560 1704 in
1591 1667 1728 1713 verbo,
1757 1668 1806 1707 (9⁶
1835 1671 1877 1704 in
1896 1666 2077 1704 omnibus
2097 1667 2378 1705 Sacramentis
2407 1666 2479 1705 aci-

1349 1719 1627 1758 ministrandis
1657 1718 1802 1757 habere
1829 1729 2068 1770 potestatem
2086 1750 2096 1767 ,
2127 1719 2352 1757 anathema
2373 1724 2421 1757 sit
2440 1747 2450 1759 .

1404 1773 1444 1812 8.
1474 1773 1590 1811 Proh.
1615 1783 1746 1812 autem
1789 1785 1835 1811 ex
1877 1773 1969 1810 locis
1998 1773 2106 1810 Sacr.
2137 1772 2327 1824 Scriptur.
2364 1787 2480 1824 supra

1348 1841 1390 1866 n.
1423 1828 1460 1865 5.
1491 1827 1642 1874 allatis,
1686 1826 1829 1879 quibus
1857 1826 1935 1863 alia
1963 1827 2054 1864 addi
2085 1836 2261 1878 possunt3
2311 1834 2352 1864 ut
2382 1826 2481 1866 illud

1355 1895 1392 1919 1.
1421 1880 1595 1919 Corinth.
1624 1881 1716 1919 XII.
1748 1879 1814 1918 28.
1851 1878 1907 1917 Et
1935 1880 2134 1931 quosdam
2168 1880 2324 1931 quidem
2353 1883 2480 1930 posuit

1352 1934 1464 1972 Deus
1488 1938 1528 1971 in
1545 1933 1748 1983 Ecclesia,
1768 1937 1942 1984 primum
1959 1934 2162 1984 Apostolos
2177 1935 2264 1974 (9¹0.
2348 1932 2481 1971 qum-

1348 1988 1441 2039 quid
1469 2001 1610 2025 omnes
1640 1986 1858 2038 Apostoli?
1887 1987 2078 2038 numquid
2105 2000 2248 2025 omnes
2269 1986 2480 2039 Proplzeloe

1343 2043 1436 2082 (9¹0.
1474 2041 1662 2079 Praeterea
1691 2040 1789 2079 illud
1819 2039 1990 2092 ejusdem
2021 2040 2128 2078 Pauli
2159 2042 2204 2078 ad
2234 2041 2354 2079 Hebr.
2372 2041 2421 2079 V.
2440 2041 2480 2087 4.

1350 2093 1438 2134 Nec
1469 2101 1679 2147 quisquam
1709 2098 1827 2132 sumit
1847 2094 1917 2131 sibi
1938 2093 2128 2132 honorem
2150 2098 2165 2145 (
2183 2093 2478 2144 pontificatus),

1350 2149 1420 2188 sezl
1448 2154 1513 2201 qui
1542 2158 1702 2187 vocatur
1731 2162 1759 2186 a.
1789 2147 1905 2195 Deo,
1940 2157 2138 2199 tanquam
2169 2149 2334 2193 Aaron,·
2363 2163 2479 2201 quem

1349 2203 1494 2243 scilicet
1524 2202 1679 2256 Moyses
1709 2202 1814 2253 jussu
1846 2202 1920 2239 Dei
1950 2216 2024 2240 una
2066 2216 2155 2240 cuin
2193 2202 2286 2240 filiis
2317 2204 2392 2239 suis
2421 2217 2480 2240 as-

1349 2259 1538 2311 sumpsit,
1579 2267 1618 2295 ut
1647 2256 1858 2294 sacerdotio
1887 2256 2106 2307 fungeretur
2136 2255 2260 2294 Exodi
2290 2256 2481 2294 XXV111.

1350 2311 1433 2350 Post
1463 2321 1590 2349 autem
1619 2310 1705 2348 haec
1734 2309 1796 2346 lex
1825 2311 1865 2348 in
1896 2308 2039 2361 populo
2067 2309 2140 2347 Dei
2179 2309 2353 2361 religiose
2383 2323 2480 2347 sem-

1349 2379 1420 2419 per
1447 2370 1595 2406 servata
1622 2364 1724 2412 fuit,
1755 2371 1796 2401 ut
1824 2365 1979 2403 nonnisi
2008 2363 2055 2403 ad
2075 2363 2295 2403 Sacerdotes
2323 2364 2369 2401 de
2396 2364 2480 2401 stir-

2380 2431 2428 2468 pe

1354 2553 1431 2579 est:
1459 2544 1527 2579 Ubi
1554 2557 1617 2577 non
1645 2551 1699 2578 est
1725 2543 1914 2582 sacerdos,
1949 2553 2035 2585 aeque
2058 2549 2174 2584 potest
2199 2542 2345 2585 quilibet
2373 2541 2477 2575 Chri-

1354 2597 1487 2626 stianus
1515 2593 1735 2625 Sacramenta
1760 2591 2033 2628 administrare,
2072 2591 2212 2620 etiamsi
2239 2590 2382 2628 mulier,
2422 2597 2479 2623 aut

1351 2653 1433 2683 puer
1458 2648 1554 2672 esset
1572 2662 1580 2670 .
1624 2636 1790 2672 Hodierni
1815 2648 1900 2670 vero
1927 2634 2118 2668 Lutherani
2134 2656 2145 2675 ,
2176 2636 2338 2679 quamvis
2365 2637 2481 2669 omni-

1360 2687 1426 2720 bus
1452 2685 1654 2719 christianis
1679 2687 1839 2728 privatim
1864 2681 2035 2720 docendi,
2059 2679 2267 2721 erudiendi,
2292 2682 2482 2726 reprehen-

1360 2731 1463 2766 dendi
1493 2736 1555 2765 δίε.
1583 2740 1790 2776 potestatem
1815 2727 2006 2762 concedant
2040 2731 2070 2761 υἱ
2097 2731 2293 2771 spiritualis
2319 2732 2483 2763 sacerdo·

1359 2783 1431 2820 tii,
1466 2788 1505 2812 ut
1543 2779 1701 2822 quuitur
1726 2778 1783 2809 J0.
1810 2777 1934 2809 Franc.
1962 2773 2119 2807 Buddeus
2156 2775 2190 2808 in
2219 2775 2334 2808 Instit-
2361 2776 2480 2811 leeol.

1356 2825 1441 2859 Lib.
1460 2826 1503 2858 V.
1531 2835 1605 2868 cap.
1618 2824 1651 2865 4.
1670 2826 1702 2865 §.
1720 2822 1772 2864 14-
1790 2844 1800 2862 ,
1825 2823 1947 2854 volunt
1966 2830 2083 2855 tamen
2099 2843 2109 2861 ‚
2135 2820 2169 2854 id
2195 2823 2310 2867 palam
2336 2833 2480 2868 praesta-

1358 2872 1391 2904 ri
1417 2883 1485 2904 non
1511 2881 1634 2914 posse,
1661 2869 1728 2902 nisi
1755 2881 1772 2900 a
1798 2869 1971 2901 ministris
1996 2867 2038 2901 ad
2065 2868 2097 2901 id
2123 2867 2322 2914 deputatis.
2350 2869 2482 2903 Simili-

1359 2926 1414 2951 ter
1438 2917 1601 2950 omnihus
1626 2913 1821 2949 concedunt
1848 2915 2051 2948 facultatem
2087 2912 2311 2948 ministrandi
2344 2916 2479 2960 baptis-

1359 2975 1457 2996 mum
1484 2964 1518 2995 in
1545 2975 1626 2995 casu
1653 2965 1904 3003 necessitatis,
1930 2974 1998 2995 non
2024 2970 2140 2995 tamen
2158 2964 2361 3000 ordinarie;
2386 2960 2477 2993 mul-

1359 3018 1463 3054 toque
1488 3010 1599 3054 magis
1624 3008 1753 3042 docent
1781 3009 1884 3042 certis
1910 3012 2070 3053 personis
2103 3010 2284 3054 alligatam
2316 3018 2387 3040 esse
2414 3017 2478 3049 po-

1358 3064 1522 3089 testatem
1547 3055 1748 3089 conficiendi
1773 3067 1910 3089 sacram
1931 3068 2090 3097 coenam,
2117 3059 2300 3101 &peccata
2326 3052 2479 3084 retinen-

1359 3101 1416 3142 di,
1446 3111 1506 3135 ant
1531 3101 1685 3136 solvendi
1707 3126 1715 3134 .
1745 3104 1854 3136 Immo
1881 3104 1914 3135 in
1942 3104 2013 3147 ipsa
2033 3104 2253 3136 Confessione
2273 3100 2477 3142 Augustana

1360 3158 1427 3181 art.
1447 3149 1500 3191 14.
1527 3159 1695 3189 cavetur,
1722 3161 1762 3181 ne
1790 3150 1915 3194 aliquis
1943 3149 2067 3183 audeat
2085 3151 2304 3182 Sacramenta
2329 3147 2478 3177 admini-

1361 3204 1473 3229 strare
1489 3217 1499 3235 ‚
1524 3200 1594 3229 nisi
1615 3200 1681 3228 rite
1701 3204 1837 3229 vocatus
1852 3219 1860 3228 .
1889 3195 1954 3228 Sed
1982 3198 2016 3229 in
2041 3208 2081 3229 eo
2105 3193 2326 3226 vehementer
2345 3202 2477 3231 errant,

1358 3241 1452 3286 quod
1477 3242 1566 3276 hauc
1592 3252 1799 3287 potestatem
1826 3256 1843 3276 a
1871 3243 2029 3287 legitimo
2056 3242 2148 3274 fonte
2185 3250 2251 3270 non
2288 3247 2477 3283 repetunt5

1358 3290 1420 3332 qui
1447 3289 1599 3333 ipsorum
1625 3302 1722 3325 error
1747 3291 1901 3336 amplam
1926 3289 2024 3324 nobis
2048 3283 2186 3321 dicendi
2212 3286 2395 3320 materiam
2417 3284 2478 3319 ali-

1358 3335 1396 3369 bi
1423 3335 1680 3381 suppeditabit.
