2605 3624
841 116 921 162 DE
957 114 1264 160 BAP‘rISMo
1298 114 1585 159 JOANNIS.

54 209 89 248 ἃ
120 207 276 247 joannis
296 236 307 255 ,
355 211 396 242 ut
423 208 501 256 post
527 199 736 239 Calvinum
774 196 895 248 aliqui
930 195 1176 234 Protesnm‘es

55 265 197 302 frustra
225 258 427 300 commenti
456 263 539 293 sunt
560 284 572 302 ,
619 253 683 292 sed
711 252 825 289 etiam
857 253 951 288 inter
994 252 1074 302 ipsa
1100 250 1178 287 duo

56 317 287 369 baptismata
305 340 319 361 ,
346 321 511 364 quorum
541 307 702 345 alterurn
730 311 811 342 erat
841 306 880 342 in
910 318 1035 358 aqua,
1065 304 1178 341 Chri·

53 372 98 409 sti
128 381 216 408 vero
243 369 284 404 in
312 377 412 416 aqua
430 390 442 408 ‚
469 361 503 398 ἃ
531 361 680 412 Spiritu
708 368 861 397 sancto.

107 421 173 468 46.
203 418 286 457 Hoc
312 418 440 470 ipsum
479 415 687 453 discrimen
728 412 932 451 confirmat
959 411 1001 449 S.
1033 410 1177 449 Thom.

53 475 125 515 tue
153 471 277 512 theolo
303 471 363 510 ica
391 470 538 508 ratione
559 469 597 508 3.
614 467 654 507 Ρ.
683 475 821 520 quaest.
845 465 909 504 53,
931 475 1000 503 art.
1023 464 1061 503 5.
1081 496 1090 513 ,
1120 466 1179 502 in-

50 528 205 583 quiens:
226 554 254 574 „
273 484 371 563 &ota
398 523 569 561 doctriua
587 553 598 571 ,
635 521 670 558 ἃ
698 522 868 573 operatio
894 520 1049 557 Joannis
1079 532 1178 570 prat-

56 610 84 632 „
113 580 284 633 parativa
311 586 392 616 erat
406 576 663 615 ad-Christtnn
681 606 690 623 ‚
719 577 817 614 sicut
846 574 1036 621 ministri,
1068 572 1100 607 ἃ
1123 573 1179 610 in-

50 663 81 686 „
110 632 258 673 ferioris
284 631 447 670 artificis
473 639 527 669 est
555 642 774 683 praeparare
805 629 1004 666 materiam
1034 627 1080 664 ad
1104 626 1180 664 for·

48 716 78 739 ‚‚
108 700 239 736 mam,
284 698 407 739 quam
436 684 584 722 inducit
612 682 839 736 principalis
869 682 1004 719 artifex
1023 707 1034 718 .
1079 680 1179 717 Gra-

51 769 79 791 „
109 742 161 780 tia
190 749 318 779 autem
347 738 578 777 conterenda
607 746 684 775 erat
720 734 943 774 hominibus
971 746 1039 786 per
1067 733 1179 771 Chri-

50 823 80 844 „
109 805 236 842 stum,
277 793 490 832 secundum
532 791 629 830 illud
657 790 716 828 Jo.
744 789 774 827 l.
809 802 870 839 ¹7·
903 786 1053 825 Gratia.
1075 817 1085 834 ,
1129 787 1180 827 Θ

48 877 80 898 ‚,
110 852 256 887 ceritas
285 859 354 899 per
367 845 505 885 Jesum
528 843 723 882 Christum
740 840 871 895 facta
900 850 985 879 est.
1016 840 1063 878 Et
1093 841 1180 878 ideo

108 902 322 955 baptismus
352 900 511 938 Joannis
537 899 700 950 gratiam
731 909 803 934 non
832 894 1055 934 conferebat
1074 925 1085 943 ,
1114 895 1180 932 sed

51 984 78 1004 „
109 955 231 994 solum
261 954 307 993 ad
336 954 499 1006 gratiam
543 949 788 1004 praeparabat
828 947 1056 1000 tripliciter:
1102 961 1182 985 uno

48 1038 77 1058 .„
107 1009 263 1061 quidem
304 1006 417 1045 modo
445 1018 512 1057 per
527 1005 737 1042 doctrinam
753 1003 911 1041 Joannis
941 1003 1183 1040 inducentem

52 1091 80 1113 „
108 1061 278 1100 homines
291 1060 340 1098 ad
368 1059 486 1098 fidem
499 1057 668 1096 Christi:
697 1057 778 1094 alio
794 1056 906 1094 modo
926 1057 1180 1094 assuefacien-

51 1143 81 1165 „
110 1113 159 1153 do
186 1114 363 1153 'homines
398 1113 446 1151 ad
488 1113 608 1150 ritum
641 1111 823 1163 baptismi
850 1109 1018 1148 Christi:
1066 1114 1181 1147 tertio

49 1196 78 1218 „
107 1168 221 1206 modo
255 1179 327 1222 per
365 1166 666 1220 paenitentiam,
712 1163 969 1216 praeparando
1008 1163 1182 1202 homines

50 1250 80 1271 ,‚
109 1222 157 1263 ad
182 1220 471 1274 suscipiendum
501 1217 679 1258 effectmn
709 1217 892 1270 baptismi
920 1216 1062 1256 Christi
1080 1218 1100 1233 '’
1123 1243 1135 1255 .

106 1274 173 1327 47.
203 1274 314 1314 Prob.
343 1272 518 1313 secundo
547 1281 673 1312 nostra
700 1272 910 1324 propositio
936 1285 983 1309 ex
1005 1285 1048 1310 eo
1077 1270 1181 1323 quod

47 1327 173 1380 aliqui
202 1328 382 1382 baptizati
411 1342 433 1366 a
452 1327 595 1366 Joanne
623 1325 751 1364 denuo
779 1325 922 1363 fuerint
951 1325 1000 1364 ab
1024 1325 1181 1376 Aposto-

51 1380 100 1419 lis
114 1381 253 1422 Christi
273 1381 464 1435 baptismo
476 1381 619 1432 expiati
638 1406 649 1418 .
677 1380 731 1418 Ut
760 1380 865 1417 enim
896 1389 1074 1417 narratur
1097 1381 1180 1416 Act.

54 1433 195 1485 xlx„
225 1449 315 1474 cum
344 1433 487 1474 Paulus
514 1435 716 1474 invenisset
745 1433 931 1485 quosdam
963 1431 1148 1485 Ephesios
1170 1462 1181 1481 ,

53 1502 77 1526 a
105 1489 250 1527 Joanne
276 1489 503 1542 baptizatos,
530 1487 610 1526 illis
639 1489 691 1526 ita
719 1486 868 1525 locutus
897 1495 974 1524 est:
1003 1486 1183 1524 loannes

52 1540 264 1592 baptizarit
293 1541 490 1594 baptismo
517 1545 761 1594 poenitentioe
775 1540 960 1592 populum
978 1570 988 1590 ,
1020 1539 1182 1578 dicens:

52 1593 102 1633 1η
131 1609 249 1646 eum,
286 1601 352 1649 qui
374 1605 566 1636 venturus
590 1605 696 1634 esset
725 1605 810 1645 post
840 1597 998 1644 ipsum,
1027 1603 1068 1631 ut
1097 1605 1183 1631 cre·

55 1647 221 1699 cierent,
251 1649 321 1689 hoc
350 1661 409 1688 est
435 1654 478 1687 in
507 1649 671 1687 Jesum.
711 1647 788 1686 His
817 1646 964 1685 auditis
996 1645 1182 1694 baptizati

54 1713 146 1741 nunt
175 1707 216 1741 in
244 1707 408 1741 nomine
438 1702 605 1740 Domini
624 1701 739 1740 Jesu.
770 1699 825 1737 Et
852 1712 946 1736 cum
976 1703 1182 1750 imposuis-

55 1765 114 1794 set
143 1756 219 1794 illis
247 1769 395 1794 manus
416 1754 564 1793 Paulus
581 1785 591 1803 ,
620 1758 722 1792 venit
738 1754 907 1804 Spiritus
935 1762 1098 1791 sanctus
1118 1765 1184 1790 su-

57 1821 129 1858 per
157 1821 224 1847 eos
252 1809 340 1849 Ε’ἳτ.
379 1809 491 1853 Hunc
523 1809 660 1847 locum'
678 1809 932 1846 decretorium
964 1806 1074 1859 plane
1103 1820 1181 1844 esse

54 1863 203 1914 putavit
237 1863 466 1914 Augustinus
494 1862 584 1901 Lib.
602 1861 652 1898 V.
684 1859 746 1898 De
777 1861 895 1912 Bapt.
923 1869 1066 1898 contra
1097 1859 1181 1897 Do-

54 1918 230 1954 natistas
258 1929 345 1967 cap.
369 1929 432 1954 10.
463 1917 662 1967 inquiens:
709 1914 752 1952 Si
781 1914 980 1966 baptismo
1009 1913 1180 1951 Joarmis

53 1977 225 2020 peccata
270 1966 594 2017 dimittebantur,
635 1966 728 2018 quid
770 1968 944 2017 amplius
983 1976 1182 2016 proestare

53 2025 176 2073 potuit
202 2021 422 2074 baptismus
444 2020 585 2059 Christi
606 2024 663 2059 eis
678 2051 689 2069 ,
719 2033 816 2071 quos
836 2021 1043 2071 Apostolus
1074 2019 1182 2058 Pau-

57 2075 119 2113 tus
145 2083 231 2126 post
258 2075 501 2126 baptismum
527 2072 701 2113 Joannis
724 2073 867 2112 Clu-isti
896 2073 1092 2124 baptismo
1121 2087 1184 2113 ro-

54 2127 127 2168 ΓῙῑιῐε
157 2127 389 2180 baptizari?
416 2127 605 2167 Praeterea
620 2141 710 2166 cum
731 2126 816 2166 Act.
837 2128 889 2166 ΙΙ.
909 2128 976 2174 41.
1005 2128 1156 2166 dicatur
1171 2158 1182 2176 ,

56 2181 102 2221 S.
131 2181 239 2221 Petro
266 2183 499 2236 praedicante
536 2182 746 2235 baptizatos
789 2182 903 2221 fuisse
934 2181 1106 2220 homines
1135 2182 1182 2220 ad

55 2236 130 2274 tria
156 2235 310 2284 millia,
351 2235 387 2273 ’ἃ
417 2245 543 2288 postea
571 2237 620 2274 ad
661 2236 835 2288 quinque
870 2235 1025 2283 millia,
1067 2234 1183 2274 facile

56 2288 224 2328 creditus
253 2299 305 2327 est
333 2289 450 2328 fuisse
490 2291 588 2328 inter
618 2302 678 2327 eos
708 2288 910 2342 plerosque
946 2289 1026 2341 jam
1054 2288 1184 2341 bapti-

55 2350 155 2381 :atos
194 2357 217 2380 a
244 2343 418 2391 Joanne,
455 2343 504 2381 ad
531 2342 642 2392 cujus
683 2342 919 2396 baptismum
963 2343 1087 2380 omnis
1117 2356 1185 2394 pe-

56 2408 109 2435 ne
126 2395 262 2435 Judaea
290 2396 569 2446 concurrebat,
598 2396 752 2435 testibus
767 2396 1023 2450 Evangelistis
1041 2427 1052 2445 ,
1083 2395 1186 2435 Mat·

56 2448 161 2488 thaeo
180 2479 192 2499 ‚
221 2448 377 2500 Marco,
407 2450 441 2488 8t
461 2450 598 2501 Luca,
624 2451 726 2489 unde
752 2450 789 2488 δι
818 2450 879 2490 illi
908 2451 1031 2489 denuo
1058 2449 1187 2503 bapti·

53 2505 129 2543 zati
158 2512 272 2543 eunt.

112 2556 179 2604 48.
209 2557 364 2598 Accedit
391 2557 557 2611 denique
584 2566 804 2598 sanctorum
831 2556 990 2597 Patrum
1020 2558 1187 2596 auctori·

55 2617 142 2659 tas,
182 2624 347 2664 quorum
377 2614 528 2652 nonnisi
564 2627 688 2665 pauca
717 2612 974 2665 allegabimus
1021 2614 1187 2649 testimo-

59 2663 150 2711 nia,
178 2676 269 2703 cum
298 2664 357 2703 vel
387 2666 459 2718 ipsi
483 2665 724 2704 Protestantes
754 2667 877 2704 nimia
905 2666 1075 2704 veritatis
1107 2666 1185 2703 „vi-

60 2715 192 2755 dentia
219 2720 339 2756 coacti
369 2719 441 2756 sint
469 2719 609 2767 fateri,
635 2719 786 2758 eosdem
811 2719 891 2758 sibi
914 2728 1044 2771 aperte
1071 2733 1186 2770 repu-

63 2781 206 2822 gnare.
233 2770 417 2823 Origenes
434 2771 550 2812 Tom.
570 2772 640 2812 IV.
668 2773 710 2811 in
739 2773 850 2812 Joan.
879 2787 989 2811 num.
1011 2786 1073 2825 ¹7·
1102 2771 1187 2811 No-

65 2820 264 2872 tandum,
305 2825 458 2877 inquit,
499 2825 602 2878 quod
635 2825 805 2866 Ioannis
847 2825 1067 2879 baptismus
1095 2826 1189 2865 Jesu

66 2873 264 2925 baptismo
290 2877 455 2928 inferior
477 2890 571 2918 erat
587 2906 598 2918 .
632 2880 710 2931 Qui
737 2894 832 2935 ergo
853 2884 895 2919 in
925 2881 1035 2919 Actis
1063 2879 1190 2934 bapti-

51 930 80 951 Ἃ

65 2932 147 2966 zati
176 2938 294 2966 erant
322 2933 363 2966 in
390 2929 558 2970 Ioannis
585 2932 782 2983 baptismo
802 2961 874 2974 .....
896 2933 1026 2973 ‹lenuo
1055 2933 1106 2972 ab
1134 2935 1192 2972 A·

64 2982 216 3034 postulo
242 2981 574 3035 baptizabantur,
614 2991 710 3038 quia
752 2992 1003 3042 regeneratio
1030 3001 1114 3027 non
1142 3001 1189 3027 a·

71 3182 75 3185 ·
116 3176 167 3211 (α)
197 3171 278 3206 Sine
307 3171 486 3206 stomacho
509 3172 578 3216 legi
603 3184 670 3206 non
694 3181 840 3218 possunt
859 3194 870 3214 ,
900 3186 977 3219 quae
1002 3174 1188 3221 impuden-

73 3215 228 3253 tissimus
253 3218 421 3253 Calvinus
445 3220 520 3253 Lib.
540 3219 598 3251 lV.
625 3218 778 3252 Institut-
804 3230 880 3264 cap.
908 3222 961 3253 15.
988 3224 1019 3264 ς.
1048 3234 1080 3265 7.
1107 3223 1189 3254 scri-

71 3260 155 3296 bere
191 3277 294 3300 ausus
330 3265 426 3298 fuit:
466 3267 644 3299 lVeminem
677 3265 849 3309 perturbet
869 3285 882 3305 ,
916 3266 1059 3310 inquit,
1101 3268 1189 3311 quod

71 3309 217 3343 alterum
241 3317 255 3352 (
277 3312 454 3357 baptisma
479 3318 492 3352 )
516 3314 557 3346 ab
580 3315 690 3346 altero
714 3313 915 3345 discernere
952 3320 1081 3345 veteres
1107 3325 1188 3346 con-

68 3355 238 3398 tendant,
259 3370 394 3402 querum
417 3372 485 3398 non
509 3367 623 3396 tantus
648 3372 726 3395 esse
753 3359 852 3394 nobis
877 3358 980 3393 debet
1003 3360 1156 3394 calculus
1173 3378 1187 3400 ‚

2233 121 2314 171 145

1242 194 1322 286 prul
1335 193 1537 255 loannem
1559 224 1570 243 ,
1600 193 1670 231 seit
1692 193 1796 245 apud
1816 195 1951 236 ,Iesum
1981 209 2051 250 per
2072 198 2369 254 Ap0›·colosfie·

1269 259 1311 286 at
1339 256 1428 288 ΘΟ.

1299 302 1366 353 49.
1395 302 1436 339 S.
1466 300 1526 339 Jo,
1555 299 1832 337 Chrisostomus
1863 301 1976 340 Hom.
2000 305 2049 342 Χ.
2082 307 2119 343 iu
2154 304 2292 344 N'latth.
2321 307 2369 345 de

1246 355 1437 408 baptismo
1461 355 1618 392 Joannis
1650 355 1797 405 inquit:
1829 353 2117 394 [immissionem
2150 359 2216 397 lim„-
2247 360 2369 410 bapti-

1246 422 1341 448 sma
1369 422 1451 447 non
1479 406 1683 450 habebam
1731 406 1800 444 seii
1829 405 1899 444 lzoc
1931 422 2074 445 munim
2118 414 2218 449 illius
2247 413 2371 464 bapti-

1247 467 1393 502 smatis
1422 472 1538 510 erat,
1567 461 1670 512 quoi
1698 470 1837 511 postea
1870 460 2041 498 (J'irictus
2072 468 2233 502 instituit
2252 494 2261 503 .

1303 518 1368 556 50.
1400 516 1462 554 Ex.
1485 517 1616 554 latinis
1645 515 1908 552 Tertullianus
1953 517 1990 552 in
2024 517 2110 553 Lib.
2143 516 2204 553 De
2235 520 2368 566 Ιίηνῐ-

1247 584 1334 610 smo
1363 585 1448 622 cap.
1476 584 1535 607 ιο.
1567 568 1726 622 loquens
1761 569 1807 605 (le
1841 570 2032 619 lJaptismo
2059 569 2216 608 joannis
2238 602 2247 617 ,
2278 573 2370 610 ‹lcul-

1246 639 1344 663 num
1360 623 1518 676 quidem
1536 636 1627 662 eum
1645 621 1781 674 fuisse
1797 653 1807 671 ,
1837 623 1929 659 dicit
1947 653 1956 670 ,
1987 622 2184 668 maulaio
2204 633 2343 662 tamea
2362 658 2371 674 ‚

1247 691 1328 717 non
1357 687 1580 729 potestatc;
1609 675 1712 728 quod
1730 677 1780 717 Εἴ)
1800 674 2001 714 Ioannem
2022 690 2050 714 a
2073 677 2249 715 Domino
2280 693 2375 716 mis-

1246 746 1336 771 sum
1367 733 1536 784 legimus
1565 735 1606 768 in
1635 730 1706 768 lioc
1736 743 1907 777 munus,
1944 742 2123 770 ceterum
2151 730 2374 770 humanum.

1244 785 1504 831 conclitione;
1546 783 1643 823 nilzil
1671 788 1781 822 enim
1829 784 1986 823 caeleste
2014 784 2256 837 praestabat,
2304 786 2373 825 sed

1247 838 1469 879 caelestibus
1498 837 1870 889 praeministrabat.

1305 896 1369 932 51.
1399 894 1439 932 S.
1471 894 1730 945 Hieronymus
1773 894 1813 930 in
1845 892 1949 931 Dial.
1993 892 2079 932 adv.
2111 893 2378 933 Luciferi-snos

1252 947 1381 996 Auiti,
1412 949 1565 1000 inquit,
1594 945 1688 996 quid
1717 945 1933 996 Scriptura·
1962 944 2161 986 doceant.
2206 947 2378 986 „loannis

1252 1000 1452 1052 baptisma
1482 1014 1562 1039 non
1592 1010 1679 1038 tam
1717 1009 1888 1049 peccata
1926 999 2101 1049 (limisit,
2144 1015 2268 1052 quam
2298 1015 2377 1052 pte-

1247 1059 1431 1093 nitentiae
1461 1052 1663 1106 baptisma
1681 1052 1769 1104 fuit
1798 1057 1839 1091 in
1868 1058 2144 1092 remissionem
2163 1086 2173 1103 ,
2203 1054 2303 1093 idest
2331 1059 2376 1093 in

1236 1109 1432 1162 futuram
1461 1112 1739 1146 remissionem
1760 1138 1770 1154 ,
1801 1121 1890 1158 quae
1906 1118 2007 1145 esset
2035 1118 2175 1158 postea
2195 1120 2264 1159 per
2279 1122 2377 1147 sun-

1248 1163 1537 1215 ctificationem
1559 1161 1701 1199 Christi
1721 1159 1979 1198 subsecutura
2001 1188 2011 1199 .
2042 1161 2091 1199 Et
2120 1173 2203 1214 pust
2226 1163 2379 1216 aliqua:

1249 1216 1292 1255 Si
1325 1225 1461 1254 autem
1489 1213 1689 1262 Ioannes,
1731 1222 1773 1250 ut
1803 1214 2008 1265 consessus
2037 1225 2096 1253 est
2138 1220 2220 1265 ipse
2239 1246 2249 1264 ,
2295 1230 2379 1253 non

1250 1269 1459 1321 baptizavit
1488 1272 1529 1305 in
1557 1272 1722 1320 spiritu,
1753 1277 2042 1318 consequenter
2056 1282 2183 1319 neque
2211 1279 2383 1321 peccam

1251 1324 1429 1372 dimisit,
1459 1326 1553 1372 quia
1583 1323 1678 1360 nulli
1707 1321 1911 1359 hominum
1942 1326 2029 1360 sine
2061 1322 2208 1372 Spiritu
2238 1333 2383 1361 sancto

1246 1388 1419 1429 peccata
1435 1375 1685 1414 dimittuntur
1701 1402 1712 1414 .
1742 1376 1912 1414 Demum
1930 1374 2122 1415 concludit
2140 1407 2150 1424 ,
2179 1391 2269 1415 eum
2283 1407 2293 1425 ,
2314 1378 2383 1429 qui

1249 1436 1350 1471 servi
1379 1431 1575 1481 baptismo
1604 1431 1689 1481 plus
1711 1460 1720 1478 ,
1751 1443 1873 1480 quam
1906 1429 2037 1467 habuit
2055 1460 2065 1478 ,
2108 1430 2265 1478 tribuit,
2297 1430 2382 1468 Do-

1251 1489 1446 1524 minicum
1468 1488 1482 1535 (
1500 1485 1766 1536 baptismum)
1790 1483 2019 1528 destruere‚·
2049 1487 2110 1522 cui
2132 1484 2303 1534 amplius
2323 1487 2384 1522 ni·

1251 1539 1304 1577 hil
1332 1540 1593 1589 relinquitur.

1309 1593 1374 1630 52.
1405 1591 1586 1643 Denique
1615 1590 1655 1628 S.
1686 1589 1945 1639 Augustinus,
1993 1589 2106 1642 cujus
2148 1598 2293 1642 quanta
2335 1592 2384 1629 sit

1251 1647 1482 1692 auctoritas,
1524 1656 1640 1682 nemo
1670 1645 1847 1693 ignorat,
1888 1652 2031 1696 praeter
2060 1643 2178 1682 verba
2209 1646 2385 1696 superius

1251 1713 1358 1737 num.
1380 1698 1446 1749 47.
1478 1695 1594 1736 allata
1617 1727 1628 1745 ,
1671 1696 1758 1734 haec
1800 1696 1877 1735 alia
1908 1696 2022 1735 habet
2051 1699 2089 1736 in
2135 1698 2267 1737 eodem
2297 1697 2385 1737 loco

1250 1767 1337 1805 cap.
1359 1765 1422 1802 sp:
1454 1749 1684 1802 Baptizatos
1712 1764 1740 1788 a
1763 1748 1889 1788 Paulo
1916 1763 1984 1788 eos
2001 1782 2011 1798 ‚
2041 1755 2107 1802 qui
2131 1753 2226 1803 jam
2256 1752 2383 1800 bapti-

1250 1820 1338 1844 smo
1353 1806 1525 1843 Ioannis
1554 1803 1740 1855 baptizati
1758 1803 1963 1855 fuissent,
2001 1805 2170 1857 legimus
2199 1810 2240 1842 in
2272 1801 2405 1844 Actis'

1249 1860 1557 1909 Apostolorum,
1598 1871 1679 1895 non
1709 1855 1755 1895 ob
1798 1856 1936 1906 aliud,
1980 1862 2056 1895 nisi
2085 1862 2181 1910 quia
2208 1857 2380 1897 Ioannis

1250 1911 1469 1963 baptismus
1497 1925 1579 1950 nori
1597 1911 1685 1964 fuit
1718 1910 1860 1949 Christi·
1889 1910 2134 1962 baptismus,
2163 1910 2234 1950 sed
2262 1911 2388 1951 Joan-

1249 1970 1291 2004 ni
1320 1979 1348 2004 a
1380 1964 1534 2003 Christo
1562 1976 1813 2010 concessus;
1851 1969 1915 2016 qui
1943 1965 2113 2004 Ioannis
2141 1970 2295 2017 proprie
2324 1964 2384 2004 di-

1251 2028 1408 2059 ceretur
1429 2045 1470 2058 ...
1493 2019 1658 2070 Accepit
1692 2028 1834 2058 autem
1864 2018 1935 2057 lzoc
1963 2018 2144 2059 Ioannes
2173 2031 2296 2059 certoe
2325 2021 2386 2058 di-

1253 2077 1520 2122 spensationis
1533 2077 1687 2126 gratia,
1706 2086 1788 2111 non
1803 2072 1868 2111 diu
1890 2087 2144 2121 mansurum,
2165 2074 2235 2113 sed
2254 2086 2384 2128 quan·

1253 2136 1338 2167 tum
1366 2132 1467 2167 satis
1495 2136 1600 2166 esset
1626 2126 1684 2166 ad
1710 2125 1946 2179 parandam
1963 2132 2069 2166 riam
2088 2127 2284 2178 Domino,
2315 2141 2383 2167 cu·

1245 2183 1317 2236 jus
1346 2195 1438 2220 eum
1468 2195 1556 2220 esse
1583 2194 1875 2234 praecursorem
1903 2181 2110 2233 oportebat
2139 2184 2204 2233 (a)
2223 2208 2235 2220 .

1309 2236 1374 2275 55.
1406 2235 1546 2274 Merito
1581 2237 1701 2288 igitur
1737 2233 1864 2273 Patres
1894 2235 2113 2274 Tridentini
2157 2236 2256 2274 Sess.
2291 2234 2384 2274 VH.

1252 2286 1301 2328 de
1321 2288 1530 2338 Baptismo
1559 2303 1645 2328 can.
1668 2301 1701 2327 ι.
1732 2290 1782 2327 ita
1802 2288 2061 2327 definierunt:
2089 2288 2132 2326 Si
2161 2292 2245 2339 quis
2266 2287 2384 2325 ‹lite-

1253 2347 1326 2392 rit,
1374 2342 1617 2395 baptismum
1647 2341 1816 2380 Joannis
1853 2340 2037 2379 habuisse
2081 2340 2274 2380 eamdem
2302 2345 2383 2379 vim

1251 2409 1347 2435 *cum
1384 2394 1582 2447 baptismo
1614 2394 1757 2433 Cliristi
1779 2426 1788 2443 ‚
1837 2393 2065 2433 anatliema
2093 2399 2171 2434 sit.
2220 2395 2299 2434 Ubi
2329 2404 2386 2434 ta-

1253 2464 1344 2490 men
1372 2458 1504 2488 notant
1534 2449 1720 2487 cautiores
1741 2448 1956 2501 Theologi‚
1986 2462 2061 2487 non
2084 2449 2200 2487 fuisse
2229 2447 2300 2487 hoc
2324 2460 2388 2487 ca·

1254 2519 1355 2544 none
1384 2517 1556 2556 expresse
1585 2501 1813 2550 definitum,
1855 2516 1924 2554 per
1961 2501 2199 2555 baptismum
2228 2501 2388 2542 Joannis

1254 2571 1331 2596 non
1359 2560 1525 2610 potuisse
1555 2564 1710 2608 peccata
1739 2556 1859 2594 deleri
1880 2585 1891 2605 ,
1937 2555 2003 2594 sed
2033 2556 2157 2595 solum
2197 2555 2387 2608 majorem

1256 2624 1334 2650 esse
1361 2612 1444 2649 vim
1475 2610 1657 2662 baptismi
1687 2609 1856 2657 Christi,
1903 2623 2021 2662 quam
2053 2611 2166 2648 fuerit
2197 2609 2382 2661 baptismi

1252 2666 1439 2704 Joannis.
1489 2664 1544 2702 Ita
1586 2672 1740 2701 censent
1769 2662 1897 2702 Guill.
1936 2663 2062 2702 Estius
2107 2665 2144 2701 in
2177 2662 2244 2702 lV.
2275 2663 2387 2702 Sent-

1254 2718 1352 2757 Dist.
1373 2716 1476 2769 11.§.
1497 2716 1559 2766 4.,
1591 2715 1687 2756 Ren.
1703 2714 1815 2770 Hyac
1833 2716 2014 2756 Drouveu
2038 2716 2102 2755 De
2132 2729 2175 2755 re
2191 2716 2384 2755 Sacram.

1256 2771 1412 2811 Lib.ll.
1427 2784 1514 2823 cap.
1535 2767 1622 2822 μᾷ.
1644 2770 1683 2817 4.
1714 2770 1813 2809 Lud.
1839 2769 1985 2809 Habert
2003 2800 2014 2818 ,
2044 2771 2079 2808 8(
2108 2770 2204 2809 alii.
2235 2771 2385 2818 Quam·

1250 2826 1388 2865 obrem
1432 2838 1506 2863 non
1535 2833 1622 2863 sunt
1665 2834 1864 2876 tamquam
1906 2823 2080 2863 haeretici
2123 2824 2385 2863 condemnan-

1256 2880 1297 2918 di
1327 2880 1442 2932 pauci
1472 2878 1630 2931 quidam
1657 2887 1804 2917 veteres
1821 2909 1832 2927 ,
1861 2879 1931 2932 qui
1960 2892 2050 2917 cum
2072 2877 2180 2917 Petro
2200 2877 2388 2918 Lombar·

1257 2934 1306 2972 do
1334 2934 1507 2986 aliquam
1536 2931 1774 2985 justificandi
1802 2933 1885 2974 vim
1913 2932 2107 2986 baptismo
2134 2928 2294 2973 Joannis
2323 2933 2388 2971 tri-

1256 2986 1424 3027 buerunt
1440 3012 1452 3026 .
2264 3036 2315 3086 54

2319 3065 2330 3078 .

1253 3184 1290 3210 ut
1310 3176 1497 3223 Scripturae
1523 3178 1766 3212 certitudinem
1779 3175 1993 3223 qttalesaciat
2007 3200 2015 3210 .
2041 3175 2132 3223 Quis
2157 3180 2247 3210 enim
2263 3174 2384 3217 Clari*-

1256 3233 1402 3257 sostomo
1424 3229 1538 3270 potius
1563 3227 1734 3259 auscultet
1753 3246 1763 3266 ,
1797 3238 1892 3270 quam
1918 3224 2042 3259 Lucae?
2082 3225 2155 3257 Nec
2182 3221 2380 3264 recipienda

1255 3278 1311 3304 est
1335 3273 1399 3305 illa
1426 3273 1614 3317 Augustini
1640 3275 1804 3318 argutia,
1842 3276 1878 3305 in
1905 3284 1963 3316 spe
1988 3273 2135 3305 dimissa
2150 3269 2272 3312 fuisse
2297 3274 2376 3315 ¹¹⁸⁶.-

1253 3325 1332 3352 catae
1357 3317 1525 3362 baptismo
1549 3318 1710 3361 Ioannis,
1737 3318 1874 3354 Christi
1901 3319 2069 3364 baptismo
2087 3319 2203 3358 reipsa
2227 3313 2353 3347 diuum
2368 3327 2378 3339 ·
