2605 3624
275 115 352 143 122>

263 180 350 217 183.
385 175 431 212 Et
459 175 587 223 primo
617 169 653 207 id
683 175 810 221 aperte
839 175 994 206 testatur
1023 165 1136 204 Cat-(l.
1159 163 1324 201 l’allavi-

205 235 343 278 cinus,
373 228 442 280 qui
474 240 517 264 ex
548 224 721 277 genuinis
753 223 856 261 Actis
878 252 888 270 ,
934 222 971 258 in
1001 235 1087 258 arce
1115 219 1157 256 S.
1189 217 1324 270 Angeli

203 284 427 329 asservatis,
466 279 570 318 illius
599 276 763 316 Concilii
794 275 990 314 historiam
1021 273 1239 319 contexuit,
1271 280 1324 308 at-

202 354 278 392 que
310 338 358 375 ab
389 333 602 373 innumeris
633 331 741 370 Pauli
771 331 900 382 Sarpii
931 329 1165 372 mendaciis,
1200 325 1233 360 8<
1262 339 1325 362 ca-

204 393 367 431 lumniis
399 389 563 426 feliciter
611 386 847 425 vindicavit.
892 384 1084 435 [tegantur
1114 381 1218 417 enim
1249 393 1292 416 ea
1314 408 1324 426 ‚

203 460 293 499 quae
326 442 521 483 Lib-XII.
543 456 629 492 cap.
656 454 717 478 10.
748 439 880 477 scribit
911 435 1236 474 eminentissimus
1258 445 1323 469 au-

203 511 311 545 ctor,
342 498 376 535 ὅ(
407 497 670 549 unnsquisque
702 492 874 539 videbit,
921 503 1073 528 sacrum
1104 486 1325 524 Concilium

202 568 278 593 non
307 552 413 591 aliud
445 549 607 588 voluisse
635 548 844 593 damnare,
893 558 1012 597 quam
1055 541 1217 591 impiam
1250 538 1326 575 Lu-

203 608 305 647 theri
334 603 618 658 blasphemiam
638 630 648 648 ‚
677 601 780 654 quod
810 599 876 636 illa
908 598 1049 634 attritio
1070 624 1080 640 ,
1118 606 1206 643 quae
1238 604 1327 627 con-

202 664 347 715 cipitur
378 673 423 698 ex
452 657 752 696 consideratione
782 650 1032 703 turpitudinis
1062 646 1234 698 peccati,
1267 642 1327 680 vel

205 730 251 754 ex
281 715 492 768 gehennae,
535 711 568 747 ἃ
599 721 807 761 poenarum
845 711 980 748 metu,
1029 699 1231 736 hominem
1250 696 1330 748 fa-

205 774 288 808 ciat
320 769 577 821 hypocritam
596 793 605 810 ,
636 769 684 802 ’φ’
702 762 835 811 magis
854 763 1108 806 peccatorem
1125 766 1140 796 ;
1172 764 1244 788 non
1263 764 1330 788 au-

204 834 281 863 tem
304 825 403 862 ferre
432 818 658 857 sententiam
688 813 732 851 de
747 810 974 851 scholastica
989 807 1200 860 quaestione
1218 835 1228 852 ,
1257 804 1330 842 &c-

207 876 368 916 Videbit
399 875 576 923 insuper,
607 881 698 907 cum
729 868 766 905 in
796 870 1065 917 praeconcepto
1093 860 1244 898 decreto
1272 858 1331 895 di-

208 939 385 975 ceretur,
425 926 524 963 lianc
557 922 821 961 contritionem
852 917 1150 968 imperfectam,
1181 926 1246 951 seu
1276 920 1332 949 at·

204 985 396 1023 tritionem
427 977 637 1027 sufficere,
669 975 786 1012 fuisse
815 981 941 1026 postea
961 969 1030 1007 hoc
1048 967 1211 1006 verbum
1242 979 1334 1003 cum

204 1035 401 1076 nonnullis
431 1032 518 1071 aliis
549 1037 788 1083 expunctum
811 1056 821 1075 ,
853 1025 886 1062 St
915 1026 954 1062 in
983 1024 1134 1061 decreto
1163 1035 1184 1058 a
1215 1019 1335 1057 Patri-

209 1092 281 1130 bus
311 1087 524 1141 approbato
545 1115 556 1132 ,
589 1091 699 1136 prout
714 1095 816 1120 minc
837 1079 977 1132 legitur
994 1107 1006 1126 ,
1035 1075 1280 1115 substitutum
1296 1087 1336 1111 a·

209 1144 294 1184 liud
323 1142 489 1181 verbum
520 1139 718 1190 disponit.

264 1196 352 1241 184.
383 1195 497 1233 Prob.
527 1192 688 1232 ulterius
718 1188 803 1227 haec
832 1196 956 1226 nostra
984 1184 1140 1225 assertio
1168 1197 1190 1221 a
1218 1182 1339 1220 Bene-

202 1250 428 1291 dicioXIV.
457 1248 543 1287 loco
571 1260 656 1299 sup.
687 1244 792 1282 laud.
811 1273 822 1290 ,
853 1242 1046 1280 ubinum.
1067 1238 1107 1276 8.
1137 1245 1340 1289 postquam

204 1305 388 1345 attulisset
415 1302 678 1342 auctoritatem
724 1296 993 1347 probatissimi
1022 1293 1198 1331 historici
1226 1290 1341 1328 Card-

205 1358 439 1399 Pallavicini
458 1388 468 1406 ,
513 1357 565 1394 ita
594 1353 746 1405 pergit:
795 1381 823 1399 „
854 1350 911 1388 Ad
942 1349 1026 1386 haec
1045 1378 1054 1395 ‚
1099 1355 1138 1383 ut
1166 1345 1342 1382 observat

209 1445 236 1463 „
267 1410 462 1462 Launojus
499 1410 539 1447 in
569 1408 731 1446 Dissert.
762 1403 826 1442 De
870 1412 1004 1441 mente
1037 1399 1201 1439 Concilii
1234 1396 1342 1435 Tristi.

205 1498 233 1518 „
262 1470 372 1504 circa
401 1466 559 1501 contrit.
589 1461 638 1501 (9⁸
668 1457 866 1497 attrit..l³.
888 1457 937 1494 ΙΙ.
967 1471 1054 1508 cap.
1076 1453 1142 1500 6.,
1187 1451 1220 1487 Sc
1250 1453 1343 1489 cita-

207 1551 235 1571 „
264 1529 322 1558 tus
351 1519 405 1557 Le
435 1518 544 1555 Drou
562 1545 572 1562 ,
604 1527 648 1552 ex
679 1513 848 1564 ipsismet
878 1509 1081 1557 Patribus,
1112 1507 1147 1544 δε
1176 1504 1344 1543 Theolo-

208 1605 236 1625 „
265 1575 342 1626 gis,
371 1572 441 1624 qui
457 1568 631 1608 Concilio
645 1567 757 1605 Trid.
779 1564 1062 1611 interfuerunt,
1092 1560 1226 1598 eodem
1246 1559 1345 1596 Con-

206 1659 235 1678 „
264 1627 357 1666 cilio
386 1623 586 1672 absolute,
616 1621 740 1674 aliqui
758 1625 1050 1673 propugnarunt
1079 1614 1345 1653 necessitatem

208 1713 236 1733 „
266 1679 456 1720 inchoatas
485 1677 746 1724 contritionis,
795 1688 861 1711 seu
891 1672 1032 1710 amoris
1062 1667 1249 1715 initialis,
1296 1666 1346 1704 ad

210 1766 238 1787 „
267 1736 559 1774 Sacramentum
602 1729 866 1783 poenitentiae,
917 1728 1014 1764 inter
1056 1737 1150 1777 quos
1193 1721 1345 1760 Frider.

211 1820 240 1841 „
269 1789 418 1829 'Nausea
447 1787 661 1839 Episcopus
692 1782 923 1822 Viennensis
958 1781 997 1818 in
1029 1779 1184 1818 Austris.
1214 1778 1252 1814 in
1281 1787 1348 1813 suo

211 1875 240 1894 „
270 1841 540 1888 catechismo,
584 1839 619 1875 &
662 1838 802 1876 Franc.
833 1835 1000 1873 Sonnius
1029 1833 1242 1885 Episcopus
1275 1831 1350 1868 An-

214 1928 242 1948 „
271 1896 501 1947 tuerpiensis
517 1894 648 1931 Tract.
670 1892 740 1929 IV.
770 1889 818 1928 cle
831 1892 967 1940 poenit.
991 1902 1077 1940 cap.
1099 1886 1162 1924 6.:
1192 1884 1260 1922 alii
1282 1897 1352 1936 pro

213 1980 243 2002 „
272 1949 501 1989 sufficientia
529 1947 732 1986 attritionis
761 1957 867 1982 mere
907 1941 1055 1980 servilis
1084 1940 1352 1985 dimicarunt,

216 2035 244 2056 „
274 2005 330 2042 uti
360 2003 528 2041 Andreas
557 1999 686 2052 Vega,
715 1999 749 2035 8:
779 1997 884 2036 citati
913 1995 1141 2034 Dominicus
1171 1992 1287 2038 Soto‚
1318 1991 1353 2027 8<

216 2090 246 2110 „
276 2056 470 2097 Melchior
497 2056 649 2093 Canus.
692 2052 777 2091 Non
808 2059 944 2088 autem
962 2079 972 2098 ,
1002 2046 1226 2094 concludit,
1244 2044 1355 2097 fuis-

217 2144 246 2164 „
275 2120 364 2150 sent
393 2109 621 2154 Praemia,
669 2107 718 2147 ἐν
751 2104 940 2155 leeologi
981 2106 1023 2140 in
1054 2100 1127 2139 lias
1155 2103 1356 2149 oppositas

219 2197 247 2217 „
277 2167 499 2204 sententias
516 2162 724 2208 distracti,
754 2163 788 2198 si
817 2157 910 2210 quid
938 2171 965 2194 a
984 2156 1160 2194 Concilio
1179 2152 1356 2192 Trident-

279 2219 327 2257 cle
357 2218 433 2256 hac
461 2229 506 2254 re
535 2214 747 2268 definitum
775 2216 980 2251 scivissent
997 2211 1018 2227 '²
1036 2236 1048 2247 .

280 2272 370 2312 185.
399 2270 512 2309 Proh.
541 2272 656 2307 tertio
684 2267 734 2306 ab
754 2268 887 2305 eodem
914 2264 1153 2303 sanctissimo
1176 2260 1359 2300 Pontifice

221 2341 269 2368 ex
298 2328 449 2365 decreto
479 2323 691 2362 Alexandri
712 2321 821 2369 V11.‚
851 2321 919 2372 qui
938 2349 948 2368 ,
978 2331 1068 2356 cum
1091 2316 1161 2354 hac
1182 2316 1228 2353 de
1258 2329 1297 2353 re
1319 2315 1360 2352 in

223 2381 357 2434 Belgio
386 2378 667 2425 vehementius,
693 2389 816 2428 quam
843 2388 915 2427 par
945 2381 1051 2421 erat,
1082 2371 1360 2422 disputaretur,

224 2437 287 2476 die
318 2436 356 2473 5.
387 2432 487 2483 Maii
514 2431 629 2482 1667.
659 2430 731 2468 sub
748 2442 863 2481 poena
878 2423 1286 2466 excommunicationis
1306 2422 1363 2460 la-

224 2500 276 2529 133
305 2489 497 2527 sententiae
516 2517 526 2534 ‚
555 2485 645 2523 Sedi
676 2482 907 2535 Apostolicae
938 2488 1138 2518 reservatae
1156 2508 1167 2527 ,
1215 2490 1364 2530 praece-

227 2545 285 2598 pit
300 2545 453 2580 cunctis
466 2571 476 2587 ,
497 2540 545 2580 εἴν
562 2535 923 2590 singtilisfitlelibus
940 2561 980 2573 ...
1011 2543 1142 2571 utnon
1159 2531 1362 2579 audeant,

228 2597 402 2648 alicujus
432 2593 663 2645 theologicae
692 2603 902 2638 censurae,
933 2590 1145 2626 alteriusve
1174 2586 1364 2638 injurioe,

230 2652 288 2694 5tel
317 2648 570 2688 contumelio:
599 2655 697 2683 nota
726 2653 878 2682 taxare
898 2643 1074 2681 alteram
1090 2642 1364 2686 sententiam,

233 2711 311 2743 sive
340 2711 560 2756 negantem
590 2703 876 2739 necessitatem
918 2696 1109 2748 aliqualis
1145 2694 1366 2731 dilectionis

235 2758 315 2797 Dei
342 2762 383 2795 in
412 2756 592 2808 praefata
621 2757 826 2792 attritione
855 2765 907 2790 ex
926 2760 1032 2788 metu
1060 2748 1257 2802 gehennoe
1272 2758 1367 2782 con-

236 2820 375 2859 cepta,
422 2823 511 2861 qnae
541 2808 653 2846 hodie
684 2812 787 2845 inter
817 2805 1084 2845 Sclzolasticos
1113 2802 1366 2839 communior

239 2864 415 2912 ridetur,
444 2867 522 2902 sire
551 2870 803 2902 asserentem
833 2860 952 2900 dictae
981 2858 1200 2898 dilectionis
1228 2864 1366 2892 neces-

220 2250 249 2272 θ,

244 3027 277 3061 le
305 3027 403 3059 Drou
432 3024 467 3056 in
494 3023 597 3056 Praef.
623 3023 752 3067 egregii
779 3023 833 3057 sui
861 3022 960 3058 Libri
987 3021 1043 3055 De
1070 3019 1299 3057 contritione,
1326 3018 1367 3050 Θ

248 3077 392 3112 auria,
419 3069 504 3103 adeo
530 3070 641 3102 crevit
668 3070 901 3113 quorumdam
928 3068 1098 3108 audacia,
1125 3074 1158 3099 ιιι
1187 3067 1372 3109 indulgen-

249 3130 304 3155 ter
332 3133 368 3152 se
393 3130 494 3161 agere
521 3117 731 3149 arbitrentur
747 3137 757 3156 ‚
785 3121 815 3148 si
841 3122 1031 3155 (nostram
1051 3113 1286 3149 sententiam)
1306 3112 1372 3143 hae-

251 3180 370 3202 reseos
397 3178 463 3198 non
487 3165 674 3202 (imment,
715 3165 777 3195 sed
802 3165 980 3196 ‹lurntarat
1005 3164 1151 3202 dicant,
1177 3172 1240 3192 non
1268 3170 1370 3200 posse

252 3218 329 3248 sine
355 3221 434 3245 nota
459 3211 631 3254 defendi,
671 3222 748 3242 esse
775 3218 868 3241 certo
885 3209 1049 3251 falsam,
1087 3206 1342 3251 improbabilem
1358 3226 1369 3246 ,

251 3261 456 3304 definitioni
483 3257 681 3290 Tridentini
707 3258 964 3290 dissentaneum
983 3276 994 3294 ,
1038 3254 1147 3300 Bajt,
1179 3256 1219 3285 Θ
1247 3251 1372 3286 Janse-

253 3312 307 3345 ,nii
327 3307 479 3351 fletum,
506 3310 545 3338 Θ
572 3307 779 3337 neotericam
804 3309 1021 3335 commentam
1041 3323 1050 3332 .

254 3378 258 3383 -
306 3360 355 3396 (ιι)
381 3353 545 3387 Summus
566 3351 725 3387 Pontifex
752 3350 981 3385 assertionem
1006 3354 1194 3393 negantem
1221 3346 1373 3383 necessi-

875 84 1146 131 DisSEuT.
1178 82 1256 127 VI.
1291 82 1420 126 (ΠΛΡ.
1453 80 1554 124 VII.
1587 79 1726 123 ART.
1750 81 1784 124 Ι.

1391 164 1584 209 sitalem,
1633 160 1760 198 donec
1790 157 1840 197 ab
1869 156 1945 197 1⁷2ch
1989 167 2137 197 sancta
2168 158 2270 198 Sede
2286 160 2421 213 suerii·
2450 167 2524 204 ali-

1393 214 1484 267 quid
1513 215 1588 253 liac
1618 218 1659 252 in
1699 228 1741 252 re
1770 212 1979 265 definitum
2002 240 2013 252 .
2060 214 2165 252 Itane
2208 213 2315 266 loqui
2345 219 2524 268 potuisset

1394 269 1612 307 Alexander
1642 268 1758 315 vn„
1806 268 1836 305 si
1867 267 2017 320 aliquid
2061 267 2131 306 hac
2160 268 2207 306 de
2249 282 2290 307 re
2327 270 2455 311 fuisset
2485 275 2526 314 in

1393 322 1567 360 Concilio
1600 321 1828 359 Tridentino
1856 320 2064 360 statutum?
2095 321 2191 373 (a).

1454 374 1542 412 ιὸὓ.
1573 375 1644 412 His
1673 376 1906 425 argumentis
1935 374 2022 412 luce
2051 375 2264 415 meridiana
2301 376 2529 420 clarioribus

1394 429 1516 467 victas
1544 427 1634 465 dare
1663 440 1798 464 manus
1819 426 1941 478 aliqui
1964 429 2245 481 vitilitigandO,
2277 430 2310 466 8(
2340 433 2528 473 cavillan-

1394 482 1441 518 do
1470 488 1672 518 recusant.
1702 480 1751 517 Et
1779 483 1908 528 primo
1927 481 2041 520 Card.
2072 482 2302 524 Pallavicini
2322 490 2527 527 auctorita-

1397 543 1473 571 tem
1504 546 1548 570 ex
1579 547 1623 570 eo
1651 533 1883 570 labefactare
1912 543 2096 572 conantur
2114 566 2124 584 ,
2153 538 2255 589 quod
2285 543 2466 580 sententia
2486 520 2526 581 :i-

1396 587 1514 625 moris
1536 586 1722 633 initialis,
1752 599 1871 637 quam
1887 593 1997 624 antea
2013 587 2142 637 palam
2158 591 2374 633 defenderat
2441 610 2529 634 1133-

1395 649 1632 692 occupatus,
1680 639 1880 677 historiam
1910 639 2075 678 Concilii
2117 643 2243 682 eidem
2285 611 2534 688 accomdd·=re

1397 703 1558 732 conatus
1588 695 1703 731 fuerit
1721 723 1731 741 ,
1777 706 2030 744 quamquam
2073 697 2129 731 Vir
2155 704 2385 749 ceteroquin
2414 678 2526 741 inei-2-

1399 751 1649 785 niosissitnus
1664 756 1751 797 post
1771 756 2013 785 accuratam
2030 755 2242 785 auctorum
2258 758 2437 793 omnium
2453 736 2533 809 gs-

1398 801 1608 839 modalium
1652 801 1863 840 lectionem
1892 814 1946 839 ea
1975 801 2139 839 <lemtim
2179 809 2370 854 prompsit
2447 823 2536 859 quoe

1400 859 1474 908 ipsi
1504 854 1626 903 nilzil,
1658 865 1728 892 aut
1746 853 1844 907 fere
1866 854 1962 893 nilzil
1980 886 1989 904 ‚
2021 854 2132 893 nohis
2162 869 2254 895 vero
2282 862 2297 908 (
2324 837 2535 899 Attiitioni-

1400 912 1464 948 stis
1494 910 1508 958 )
1539 910 1755 960 plurimum
1799 917 1988 960 prosunt.
2038 910 2092 947 Ita
2122 910 2248 949 Balth.
2279 912 2537 953 Francolinus

1403 977 1502 1002 unus
1524 976 1567 1000 ex
1585 964 1859 1001 fervidioribus
1889 964 2005 1002 nostri
2022 965 2096 1002 aevi
2115 966 2374 1004 Attritionistis
2395 968 2485 1007 Lib.
2511 970 2543 1008 l.

1403 1032 1489 1080 cap.
1518 1030 1577 1066 1.,
1610 1018 1677 1055 ubi
1709 1017 1866 1056 ulterius
1887 1018 2106 1067 contendit,
2137 1018 2299 1058 verbnm
2330 1020 2539 1073 disponere

1405 1087 1427 1110 a
1456 1071 1612 1124 bynodo
1633 1071 1807 1109 Trident.
1837 1071 2085 1124 subrogatum
2117 1073 2219 1110 idem
2242 1086 2394 1126 prorsus
2423 1078 2540 1115 simi-

1404 1126 1552 1173 ficare,
1601 1139 1645 1163 ac
1673 1125 1783 1164 aliud
1812 1126 1977 1164 verbum
2007 1125 2218 1175 sufficere,
2263 1130 2363 1180 quod
2394 1111 2543 1181 expinx-

1406 1189 1512 1242 ctum
1542 1180 1615 1217 fuit
1634 1209 1644 1226 ,
1673 1180 1768 1231 quia
1795 1178 2014 1217 Concilium
2044 1193 2116 1217 non
2146 1179 2316 1232 loquitur
2344 1182 2390 1219 de
2420 1184 2547 1236 dispo-

1408 1243 1542 1272 snione
1573 1243 1744 1282 remota,
1775 1247 1864 1270 cum
1896 1234 2009 1271 etiam
2040 1243 2142 1271 extra
2166 1234 2460 1274 Sacramentum
2491 1247 2546 1274 at-

1410 1288 1514 1326 tritio
1544 1286 1791 1324 formidolosa
1821 1296 1972 1325 remote
2000 1286 2176 1339 disponat
2205 1289 2251 1325 ad
2280 1291 2443 1340 gratiam
2475 1292 2549 1329 im-

1410 1341 1663 1394 petrandam,
1693 1341 1760 1378 sed
1792 1341 1962 1393 loquitur
1992 1340 2038 1377 de
2059 1342 2303 1392 dispositione
2331 1347 2545 1393 proxima,

1410 1410 1498 1448 quse
1531 1397 1570 1432 in
1601 1394 1847 1434 Sacramento
1877 1395 1925 1432 ad
1953 1394 2266 1446 justificationem
2296 1396 2472 1445 sufficit5
2509 1412 2550 1437 a·

1410 1451 1559 1501 deoque
1589 1448 1661 1487 διε.

1472 1504 1560 1564 iti-j.
1593 1502 1705 1555 Hesp.
1723 1533 1734 1551 ,
1764 1503 1935 1555 primam
1951 1504 2216 1555 exceptionem
2233 1518 2310 1542 esse
2326 1506 2549 1557 sapientiae,

1412 1556 1447 1593 8(
1476 1558 1682 1614 mtegritati
1722 1558 2016 1595 eminentissimi
2047 1557 2350 1609 Historiographi
2395 1574 2552 1611 magno-

1412 1624 1502 1663 pere
1532 1611 1749 1661 injuriosa,
1799 1612 1910 1662 quasi
1940 1625 2030 1650 vero
2060 1621 2124 1649 aut
2167 1611 2413 1650 celeberrimi
2443 1600 2552 1652 illius

1410 1679 1604 1703 consessus
1634 1674 1716 1702 acta
1743 1667 1948 1702 oscitanter
1985 1665 2234 1715 expenderit,
2282 1676 2347 1703 aut
2377 1666 2555 1707 Trident-

1416 1718 1570 1756 Patrum
1601 1727 1770 1756 mentem
1801 1732 1845 1755 ex
1895 1719 2116 1755 eorumdem
2146 1719 2275 1757 verbis
2304 1720 2466 1758 minime
2496 1737 2558 1759 as-

1417 1782 1568 1812 secutus
1589 1773 1705 1810 fuerit
1722 1802 1733 1820 ,
1764 1781 1828 1809 aut
1859 1772 2024 1824 denique
2045 1773 2212 1823 partium
2242 1773 2366 1810 studio
2387 1788 2430 1811 ea
2448 1776 2485 1811 in
2517 1790 2557 1813 a-

1419 1827 1567 1866 lienum
1597 1841 1723 1865 sesum
1753 1827 1973 1864 detorserit.
2023 1826 2290 1874 Quamobrem
2334 1826 2558 1880 hujusmodi

1417 1882 1597 1933 exceptio
1627 1895 1696 1918 nec
1728 1881 2014 1931 responsionem
2046 1881 2186 1918 mereri
2217 1881 2396 1920 videtur.

1481 1935 1570 1973 188.
1603 1935 1731 1973 Altera
1773 1935 1890 1972 etiam
1920 1935 2094 1987 exceptio
2121 1934 2182 1973 vel
2222 1936 2304 1987 ipso
2347 1937 2472 1987 primo
2501 1937 2562 1974 in-

1421 1990 1520 2027 tuitu
1550 1988 1718 2026 absurda
1746 1996 1933 2039 apparet.
1977 1988 2017 2025 Si
2045 1989 2151 2025 enim
2182 1988 2279 2026 illud
2309 1990 2473 2027 verbum
2502 1978 2562 2027 ιῖἰᾸ

1422 2046 1552 2091 sponit
1582 2043 1685 2080 idem
1707 2055 1861 2094 prorsus
1881 2041 2070 2091 significat
2087 2071 2098 2089 ,
2127 2056 2172 2079 ac
2199 2042 2369 2090 sufficit;
2399 2044 2445 2081 ad
2466 2042 2561 2096 quid

1425 2095 1495 2134 illa
1525 2097 1684 2134 mutatio
1714 2097 1814 2133 facta
1843 2094 1925 2132 est?
1969 2095 2143 2133 Fortasse
2170 2096 2219 2133 ad
2249 2097 2383 2133 fucum
2414 2097 2563 2136 facien·

1424 2152 1518 2190 dum
1549 2150 1740 2202 Episcopo
1770 2148 1998 2196 TudetanO,
2046 2147 2210 2201 aliisque
2240 2148 2442 2199 Patribus,
2473 2153 2563 2203 qui-

1425 2205 1500 2244 bus
1529 2204 1693 2242 verbum
1723 2201 1869 2250 sufficit
1890 2201 2148 2254 displicebat?
2177 2204 2279 2241 Itane
2309 2203 2493 2255 agebatur
2523 2207 2565 2244 in

1426 2271 1534 2297 sacra
1563 2256 1633 2295 illa
1663 2257 1820 2294 Patrum
1849 2255 2036 2308 Synodo,
2084 2257 2125 2295 in
2156 2255 2266 2307 cujus
2297 2257 2424 2295 medio
2452 2258 2566 2296 Chri-

1428 2321 1502 2352 stus
1533 2312 1614 2363 ipse
1643 2308 1801 2348 aderat?
1849 2308 2008 2348 Scilicet
2037 2319 2077 2348 ut
2106 2311 2268 2348 mutatio
2298 2311 2461 2364 expetita
2491 2325 2566 2350 nou

1430 2367 1555 2418 reipsa
1585 2364 1721 2412 fieret,
1765 2363 1830 2402 sed
1858 2364 2057 2402 dumtaxat
2085 2363 2172 2402 fieri
2201 2364 2482 2404 simularetur?
2519 2365 2570 2404 Et

1432 2420 1592 2458 ulterius
1608 2449 1619 2467 ,
1648 2420 1749 2457 itane
1769 2417 1965 2470 simplices
1994 2425 2099 2455 erant
2126 2417 2187 2455 illi
2209 2418 2419 2471 Episcopi,
2450 2429 2489 2457 ut
2510 2433 2569 2457 so-

1431 2474 1508 2512 lius
1538 2474 1668 2520 vocis,
1717 2485 1793 2509 non
1821 2480 1950 2508 autem
1992 2484 2121 2508 sensus
2149 2473 2360 2508 mutatione
2403 2473 2569 2510 contenti

1434 2526 1583 2567 essent?
1629 2533 1694 2564 aut
1720 2527 1777 2563 ita
1805 2525 1946 2572 rudes,
1990 2532 2030 2561 ut
2058 2523 2134 2561 sibi
2163 2532 2282 2561 astute
2311 2525 2461 2576 imponi
2491 2539 2570 2565 nou

1431 2576 1702 2621 adverterent?
1731 2577 1772 2616 Id
1803 2586 1923 2615 totum
1944 2590 2020 2616 non
2050 2576 2173 2615 solum
2191 2580 2400 2630 sapientia,
2431 2579 2465 2615 8<
2486 2593 2572 2618 san-

1430 2636 1560 2674 ctitate
1580 2632 1736 2671 Patrum
1758 2630 2076 2669 ‘Tridentinorum
2107 2631 2309 2682 indignum
2340 2642 2417 2681 est,
2448 2634 2511 2671 sed
2533 2647 2572 2671 e-

1434 2691 1528 2728 tiam
1558 2699 1676 2733 sano,
1706 2686 1740 2721 &
1769 2685 1968 2724 communi
1994 2685 2124 2723 sensui
2153 2698 2390 2738 repugnans.
2421 2687 2571 2734 Quam·

1434 2742 1570 2780 obrem
1612 2740 1783 2778 dubitari
1824 2752 1902 2778 non
1946 2747 2091 2791 potest,
2139 2739 2290 2778 eosdem
2333 2741 2570 2779 1101111131ἀί-

1435 2796 1679 2849 spositionem
1707 2802 1907 2831 remotam
1937 2794 1978 2831 in
1994 2793 2184 2832 attritione
2205 2794 2400 2846 agnovisse
2417 2824 2427 2843 ,
2457 2798 2575 2834 etiam

1428 2850 1590 2904 quando
1617 2848 1865 2889 Sacramento
1892 2846 2167 2900 conjungitur,
2214 2849 2394 2901 quamvis
2433 2849 2475 2888 in
2505 2849 2574 2887 Sa-

2438 2915 2524 2941 cra-

1446 3021 1560 3049 tatem
1587 3012 1750 3057 aliqualis
1778 3010 1980 3045 dilectionis
2006 3011 2202 3057 appellavit
2227 3014 2493 3046 communiorem
2521 3020 2580 3041 5110

1448 3070 1625 3104 tempore;
1661 3058 1721 3094 sed
1746 3060 1966 3093 communior
1991 3067 2098 3092 antea
2126 3071 2196 3092 non
2230 3067 2333 3099 erat,
2369 3066 2408 3091 ut
2432 3052 2579 3089 Benedi-

1448 3118 1525 3142 ctus
1539 3108 1636 3142 XIV-
1664 3115 1816 3141 testatur
1840 3111 1852 3146 (
1879 3117 1955 3150 sup.
1983 3118 2084 3139 num.
2109 3106 2191 3150 175.
2218 3110 2230 3145 )
2252 3128 2262 3146 ‚
2288 3109 2320 3137 &
2347 3102 2446 3146 cnjus
2473 3103 2580 3134 vesti-

1448 3160 1542 3200 gium.
1567 3156 1608 3195 int
1629 3154 1704 3187 solo
1731 3154 1942 3186 Granatensi
1963 3153 2139 3197 Episcopo
2163 3163 2200 3185 se
2234 3145 2497 3196 deprehendisse
2524 3159 2580 3180 as-

1450 3203 1535 3236 serit
1572 3214 1615 3235 ex
1642 3201 1742 3235 Actis
1779 3200 1931 3234 Concilii
1957 3198 2064 3233 Card.
2092 3198 2334 3232 pallavicinus
2351 3207 2364 3233 3
2401 3206 2465 3227 nec
2491 3207 2581 3227 com-

1449 3253 1580 3284 munior
1606 3256 1725 3293 postea
1751 3248 1846 3288 fuit,
1882 3245 2024 3292 quando
2048 3251 2263 3280 memoratus
2294 3253 2376 3274 mox
2403 3241 2579 3285 amplissi-

1448 3309 1529 3332 mus
1563 3293 1793 3335 Carffinahs,
1833 3294 1964 3339 aliique
2002 3305 2130 3338 magno
2169 3300 2322 3322 numero
2368 3287 2582 3321 contrariam

1449 3344 1664 3382 sententiam
1690 3341 1846 3388 amplexi
1873 3349 1979 3383 sunt,
2005 3352 2045 3377 ac
2069 3346 2211 3374 strenue
2242 3334 2318 3373 dele
2332 3333 2508 3373 ndsrunt-
