2605 3624
836 107 912 151 DE
948 104 1236 148 BAPTISMI
1270 104 1680 148 Ctffiitmxomis
1706 138 1716 149 .

135 191 326 232 remonias
356 191 394 231 in
415 189 615 229 collatione
644 185 824 238 baptismi
845 184 1118 227 observandas3
1147 184 1250 235 quod

133 250 246 285 etiarn
267 247 308 285 S.
331 241 705 294 Augustinusinnuit
736 240 773 276 in
803 239 911 290 epist.
941 239 987 276 ad
1018 237 1248 274 Jauuarium

132 300 233 338 LlV.
251 328 262 346 ,
292 296 523 336 concludens
541 325 550 342 ‚
580 303 703 332 totum
734 292 807 329 hoc
834 304 961 344 genus
990 303 1127 328 rerum
1158 289 1247 328 libe-

130 365 202 392 ras
231 350 372 389 habere
399 347 694 388 observationes
710 374 720 385 .

182 403 276 451 465.
306 403 418 455 Resp.
437 432 447 450 ‚
477 401 812 440 sacramentorum
843 400 964 447 ritus,
1013 399 1080 451 qni
1111 398 1156 436 ad
1187 410 1247 434 eo·

128 471 213 498 ruin
241 456 490 495 substantiam
523 469 596 493 non
627 457 841 507 pertinent,
871 467 977 506 pos-re
1009 454 1141 503 utique
1173 453 1245 489 iin-

127 511 293 558 niutari,
324 509 483 563 publica
514 519 640 548 tamen
664 507 876 555 Ecclesiae,
907 520 981 545 nou
1012 516 1137 544 autern
1168 507 1245 556 pri-

128 573 211 603 vata
239 562 523 615 cujuscumque
552 564 797 609 auctoritate,
830 570 937 613 prout
959 560 1135 613 Synoclus
1157 559 1246 597 'rri-

124 617 278 656 demina
304 617 405 655 Sess.
427 616 537 655 XXI.
567 631 652 669 cap.
677 630 714 654 ¹2.
758 614 976 653 solemniter
1004 614 1210 651 declaravit
1234 643 1244 660 ,

122 670 269 709 scilicet
300 700 326 719 „
356 670 463 708 hanc
492 679 730 721 potestatem
761 678 945 720 perpetuo
986 672 1026 705 in
1058 666 1246 704 Ecclesia.

122 722 331 777 „fuisse‚
361 733 401 762 ut
432 726 468 763 in
485 726 822 763 Sacramentorum
838 723 1141 772 dispensatione,
1172 719 1244 758 sal·

180 791 226 816 va
257 776 413 816 illorum
443 778 678 826 substantia,
709 791 752 814 ea
773 784 976 822 statueret,
1006 789 1094 827 quae
1125 775 1242 811 susci-

125 860 151 880 ,‚
182 832 369 883 pientiuin
399 831 582 880 utilitati,
611 845 676 868 seu
707 832 874 882 ipsorum
904 827 1241 866 Sacrainentoruin

124 912 151 933 „
181 886 443 933 venerationi,
490 898 560 938 pro
589 898 714 922 rerum
735 914 744 931 ,
794 891 1038 934 temporum,
1079 882 1111 916 ἃ
1142 880 1242 918 loco-

125 967 151 985 ,‚
182 951 267 976 rum
298 939 505 987 varietate,
537 940 656 989 magis
678 936 855 988 expedire
877 935 1090 986 judicaret.
1122 935 1158 972 ld
1176 948 1243 971 au-

125 1019 150 1038 ‚‚
181 1000 254 1028 tem
289 992 485 1043 Apostolus
528 1005 601 1029 non
629 991 787 1029 obscure
818 990 918 1027 visus
959 997 1012 1026 est
1044 989 1210 1026 innuisse
1231 1018 1241 1036 ‚

121 1072 148 1092 ‚‚
178 1057 266 1082 cuin
297 1046 349 1081 ait
385 1057 417 1081 r.
447 1043 648 1082 (tor.1V.:
681 1044 745 1080 Sic
776 1055 849 1079 nos
870 1045 1071 1079 existimet
1102 1041 1240 1089 immo,

123 1125 150 1144 ‚,
179 1105 219 1132 ut
249 1100 452 1134 ministros
485 1096 653 1144 Christi,
683 1097 732 1137 (J
762 1095 1057 1146 dispensatores
1079 1095 1240 1147 Illfsrc-

120 1178 148 1197 „
178 1153 325 1187 riorum
348 1149 449 1188 Dei.
477 1151 606 1204 Atque
636 1153 761 1202 ipsum
793 1150 948 1202 quidem
982 1149 1051 1187 liae
1084 1158 1242 1201 potesta-

119 1231 145 1250 „
175 1211 210 1241 te
241 1217 349 1242 usum
379 1217 482 1253 esse,
529 1205 615 1242 satis
645 1212 812 1251 constat,
855 1216 944 1240 cum
976 1205 1012 1241 iu
1042 1202 1171 1240 inultis
1201 1218 1240 1241 a·

121 1284 148 1303 3,
180 1255 267 1305 liis,
315 1266 396 1296 tum
426 1260 464 1296 iu
494 1257 566 1296 hoc
597 1259 678 1312 ipso
707 1257 956 1295 Sacramento
1004 1261 1019 1308 (
1050 1256 1240 1295 Euchari-

119 1338 146 1358 ‚‚
177 1312 284 1360 stim,
315 1311 358 1360 ),
405 1324 524 1360 cum,
567 1312 751 1350 ordinatis
794 1310 982 1348 nonnullis
1019 1311 1123 1349 circa
1153 1309 1236 1362 ejus

114 1390 146 1410 „
178 1377 317 1411 usum,
359 1374 522 1413 cetera,
572 1367 695 1419 inquit
730 1378 763 1402 r.
792 1365 879 1403 Cor.
902 1364 972 1403 ΧΙ.
1003 1377 1094 1401 cum
1125 1377 1238 1402 rene-

120 1444 147 1463 „
177 1429 241 1465 ro,
272 1417 483 1466 disponam
501 1419 543 1457 ”.
574 1420 615 1457 ld
644 1421 768 1457 etiam.
781 1433 868 1456 sana
896 1420 993 1457 ratio
1021 1418 1163 1457 dictat.
1193 1418 1236 1456 Si

119 1471 219 1508 enim
251 1473 411 1523 privatae
441 1471 646 1523 cujuslibet
676 1473 846 1525 potestati
891 1473 928 1510 id
971 1471 1150 1510 relictum
1183 1473 1237 1509 fo-

117 1532 198 1569 ret,
228 1522 307 1574 jain
339 1533 389 1563 tot
418 1535 537 1565 essent
565 1529 713 1579 augusti
747 1525 862 1578 liujus
891 1526 1129 1565 Sacraineuti
1161 1527 1235 1563 sor-

115 1576 263 1625 inulae,
292 1587 383 1631 quot
413 1589 602 1631 pastores.
632 1581 674 1619 S.
698 1581 927 1632 Augustinus
957 1589 1083 1618 autem
1116 1581 1154 1617 in
1177 1593 1236 1616 ce-

115 1628 213 1668 lebri
258 1630 326 1670 illa
372 1633 419 1670 ad
447 1633 676 1672 Januarium
720 1633 879 1686 epistola
922 1633 1116 1684 distinguit
1159 1646 1234 1680 ea,

115 1695 204 1733 quae
233 1693 313 1722 toto
341 1693 542 1722 terrarum
571 1686 662 1724 orbe
690 1696 900 1723 servantur
918 1715 929 1733 ,
959 1686 1008 1724 ab
1039 1688 1084 1723 iis
1106 1715 1116 1732 ,
1146 1699 1236 1736 ‘7¹¹ae

117 1747 186 1784 per
215 1736 304 1774 loca
333 1745 536 1776 terrarum
554 1769 563 1787 ,
612 1744 870 1791 regionesque
900 1742 1135 1777 variantur.
1194 1740 1235 1777 ln

87 1789 280 1839 ·primis,
309 1803 397 1841 quae
428 1800 500 1830 tota
531 1806 596 1844 per
624 1793 755 1831 orbem
789 1794 1000 1845 frequentat
1030 1792 1202 1830 Ecclesia
1223 1823 1233 1841 ,

113 1844 207 1891 quin
235 1846 294 1880 ira
310 1844 555 1894 jaciendum
587 1849 662 1894 sit,
693 1846 926 1896 ‹lisputare,·
976 1847 1234 1885 insolentissi-

115 1906 224 1941 mae,
255 1897 407 1948 inquit,
438 1903 611 1936 insaniae
639 1909 726 1937 esc.
766 1900 808 1937 Iu
839 1899 926 1938 aliis
956 1910 1111 1949 autem,
1141 1913 1231 1952 quae

111 1959 181 1998 per
210 1947 320 1996 loca,
351 1952 599 2003 regionesque
616 1955 839 2001 variantur,
872 1954 909 1990 id
941 1953 1159 1992 faciendum
1177 1968 1233 1991 es-

112 2013 150 2037 se
181 2002 424 2051 praescribit,
473 2005 575 2054 quod
604 2009 645 2042 in.
687 2019 738 2043 ea
768 2004 956 2043 Ecclesia
978 2037 989 2055 ,
1038 2010 1232 2057 in'quam

113 2057 218 2091 venit
233 2084 244 2102 ,
275 2058 487 2095 invenerit.
516 2057 644 2105 Quam
666 2057 962 2096 saluberrimam
984 2061 1075 2098 tanti
1093 2060 1232 2098 Docto-

110 2107 161 2145 ris
191 2106 363 2160 regulam
390 2111 421 2148 si
449 2110 656 2149 Novatores
699 2113 815 2150 secuti
845 2122 996 2161 essent,
1045 2126 1117 2151 non
1149 2123 1230 2163 tot,

107 2173 152 2197 ac
181 2169 256 2199 tarn
287 2165 515 2215 perniciosas
544 2165 674 2203 turbas
704 2167 741 2203 in
770 2165 945 2204 Ecclesia
973 2168 1229 2208 excitassent.

107 2211 155 2251 Et
185 2213 268 2254 liaec
296 2216 343 2254 de
373 2217 441 2255 lll.
470 2217 742 2258 Dissertatione
771 2220 886 2258 satis.

123 807 150 827 2>

306 2343 902 2396 DISSERTATIO
954 2348 1037 2399 IV.

446 2485 511 2525 De
543 2486 860 2542 Confirmatione
877 2516 888 2528 .

165 2564 288 2631 =.St
333 2595 376 2629 in
407 2593 738 2647 Confirmationis
781 2596 1053 2636 Sacramemo
1101 2598 1227 2651 expli-

105 2641 263 2690 cando,
310 2645 438 2697 inquit
466 2649 726 2688 Catecliismus
756 2650 866 2690 Rom.
900 2650 938 2689 P.
962 2652 1008 2689 ll.
1045 2666 1131 2704 cap.
1155 2653 1191 2691 5.
1213 2683 1224 2702 ,

106 2692 318 2734 Pastorum
364 2697 571 2751 diligentia
613 2717 793 2754 unquam
834 2705 1078 2756 requirenda
1104 2706 1224 2758 sciit,

107 2758 214 2786 nunc
242 2759 346 2788 certe
360 2765 454 2803 opus
483 2764 541 2793 est
559 2786 569 2805 ,
599 2757 694 2795 illud
708 2762 1020 2809 quammaxime
1049 2760 1223 2798 illustra-

107 2811 178 2848 re,
207 2813 298 2840 cum
327 2807 368 2841 in
397 2817 545 2846 sancta
572 2809 649 2848 Dei
670 2810 860 2850 Ecclesia
888 2811 958 2850 hoc
974 2812 1222 2852 Sacramen-

107 2861 193 2915 tum
219 2866 248 2892 a
277 2858 410 2919 multis
437 2866 602 2901 omnino
629 2871 982 2915 praetermittatur,
1029 2872 1220 2918 paucissi-

107 2919 162 2943 mi
191 2920 281 2946 vero
308 2920 413 2959 sint,
442 2918 506 2964 qui
526 2914 669 2954 (livinae
695 2923 843 2970 gratiae
859 2918 1074 2972 fructum,
1103 2936 1222 2973 quem

108 2959 292 2999 deberent
309 2992 320 3010 ,
367 2977 421 3002 ex
449 2979 494 3004 eo
522 2981 666 3018 capere
694 2971 911 3012 studeant.
968 2975 1222 3029 Quamquam

102 3023 229 3076 autem
262 3018 396 3055 nostris
423 3021 662 3073 temporibus
702 3024 752 3062 ob
781 3025 1014 3078 singularem
1059 3043 1193 3068 curam
1212 3060 1223 3079 ,

105 3065 140 3102 ἃ
168 3068 405 3121 diligentiam
424 3071 702 3126 Episcoporum
734 3090 807 3115 non
839 3079 950 3117 multi
981 3081 1150 3133 amplius
1168 3085 1224 3121 in-

102 3123 306 3160 veniantur
335 3124 454 3163 adulti
486 3125 556 3165 lioc
585 3126 834 3168 Sacramento
860 3143 1052 3182 carentes,
1091 3149 1224 3174 vereor

105 3180 230 3214 tamen
245 3207 257 3225 ,
287 3191 334 3215 ne
350 3178 428 3216 dici
459 3181 572 3219 etiam
590 3194 694 3219 nunc
717 3184 856 3233 possit,
883 3190 1145 3234 paucissimos
1166 3203 1223 3227 es-

105 3237 170 3274 te,
198 3232 266 3282 qui
295 3232 439 3270 divinae
468 3236 599 3285 gratiae
631 3235 798 3274 fructum
816 3266 826 3284 ‚
862 3251 978 3289 quem
1007 3239 1222 3291 deberent,

107 3291 152 3315 ex
179 3294 231 3342 eo·
251 3287 492 3338 percipiant.
523 3288 660 3327 Danda
679 3291 793 3341 igitur
821 3303 936 3341 opera
967 3300 1045 3340 est,
1078 3303 1115 3330 ut
1145 3297 1224 3345 pri-

104 3344 169 3371 mo
195 3334 414 3388 dignitatem
443 3340 679 3384 Sacramenti
707 3342 1017 3386 Confirmatiouis
1054 3347 1223 3387 vindice-

2288 116 2368 152 205

1321 198 1431 228 inus3
1461 184 1594 221 deinde
1624 185 1792 234 «jusdem
1825 187 2051 235 essentiam,
2097 187 2278 236 effectus,
2323 190 2436 226 mini-

1317 247 1434 276 strum
1454 266 1465 285 ,
1497 236 1528 272 8(
1560 240 1814 276 necessitatem
1844 241 2081 292 explicemus
2100 268 2110 280 .

1681 344 1961 383 CAPUT
2044 348 2075 384 Ι.

1309 450 1650 503 ,Confirmationis
1680 465 1827 490 nomen
1857 450 1960 488 imile
1988 452 2076 488 sit?
2105 452 2300 499 Ejusdem
2331 455 2429 507 defi-

1370 510 1468 542 nitio
1497 516 1562 543 tra
1579 505 1669 542 lisnr
1689 521 1699 545 ς
1730 518 1779 542 ac
1801 504 1963 542 demum
1981 519 2073 542 eam
2097 519 2181 543 esse
2212 521 2343 546 rerum
2361 504 2428 546 no-

1370 572 1428 597 i'oe
1457 560 1554 612 legis
1584 559 1928 607 Sacramentum,
1957 558 2284 598 demonstratur.

1372 679 1407 704 2.
1427 641 1509 709 Ut
1540 667 1784 705 exordiamur
1813 683 1835 706 a
1864 667 2046 714 nomine,
2078 667 2162 704 ideo
2190 667 2238 705 ab
2261 666 2431 706 Ecclesia

1315 717 1386 757 hoc
1415 721 1705 759 Sacramentum
1737 722 1879 759 dictum
1910 731 1961 758 est
1995 720 2288 774 Confirmatio,
2336 735 2428 772 quo-

1313 773 1418 811 niam
1448 775 1514 826 qui
1545 774 1757 827 baptizatus
1786 784 1866 823 est,
1909 788 1997 812 cuin
2028 775 2078 812 ab
2107 775 2298 827 Episcopo
2328 788 2432 811 sacro

1311 825 1515 865 chrismate
1547 830 1724 880 ungitur,
1768 842 1879 866 novae
1909 829 2058 866 virtutis
2088 829 2222 866 robore
2251 828 2399 866 firmior
2423 858 2433 874 ‚

1311 888 1424 932 atque
1466 882 1560 919 adeo
1604 883 1791 935 perfectus
1819 883 1959 919 Cliristi
2009 881 2117 919 miles
2146 896 2223 919 esse
2268 881 2431 931 incipit.

1310 932 1440 972 Variis
1459 934 1544 973 aliis
1562 937 1780 974 nominibus
1801 935 2038 988 appellatum
2063 936 2133 973 fuit
2151 966 2161 983 ‚
2191 936 2431 987 potissimum

1311 996 1438 1027 autern
1469 993 1666 1038 impositio
1696 1003 1891 1027 manuum
1910 1019 1919 1033 ,
1949 1003 2026 1041 qun
2056 991 2210 1026 nomine
2239 988 2432 1040 siguifica-

1310 1049 1390 1078 tum
1423 1043 1642 1082 invenimus
1686 1045 1723 1082 in
1756 1046 1844 1081 Act.
1877 1043 2048 1092 Apostol.
2092 1057 2178 1093 cap.
2201 1041 2306 1080 Vlll.
2343 1055 2431 1093 17.,

1310 1095 1412 1146 apud
1442 1093 1482 1133 S.
1515 1099 1772 1149 Augustinuni
1807 1098 1892 1135 Lib.
1916 1098 1980 1134 lll.
2012 1095 2075 1134 De
2108 1096 2313 1144 Bai-tisino
2342 1110 2430 1144 cap.

1316 1148 1404 1196 16.,
1436 1147 1469 1184 8<
1498 1152 1600 1201 apud
1632 1151 1820 1188 Isidorum
1847 1151 1994 1201 Hispal.
2027 1151 2088 1187 l)e
2118 1151 2339 1187 ecclesiast.
2369 1149 2428 1199 (ff-

1295 1200 1410 1253 ficiis
1439 1216 1526 1252 cap.
1550 1202 1614 1241 26.
1659 1204 1817 1241 Dictum
1846 1214 1899 1241 est
1928 1217 2080 1254 (pioque
2110 1204 2429 1241 Sacramentum

1312 1253 1549 1293 Clzrismatis
1579 1272 1600 1294 a
1629 1256 1670 1295 S.
1701 1257 1915 1308 Augustino
1949 1257 2033 1294 Lib.
2058 1257 2104 1293 ll.
2152 1256 2301 1294 Contra
2332 1257 2430 1292 litte-

1308 1321 1378 1346 ras
1409 1307 1594 1346 Petiliani
1623 1324 1709 1361 cap.
1737 1310 1852 1358 104,
1904 1309 2089 1348 Chrisma
2119 1318 2306 1347 sanctum
2327 1339 2337 1353 ,
2380 1309 2430 1348 (9‘

1306 1363 1585 1413 supercoeleste
1610 1378 1630 1402 a
1649 1363 1822 1402 Patribus
1840 1363 2063 1402 Laodicenis
2095 1377 2180 1402 can.
2205 1377 2264 1414 7.,
2299 1361 2430 1400 Chris-

1308 1430 1379 1453 ma
1422 1418 1563 1454 salutis
1609 1432 1630 1455 a
1662 1417 1788 1456 Leone
1818 1417 1919 1469 Papa
1949 1417 2165 1456 Serm.1V.
2215 1415 2279 1454 De
2308 1421 2430 1454 natis·-

1308 1469 1509 1519 Domini,
1540 1471 1804 1523 Signaculum
1835 1471 2040 1521 spirituale
2068 1470 2117 1508 ab
2149 1471 2310 1509 Auctore
2341 1469 2432 1508 Lib.

1306 1522 1371 1560 De
1391 1523 1582 1562 Sacram.
1612 1525 1703 1562 Lib.
1727 1526 1792 1562 lll.
1823 1539 1909 1575 cap.
1934 1538 1970 1561 ¹2.
2000 1523 2261 1575 Si'gnaculum
2287 1522 2426 1560 Dorm-

1303 1580 1439 1613 nicwn
1470 1592 1490 1615 a
1519 1578 1717 1630 Cypri-:ino
1739 1578 1859 1628 Epist.
1878 1577 2058 1615 Lxxul.
2089 1578 2135 1614 ad
2166 1576 2424 1620 „lubin-‘auium

1305 1629 1485 1682 Sigillum
1504 1661 1514 1677 ‚
1563 1644 1640 1683 quo
1669 1631 1718 1669 ab
1750 1631 1938 1683 Episcopo
1980 1631 2229 1682 obsignantur
2260 1631 2390 1667 suleles
2412 1660 2424 1676 ‚

1303 1699 1324 1721 a
1354 1684 1532 1723 Cornelio
1563 1683 1692 1736 Papa,
1741 1699 1784 1722 ac
1827 1685 1985 1722 demum
2018 1683 2215 1735 Persectio
2260 1686 2298 1721 in
2338 1697 2426 1721 can.

1306 1736 1370 1788 57.
1400 1737 1564 1776 Concilii
1597 1738 1850 1784 lllilieritani3
1888 1751 1962 1776 non
1996 1739 2179 1790 perfectio
2209 1737 2389 1789 baptismi
2414 1768 2427 1783 ,

1305 1800 1343 1828 ut
1372 1790 1493 1843 aliqui
1511 1790 1610 1828 male
1626 1801 1876 1843 exposuerunt
1893 1822 1904 1839 ,
1934 1793 1996 1829 sed
2020 1793 2204 1843 perfectio
2221 1792 2424 1841 baptizati.

1357 1844 1393 1882 5.
1425 1845 1623 1892 Quantum
1654 1858 1742 1883 veru
1770 1845 1818 1883 ad
1862 1859 1942 1882 rein
1975 1847 2095 1895 ipsam
2115 1876 2124 1893 ,
2172 1845 2426 1883 Confirmatio

1299 1896 1453 1935 definiri
1485 1907 1603 1950 potest
1644 1912 1688 1936 ex
1718 1897 1958 1937 Catecliismo
1990 1898 2099 1936 Rom.
2132 1899 2173 1936 P.
2195 1899 2244 1936 ll.
2275 1912 2361 1947 cap.
2384 1898 2423 1935 '‘3-

1301 1964 1406 1989 num.
1431 1964 1494 1988 21.
1525 1951 1842 1990 Sacramentum
1884 1965 1997 1990 710?ae
2027 1953 2155 2005 legis,
2203 1965 2277 2003 quo
2308 1951 2420 1988 Deae

1299 2009 1342 2041 in
1371 2003 1481 2043 nobis
1512 2005 1757 2058 confirmat,
1787 2006 1888 2055 quoi
1918 2011 1958 2044 iu
1988 2006 2229 2056 baptismate
2258 2009 2418 2058 oper-arr:

1297 2062 1438 2109 coepit,
1487 2072 1636 2109 nosque
1673 2061 1728 2098 αλ
1761 2059 2004 2099 Clzristianae
2046 2060 2256 2099 soliditatis
2283 2059 2415 2110 perfr-

1297 2115 1472 2150 ctionem
1503 2112 1698 2160 adduci&
1747 2128 1886 2166 nempe
1916 2127 2059 2153 novum
2104 2114 2221 2152 robur
2250 2114 2424 2151 addendo

1295 2165 1343 2203 ad
1373 2166 1489 2204 fidem
1506 2166 1644 2205 Christi
1664 2167 1917 2221 profitendam
1935 2199 1946 2217 ,
1976 2178 2088 2221 atque
2106 2168 2294 2220 intrepide
2311 2177 2421 2203 tuen-

1294 2219 1383 2258 dam
1401 2247 1412 2258 .
1440 2220 1553 2268 Quod
1583 2222 1788 2259 visibiliter
1809 2223 1987 2274 apparuit
2017 2224 2059 2260 in
2078 2221 2288 2273 Apostolis.
2320 2220 2421 2257 l'ost-

1294 2287 1413 2325 quam
1445 2276 1550 2312 enim
1580 2273 1770 2326 Spiritum
1799 2275 1984 2313 Sanctum
2029 2277 2067 2312 in
2096 2275 2157 2312 die
2190 2274 2421 2311 pentecostes

1295 2337 1545 2380 receperunt,
1575 2331 1716 2366 virtute
1734 2342 1888 2380 magna
1904 2326 2123 2365 reddebant
2139 2330 2418 2364 testimoniium

1299 2384 1599 2419 resurrectionis
1625 2381 1717 2420 Jesic
1750 2381 1892 2419 Clzristi
1922 2379 2086 2418 Domini
2130 2384 2282 2419 nostri.
2331 2381 2418 2419 Act.

1298 2433 1368 2471 JV.
1403 2435 1469 2473 55.

1350 2488 1389 2533 4.
1421 2487 1596 2528 Ecclesia
1626 2489 1968 2530 confirmationem
2001 2498 2038 2528 ut
2068 2503 2203 2527 verum
2224 2501 2334 2526 novae
2366 2487 2420 2524 le-

1294 2541 1350 2592 gis
1380 2541 1674 2581 Sacramentum
1705 2557 1855 2596 semper
1883 2545 2066 2596 agnovit,
2096 2556 2221 2596 neque
2253 2542 2321 2580 lioc
2351 2542 2418 2579 do-

1294 2609 1384 2646 gma
1413 2610 1433 2633 a
1465 2596 1657 2634 veteribus
1688 2597 1876 2636 liaereiicis
1905 2601 2176 2650 impugnatum
2209 2597 2322 2634 fuisse
2351 2608 2418 2633 no-

1295 2650 1440 2687 vimus:
1470 2651 1531 2688 sed
1564 2649 1646 2689 liaec
1679 2651 1852 2703 impietas
1882 2651 2138 2689 Novatoribus
2168 2651 2419 2702 posteriorum

1294 2702 1526 2742 saecnlorum
1545 2714 1730 2743 reservata
1752 2714 1855 2752 erat,
1886 2718 2050 2757 quorum
2073 2717 2240 2742 errorem
2255 2703 2417 2741 damna-

1293 2758 1347 2794 vit
1376 2757 1554 2810 Synodus
1584 2758 1811 2797 Tritlentina
1832 2758 2036 2797 Sess.Vll.
2066 2773 2152 2797 cau.
2180 2771 2213 2796 ι.
2244 2756 2308 2795 De
2324 2769 2418 2794 con-

1281 2809 1448 2864 firmat.
1479 2813 1530 2850 ita
1560 2821 1746 2851 statuens:
1777 2841 1802 2862 „
1833 2812 1874 2851 Si
1895 2813 1982 2866 quis
2001 2813 2167 2860 dixerit,
2199 2810 2417 2850 Confirma-

1291 2866 1430 2904 tionem
1461 2865 1740 2918 baptizatorum
1761 2868 1917 2905 otiosam
1935 2881 2012 2904 esse
2043 2866 2317 2908 caeremoniam
2335 2895 2345 2913 ,
2375 2864 2410 2900 δε

1288 2932 1362 2958 non
1407 2921 1531 2972 potius
1573 2934 1707 2958 verum
1726 2951 1737 2968 ‚
1786 2921 1820 2956 8(
1850 2922 2057 2973 proprium
2088 2920 2410 2963 Sacramentum5

1291 2982 1356 3011 aut
1398 2973 1493 3011 oliin
1537 2973 1637 3012 nihil
1687 2973 1794 3012 aliud
1843 2976 1984 3023 fuisse,
2032 2989 2150 3028 quam
2178 2972 2416 3012 Catecliesim

1290 3027 1530 3079 quamdam,
1579 3042 1654 3080 qua
1698 3028 1960 3068 adolescentiae
2001 3029 2169 3082 proximi
2214 3027 2303 3065 fidei
2333 3037 2414 3063 snas

1292 3082 1480 3119 rationein
1511 3095 1639 3120 coram
1670 3081 1844 3121 Ecclesia
1887 3083 2163 3135 exponebant,
2211 3079 2414 3119 anatliema.

1293 3134 1365 3173 sit.
1386 3135 1407 3151 '³
1438 3136 1565 3184 Quam
1596 3136 1802 3176 solemnem
1825 3136 2011 3178 Ecclesiae
2033 3137 2300 3176 definitionem
2330 3142 2411 3170 tuc-

1293 3185 1397 3228 bitur
1426 3203 1587 3242 sequeus

2242 3403 2353 3444 PRO-
