2605 3624
863 123 943 169 DE
976 123 1257 174 MATERIA
1293 123 1579 169 BAPTISMI
1597 154 1608 166 .

139 211 230 255 136.
258 210 371 265 Βεορ,
391 238 404 260 ,
431 206 592 248 minime
619 202 808 253 dubitari,
839 217 1125 257 quamcumque
1155 220 1196 242 a·

77 282 196 322 quam
225 278 387 321 puram,
415 262 450 300 ἃ
478 259 692 301 naturalem
721 273 798 297 esse
828 272 960 296 veram
992 258 1106 309 hujus
1126 258 1195 297 Sa-

80 320 263 362 cramenti
294 317 524 361 materiam5
555 323 593 352 ut
621 314 722 352 enim
752 312 953 365 inquiebat
982 310 1194 350 Tertullia-

78 388 149 414 nus
176 373 239 412 De
265 370 461 422 baptismo
488 383 575 421 cap.
603 367 642 415 4.
660 398 670 414 ,
714 367 824 404 nulla
867 365 1065 403 distinctio
1107 375 1164 404 est
1181 396 1192 414 ,

79 430 188 467 mari
214 427 325 476 quis,
354 436 411 462 an
439 430 612 475 stagno,
632 420 838 475 flumine,
868 429 937 458 aut
954 418 1077 471 fonte
1095 451 1103 467 ,
1134 421 1195 457 la-

73 493 122 520 cu
141 509 153 529 ,
194 491 251 517 an
279 477 391 515 alveo
417 475 617 514 diluatur.
664 475 946 513 Vetustissimos
989 483 1113 512 tamen
1143 483 1197 512 est

73 546 167 572 'usus
186 546 201 577 ;
246 531 315 584 qui
345 543 443 569 nunc
472 531 585 568 etiam
617 528 789 580 religiose
825 537 1023 576 servatur,
1070 528 1200 579 bapti-1

75 598 224 634 smum,
263 593 367 623 extra
410 598 541 623 casum
585 584 832 630 necessitatis,
874 583 915 620 in
944 596 1045 635 aqua
1089 584 1194 634 prius

69 638 270 679 benedicta
290 669 302 688 ,
343 637 378 675 &
405 637 638 677 sanctificata
659 668 670 686 ,
720 638 839 675 immo
867 635 950 672 oleo
968 666 978 684 ‚
1027 635 1060 671 ἀ
1091 634 1193 673 chri-

71 700 188 732 smate
218 693 399 745 perfusa,
441 692 641 730 conferre.
686 690 797 729 Unde
827 689 1010 728 Haeretici
1050 699 1191 727 nostro-

68 759 157 786 rum
188 755 406 799 temporum
442 745 693 792 refelluntur,
735 745 800 796 qui
831 743 911 780 ausi
953 752 1039 780 sunt
1089 742 1191 781 huuc

68 799 255 839 Ecclesiae
279 799 460 838 Romanae
482 800 598 837 ritum
614 829 625 847 ,
655 808 837 850 tanquam
858 799 1190 846 superstitiosum,

66 854 188 893 immo
216 862 397 907 tanquam
413 856 622 906 magicam
651 853 969 888 incantationem
987 849 1191 901 reprelien-

67 907 184 946 dere.
228 907 442 946 Recitemus
483 906 599 945 verba
627 903 858 944 catechismi
889 902 1048 940 Romani
1080 903 1119 941 1³.
1143 905 1189 942 Η.

67 974 155 1013 cap.
178 973 216 1000 2.
243 974 353 999 num.
380 973 467 1008 πμ,
495 959 637 1012 quibus
667 956 852 996 Ecclesiae
883 966 1018 995 nostrae
1047 956 1187 995 doctri-

68 1028 119 1053 na
148 1015 200 1053 ita
242 1014 470 1066 exponitur:
492 1041 518 1060 „
540 1011 640 1050 illud
670 1023 759 1048 vero
804 1010 1188 1050 animadvertendum

71 1098 98 1117 ,‚
127 1074 206 1116 est,
249 1067 426 1120 quamvis
454 1079 555 1117 aqua
597 1064 789 1116 simplex,
831 1077 920 1117 quae
950 1063 1049 1102 nibil
1080 1065 1188 1104 aliud

68 1150 96 1171 „
125 1120 336 1159 admixtum
378 1117 518 1167 habet,
559 1119 720 1158 materia
748 1126 836 1170 apta
864 1119 911 1156 sit
939 1117 985 1156 ad
1019 1118 1086 1155 hoc
1119 1119 1188 1157 Sa·

67 1203 94 1224 „
123 1181 363 1213 eramentum
398 1172 680 1212 conficiendum
703 1202 713 1220 ,
749 1169 897 1224 quoties
938 1171 1083 1210 scilicet
1119 1172 1188 1211 ba-

68 1257 96 1277 „
125 1228 256 1280 ptismi
287 1226 528 1265 ministrandi
559 1226 756 1265 necessitas
788 1225 956 1273 incidat,
987 1234 1112 1265 tamen
1142 1241 1188 1266 ex

67 1310 94 1330 „
124 1280 389 1333 Apostolorum
418 1280 619 1319 traditione
647 1292 796 1331 semper
825 1280 865 1317 in
894 1279 1089 1319 Catholica
1114 1281 1187 1319 Ec-

69 1364 97 1384 „
125 1333 242 1373 clesia
269 1334 513 1374 observatum
543 1347 647 1382 esse,
677 1342 822 1371 utcum
851 1333 1082 1372 solemnibus
1111 1349 1188 1373 cae-

69 1416 96 1437 „
125 1388 307 1427 remoniis
345 1388 558 1440 baptismus
599 1386 830 1436 conficitur,
874 1401 1025 1425 sacrum
1069 1389 1187 1428 etiam

68 1470 95 1490 ,‚
124 1439 290 1480 chrisma
318 1441 503 1489 addatur,
545 1454 621 1494 quo
648 1440 829 1493 baptismi
860 1440 1035 1480 effectum
1066 1445 1188 1494 magis

66 1523 95 1543 „
123 1493 334 1544 declarari,
365 1496 611 1548 perspicuum
633 1504 684 1532 est
705 1521 716 1533 .
738 1495 759 1510 ’'
780 1494 907 1533 Multa
929 1497 968 1534 in
990 1494 1087 1534 hanc
1106 1511 1186 1535 rcm

64 1559 112 1584 ex
139 1549 306 1601 antiquis
348 1550 603 1587 monumentis
644 1550 828 1599 congessit
874 1549 1187 1601 diligentissimus

64 1600 125 1640 J0.
165 1601 243 1639 Chr
275 1611 359 1642 sost.
389 1601 605 1641 'Prombelli
643 1603 684 1641 in
715 1602 830 1641 Tom.
865 1603 895 1642 l.
927 1603 1085 1642 Dissert.
1118 1603 1186 1642 VI.

63 1652 162 1695 Sect.
191 1656 206 1695 1
249 1681 262 1695 .

77 1727 79 1729 >
487 1706 662 1747 CAPUT
690 1707 760 1746 VI.

213 1811 279 1853 De
304 1815 495 1866 proxima
522 1812 708 1864 baptismi
736 1818 912 1854 materia
929 1846 941 1865 ,
970 1828 1040 1855 seu

511 1867 712 1907 ablutione
728 1895 739 1907 .

120 1972 208 2025 157.
222 1954 398 2027 Aqua,
429 1974 553 2026 inquit
583 1974 801 2028 Angelicus
819 1976 858 2014 5.
887 1974 929 2013 P.
959 1985 1098 2028 quaest.
1119 1977 1185 2016 66.

63 2034 135 2065 art.
167 2040 232 2078 7.,
280 2033 497 2067 assumitur
539 2031 580 2065 in
608 2028 878 2068 Sacramento
915 2027 1101 2080 baptismi
1130 2031 1185 2069 ati

61 2092 177 2119 usum
205 2079 413 2121 ablutionis
441 2081 658 2132 corporalis
675 2114 686 2132 ,
722 2094 793 2134 per
820 2095 944 2133 quam
973 2084 1181 2137 significa-

59 2142 123 2171 tur
151 2138 314 2174 interior
341 2136 486 2175 ablutio
527 2146 781 2187 peccatorum
799 2163 809 2175 .
846 2135 1012 2177 ,Ablutio
1041 2148 1178 2176 autem

53 2186 154 2240 fieri
182 2197 304 2234 potest
331 2203 401 2243 per
428 2202 580 2241 aquam
597 2219 608 2238 ,
653 2203 735 2229 non
764 2191 890 2241 solum
919 2204 987 2242 per
1017 2188 1181 2230 modum

59 2243 325 2281 immersionis
341 2274 352 2293 ,
379 2243 451 2282 sed
476 2246 601 2280 etiam
630 2257 698 2296 per
726 2243 888 2281 modum
917 2249 1180 2295 aspersionis,

60 2294 119 2332 vel
146 2291 350 2343 effusionis
369 2324 380 2336 .
423 2297 524 2335 Hinc
552 2306 632 2336 orta
661 2307 712 2336 est
753 2298 951 2336 diversitas
989 2301 1179 2351 proximae

59 2349 231 2386 materiae
259 2350 471 2403 baptismi,
500 2348 642 2388 scilicet
671 2365 738 2405 per
767 2353 1053 2390 immersionem
1071 2383 1081 2402 ,
1114 2368 1180 2406 per

59 2399 277 2440 effusionem
296 2433 306 2452 ‚
337 2404 395 2443 vel
427 2404 541 2442 etiam
571 2419 638 2456 per
665 2405 879 2458 simplicem
901 2408 1178 2458 aspersionem.

60 2483 88 2504 ,‚
115 2454 304 2503 Quamvis
334 2466 459 2497 autem
484 2487 496 2507 ,
525 2462 766 2512 prosequitur
796 2460 1029 2512 Angelicus,
1059 2465 1178 2500 tutius

60 2534 87 2565 ’2
114 2509 160 2546 sit
190 2509 380 2563 baptizare
421 2524 491 2564 per
533 2511 694 2550 modum
738 2517 1006 2553 immersionis
1038 2518 1051 2565 (
1083 2517 1175 2568 quia

58 2587 88 2609 ,‚
117 2560 188 2601 hoc
216 2562 329 2603 babet
357 2567 600 2605 communior
631 2581 717 2606 usus
748 2569 762 2617 )
795 2577 909 2620 potest
951 2578 1075 2606 tamen
1107 2570 1176 2607 fie-

58 2639 87 2673 '’.
113 2615 145 2651 ri
182 2615 392 2668 baptismus
419 2633 487 2668 per
530 2619 690 2658 modum
734 2625 1003 2671 aspersionis,
1047 2623 1105 2660 vel
1138 2639 1175 2661 e-

59 2674 153 2705 tiam
181 2673 250 2719 p'er
278 2672 438 2711 modum
473 2671 704 2724 effusionis,
745 2676 953 2714 secuudum
994 2675 1095 2715 illud
1124 2676 1176 2715 E-

64 2859 70 2864 ·
110 2815 159 2848 (αἲ
189 2814 242 2848 Ex
266 2815 320 2849 bis
347 2819 502 2864 Angelici
536 2822 653 2856 verbis
679 2823 813 2868 liquet,
841 2825 915 2858 Sec.
944 2827 1067 2867 xm„
1105 2838 1175 2872 quo

62 2857 120 2911 iile
147 2859 292 2911 florebat
319 2869 571 2902 communiorem
598 2869 709 2903 adhuc
738 2873 841 2905 l'uisse
868 2873 901 2904 in
923 2873 1078 2906 Ecclesia
1105 2878 1175 2907 Uc-

56 2903 221 2939 culentalo
241 2918 349 2959 ‘usum
385 2911 582 2956 baptizandi
607 2929 668 2958 per
693 2923 964 2957 enmuersi‹mem;
1006 2921 1173 2964 incepisse

59 2960 175 3004 tamen
203 2954 311 2987 altum
337 2968 438 2990 nsum
475 2959 670 3003 baptizandi
699 2975 759 3007 per
797 2977 895 3009 aqua!
936 2966 1143 3000 infusionem
1162 2990 1172 3008 ‚

59 3009 119 3051 ‹Jut
148 3009 261 3043 postea
290 3008 470 3036 conminnis
489 3007 600 3038 factus
626 3016 676 3040 est
694 3030 704 3048 ,
729 3008 771 3041 ad
796 3010 958 3044 evitanda
986 3025 1052 3045 non
1083 3015 1170 3047 levia

60 3045 304 3088 incommoda,
329 3060 406 3092 (ιιι-τ·
434 3051 467 3081 in
494 3054 712 3086 immersione
737 3057 966 3090 occurr‹·b.,nt
987 3081 994 3088 .
1032 3060 1108 3102 Qua
1138 3061 1172 3093 in

51 3100 90 3123 re
118 3091 273 3126 Ecclesia
301 3107 359 3127 usa
383 3103 436 3128 est
462 3105 629 3139 potestate
644 3099 708 3131 ,sibi
726 3113 740 3131 a
770 3101 1079 3144 christon-adita,
1108 3106 1173 3139 im-

53 3136 211 3170 mutandi
231 3140 316 3173 ritus
334 3144 652 3183 Sacrainrntorum,
668 3147 759 3178 sal-«a
777 3154 882 3182 tumen
899 3161 1007 3182 eorum
1022 3152 1173 3184 snbstan-

55 3186 133 3235 εἰη..
162 3184 241 3218 Vid.
271 3200 345 3232 sup.
364 3188 508 3221 Dissert.
533 3202 561 3221 ι.
582 3202 615 3221 n.
637 3191 715 3223 31⁸.
733 3195 915 3236 ,quamvis
940 3193 980 3226 de
1007 3195 1071 3228 lmc
1098 3209 1174 3229 inu-

58 3235 189 3280 tattone
216 3234 350 3266 nullum
376 3234 508 3268 editum
526 3237 629 3268 fuerit
657 3238 807 3269 solemne
832 3236 1032 3273 ‹heroi-un.
1063 3243 1173 3274 inuno

60 3284 97 3306 m
123 3276 252 3311 Ritu-:li
275 3281 360 3313 Rom
393 3280 490 3325 jussu
509 3284 556 3314 l'ii
573 3283 615 3315 V.
642 3285 846 3327 pr.r=cip=t·ir
866 3284 1083 3318 retinumlum
1103 3299 1177 3320 mo-

57 3318 141 3375 dum
161 3342 172 3362 ,
196 3326 255 3368 qui
284 3330 394 3372 magis
420 3337 471 3361 est
501 3330 532 3361 in
560 3342 621 3362 usu
648 3343 708 3372 pro
736 3330 974 3364 [eccle-ianm·
998 3342 1177 3366 consuetu-

56 3367 138 3402 (ἔπιε
158 3389 168 3400 ·
207 3371 340 3408 Scimus
366 3376 554 3422 referente,
581 3378 721 3412 oculato
756 3385 843 3413 teste
868 3377 1039 3424 Cajetano
1064 3380 1175 3415 cenni

95 3491 109 3505 Ι

2252 129 2300 172 ι5

1266 234 1292 254 ,,
1320 202 1424 242 zech.
1442 203 1631 242 XXXVI.
1654 202 1718 242 25.
1748 202 1975 252 Effundam
2004 213 2119 257 super
2147 219 2210 246 vos
2230 144 2386 258 aquina

1266 288 1294 306 „
1323 256 1548 294 mundam:
1591 259 1687 295 sicut
1717 258 1848 296 beatus
1878 260 2100 298 Lmreutius
2145 260 2282 312 legitur
2313 261 2382 300 ba-

1266 341 1292 360 „
1323 323 1507 364 puzasse5
1536 310 1569 346 &
1593 309 1661 348 boc
1693 312 1888 362 praecipue
1919 324 2071 365 propter
2101 317 2354 354 necessitatem
2374 345 2384 364 ,

1264 394 1291 414 „
1320 364 1381 403 vel
1410 367 1502 418 quia
1546 372 1598 402 est
1629 378 1767 416 magna
1795 364 2001 402 multitudo
2042 367 2355 417 baptizandorum
2375 399 2385 418 ,

1264 447 1291 467 „
1323 428 1361 456 ut
1391 427 1490 470 patet
1522 418 1603 456 Act.
1634 418 1682 456 ll.
1712 417 1746 454 8<
1779 417 1844 455 lV.
1877 417 1944 455 ubi
1972 419 2137 467 dicitur,
2173 423 2274 473 quod
2303 436 2385 461 cre-

1266 501 1293 520 „
1321 472 1500 511 diderunt
1530 486 1605 511 una
1633 472 1694 509 die
1724 472 1795 509 tria
1827 471 1971 517 millia,
2015 471 2048 508 8<
2076 472 2154 510 alia
2181 476 2243 512 die
2271 478 2383 527 quiu-

1266 555 1292 574 „
1322 540 1397 578 que
1427 525 1551 564 millia
1570 553 1579 564 .
1609 525 1850 578 Quandoque
1879 534 2006 562 autem
2037 534 2152 576 potest
2183 527 2383 567 imminere

1263 608 1290 628 „
1320 582 1520 619 necessitas
1551 589 1701 632 propter
1742 580 1975 630 paucitatem
2018 593 2159 629 aquae,
2208 581 2264 618 vel
2298 596 2383 632 pro-

1262 662 1288 681 „
1320 642 1401 685 pter
1429 632 1665 671 debilitatem
1687 634 1870 681 ministri,
1900 633 1967 685 qui
1997 645 2069 670 non
2128 641 2217 670 otest
2238 642 2384 672 susten·

1263 716 1288 735 „
1318 695 1395 725 tare
1425 687 1693 740 baptizandum
1717 716 1727 734 ‚
1771 686 1831 725 vel
1861 694 2014 738 propter
2050 648 2287 725 debilitatem
2319 688 2384 726 ba-

1262 770 1288 789 „
1317 742 1508 793 pdzandi,
1538 742 1600 780 cui
1618 750 1738 794 posset
1767 741 1973 779 imminere
2002 740 2222 793 periculum
2255 742 2386 780 mortis

1261 824 1287 842 ‚‚
1317 808 1362 833 ex
1394 795 1665 834 immersione.
1707 794 1755 833 Et
1786 795 1869 833 ideo
1897 794 2132 843 dicendum,
2181 796 2283 847 quod
2314 796 2386 833 im-

1260 877 1286 897 „
1316 851 1456 886 mersio
1484 861 1560 888 non
1589 858 1641 888 est
1669 849 1715 886 de
1744 849 1964 887 necessitate
1994 847 2176 900 baptismi
2194 849 2214 863 '’
2247 849 2344 899 (a).

1317 902 1404 942 158.
1438 901 1579 940 Rursus
1619 903 1722 941 idem
1755 902 1959 955 Augelicus
1999 911 2069 941 art.
2091 902 2130 940 8.
2160 904 2354 955 inquirens
2374 933 2387 952 ,

1257 969 1306 992 an
1337 958 1436 995 trina
1466 957 1661 994 immersio
1687 957 1734 995 sit
1752 956 1799 994 de
1829 957 2045 995 necessitate
2066 955 2272 1008 baptismi,
2305 957 2386 1007 pri-

1257 1022 1322 1046 mo
1347 1010 1502 1049 adducit
1521 1011 1784 1048 auctoritatem
1814 1009 1854 1048 S.
1879 1010 2055 1059 Gregorii
2078 1039 2088 1058 ,
2118 1010 2186 1062 qui
2217 1012 2386 1048 scribens

1258 1062 1432 1102 Leandro
1463 1063 1677 1114 Hispalensi
1695 1064 1886 1117 Episcopo
1914 1064 2003 1102 Lib.
2026 1063 2053 1101 l.
2085 1062 2206 1115 Epist.
2228 1063 2293 1110 41.
2324 1066 2385 1102 in-

1288 1117 1359 1154 uit:
1406 1116 1723 1168 Repreliensibile
1753 1131 1839 1156 esse
1868 1117 2096 1156 nullatenus
2125 1126 2276 1166 potest,
2321 1121 2382 1154 1³1-

1243 1130 1417 1220 νἓωηῐειη
1446 1175 1488 1208 in
1503 1170 1770 1223 baptismate,
1800 1171 1957 1219 velter,
1987 1171 2046 1209 vel
2074 1172 2198 1209 semel
2219 1176 2384 1209 immer-

1255 1236 1377 1275 gere,
1406 1229 1624 1276 quoniam,
1653 1224 1759 1266 &in
1789 1224 1908 1261 tribus
1938 1224 2256 1262 immersionibue
2290 1225 2384 1278 Per-

1255 1289 1450 1315 sonarum
1483 1276 1687 1327 Trinitas,
1730 1278 1780 1319 (90
1809 1281 1850 1315 in
1880 1291 1963 1315 una
1998 1287 2121 1328 potest
2153 1277 2383 1319 Dis-initam:

1255 1332 1518 1384 singularitas
1549 1331 1780 1386 designari.
1811 1332 1870 1370 Ex
1898 1330 2015 1370 allata
2046 1340 2172 1369 autem
2202 1332 2384 1383 Gregorii.

1255 1387 1476 1425 auctoritate
1506 1388 1557 1426 ita
1588 1387 1709 1439 pergit
1738 1386 1985 1424 ratiocinari.
2008 1416 2034 1434 „
2055 1386 2127 1424 Sed
2156 1385 2316 1424 diversis
2337 1398 2383 1424 ex

1257 1468 1282 1487 ‚,
1313 1441 1437 1479 causis
1480 1440 1691 1479 secundum
1733 1440 2013 1478 ordinationem
2045 1437 2230 1477 Ecclesiae
2260 1453 2383 1491 quan-

1257 1522 1282 1541 „
1313 1494 1438 1546 doque
1468 1495 1656 1532 institutus
1686 1502 1738 1531 est
1770 1507 1864 1531 unus
1894 1493 2053 1540 modus,
2083 1493 2312 1544 quaudoque
2341 1508 2384 1530 a-

1256 1575 1281 1594 „
1311 1546 1412 1584 lius.
1444 1547 1546 1594 Quia
1574 1549 1679 1584 euim
1709 1562 1729 1584 a
1761 1547 1950 1598 principio
1981 1548 2168 1582 nascentis
2197 1545 2383 1583 Ecclesiae

1260 1627 1285 1647 „
1315 1601 1474 1652 quidam
1504 1600 1549 1637 de
1572 1600 1763 1639 Trinitate
1795 1599 1895 1637 male
1923 1598 2157 1646 sentiebant,
2186 1598 2382 1638 Christum

1260 1683 1285 1701 „
1315 1667 1456 1703 purum
1486 1652 1682 1692 hominem
1712 1667 1789 1691 esse
1819 1655 2075 1700 aestimantes,
2106 1666 2175 1690 uec
2205 1653 2281 1691 dici
2314 1653 2381 1691 Fi-

1258 1734 1285 1754 „
1315 1706 1412 1744 lium
1445 1707 1544 1754 Dei,
1587 1707 1619 1743 8:
1650 1707 1807 1754 Deum,
1851 1707 1920 1745 nisi
1949 1717 2105 1759 propter
2133 1708 2312 1745 meritum
2344 1722 2383 1745 e-

1257 1789 1285 1808 „
1313 1759 1400 1810 jus,
1443 1761 1544 1812 quod
1576 1763 1773 1812 praecipue
1812 1761 1884 1798 fuit
1913 1762 1951 1798 in
1982 1770 2129 1808 morte,
2173 1761 2259 1799 idco
2302 1774 2382 1800 non

1257 1842 1284 1862 „
1314 1813 1556 1866 baptizabant
1587 1815 1626 1851 in
1655 1816 1811 1852 nomine
1840 1813 2042 1852 Trinitatis
2063 1844 2074 1862 ,
2117 1815 2179 1852 scd
2211 1816 2247 1852 in
2277 1829 2383 1853 com-

1258 1896 1285 1915 „
1315 1869 1587 1905 memoratione
1630 1870 1760 1905 mortis
1789 1866 1952 1915 Christi,
1996 1866 2030 1903 8t
2061 1881 2137 1905 una
2166 1870 2382 1907 immersio-

1255 1949 1282 1969 „
1312 1935 1383 1967 ne,
1426 1921 1528 1972 quod
1558 1921 1800 1973 reprobatum
1833 1922 1905 1958 fuit
1936 1922 1975 1959 in
2018 1922 2215 1973 primitiva
2244 1921 2382 1960 Eccle-

1255 2002 1282 2023 „
1312 1976 1389 2012 sia:
1422 1975 1522 2012 unde
1551 1975 1590 2012 iu
1619 1975 1843 2013 Canonibus
1875 1974 2099 2028 Apostolicis
2128 1978 2142 2025 (
2175 1990 2261 2014 can.
2282 1976 2347 2028 40.
2366 2007 2380 2024 ‚

1254 2056 1280 2076 „
1311 2027 1344 2063 δε
1375 2027 1533 2065 habetur
1563 2043 1649 2080 cap.
1674 2042 1737 2081 79.
1768 2027 1833 2066 De
1863 2027 2093 2066 Consecrat.
2125 2029 2305 2068 Dist.lV.
2339 2032 2381 2078 );

1252 2111 1279 2130 ,,
1308 2080 1350 2119 Si
1379 2085 1463 2133 quis
1493 2081 1706 2134 Presbyter
1727 2113 1738 2130 ,
1767 2091 1838 2121 aut
1868 2081 2089 2133 Episcopus
2116 2096 2195 2121 non
2224 2088 2380 2122 trinum.

1251 2164 1277 2184 „
1307 2139 1609 2175 immersionem
1639 2141 1754 2174 tutius
1788 2140 1971 2189 mysterii
2001 2135 2187 2185 celebret,
2217 2137 2286 2175 sel
2315 2153 2376 2173 sv-

1251 2218 1277 2238 „
1308 2190 1388 2228 mel
1416 2199 1576 2243 mergat
1604 2194 1645 2228 in
1679 2190 1942 2241 baptismate,
1987 2191 2089 2241 quod
2117 2190 2206 2228 dari
2235 2204 2263 2227 a
2293 2205 2376 2242 quc-

1250 2272 1275 2292 „
1305 2243 1474 2282 basilam
1504 2244 1645 2282 <licitur
1673 2248 1714 2282 in
1747 2253 1872 2282 morte
1902 2244 2088 2292 Domini,
2119 2244 2339 2293 deponatur
2359 2259 2374 2282 .-

1251 2325 1277 2347 ,‚
1306 2312 1388 2335 non
1417 2302 1526 2336 enim
1555 2297 1664 2336 nobis
1679 2298 1778 2336 dixit
1795 2297 2020 2345 Dominus,
2049 2301 2091 2334 in
2122 2306 2248 2334 morte
2277 2311 2375 2335 mea

1249 2382 1275 2401 „
1304 2349 1527 2402 baptizate,
1557 2351 1627 2389 secl
1655 2356 1695 2389 in
1725 2355 1888 2389 nomine
1918 2351 2077 2399 Patris,
2105 2358 2155 2391 O
2177 2349 2263 2388 lviiii
2281 2381 2292 2400 ,
2321 2352 2373 2392 (D-

1249 2436 1274 2455 „
1305 2405 1473 2456 Spiritus
1502 2409 1634 2442 sancti
1652 2433 1661 2443 .
1685 2406 1705 2420 ”

1308 2461 1393 2512 ¹59·
1424 2490 1450 2508 „
1482 2459 1720 2497 Postmodum
1770 2471 1859 2496 vero
1908 2458 2064 2497 inolevit
2111 2458 2372 2511 quorumdam

1245 2543 1272 2562 „
1301 2514 1629 2552 schismaticorum
1653 2542 1664 2560 ,
1695 2513 1727 2549 ὅ(
1760 2513 2029 2550 liaereticorum
2060 2525 2164 2549 error
2194 2511 2372 2552 homines

1301 2568 1677 2619 rebaptizantium...
1708 2566 1754 2604 Et
1787 2567 1869 2604 ideo
1900 2569 1937 2604 in
1959 2566 2239 2604 detestationem
2269 2581 2373 2604 erro-

1301 2623 1352 2659 ris
1382 2634 1513 2658 eorum
1545 2621 1615 2658 fuit
1644 2629 1821 2659 statutum
1846 2622 1884 2659 in
1903 2620 2078 2658 Concilio
2100 2619 2283 2658 Toletano
2301 2603 2371 2660 lV.

1302 2679 1318 2728 (
1347 2689 1432 2715 can.
1454 2673 1516 2724 6.,
1563 2674 1596 2711 ὅ(
1628 2674 1789 2713 habetur
1818 2688 1913 2727 pap.
1936 2673 2002 2714 85.
2046 2673 2112 2713 De
2141 2683 2368 2713 consecrat.

2173 2759 2199 2779 „
2216 2728 2316 2767 Dist.

1244 2826 1346 2859 Tom.
1375 2825 1398 2857 l.
1438 2824 1580 2867 Antiqu-
1607 2822 1708 2856 Eccl.
1751 2821 1898 2866 Hispan.
1939 2823 2086 2856 Dissert.
2116 2823 2175 2856 lli.
2210 2834 2285 2867 cap.
2314 2823 2370 2864 3.,

1243 2870 1467 2906 Benedictum
1492 2873 1582 2904 ΧΙΙΙ.
1612 2879 1737 2903 nostra*
1754 2871 1894 2902 familia²
1910 2871 2083 2914 singul-xre
2097 2869 2202 2903 decus
2230 2879 2368 2903 utrum·-

1243 2931 1309 2964 qne
1336 2920 1442 2952 ritum
1472 2919 1702 2951 immemonis
1720 2937 1730 2956 ,
1766 2917 1817 2949 vel
1847 2917 2030 2950 infusionis
2057 2915 2279 2956 atlliibuissej,
2307 2929 2368 2949 cu-

1242 2966 1299 3010 jus
1336 2966 1536 3009 exemplum
1563 2963 1689 3008 Joseph
1720 2964 1882 3007 Aloysius
1918 2962 1959 2996 ‹le
1988 2962 2146 3007 Andujnr
2172 2964 2366 3007 Episcopus

1245 3013 1468 3046 Dertoneusiz
1511 3010 1667 3056 ejusdem
1697 3010 1850 3043 instituti
1886 3010 1920 3043 in
1957 3010 2176 3044 solemnitate
2205 3010 2364 3043 Pascliili

1241 3072 1338 3104 sequi
1367 3060 1525 3093 solebat.
1567 3060 1601 3090 ln
1630 3057 1784 3089 Ecclesia
1817 3055 2064 3090 Mediolanensi
2093 3057 2158 3090 sul)
2187 3059 2254 3089 ritu
2282 3058 2367 3089 Ani-

1241 3106 1406 3140 brosinno
1444 3105 1555 3138 adbuc
1593 3112 1686 3147 viget
1723 3105 1954 3137 immersionis
1997 3116 2110 3143 usus3
2149 3116 2216 3136 non
2244 3114 2360 3136 tnn⁴¹n

1245 3153 1465 3197 iinmurgitnr
1491 3160 1606 3185 totum
1633 3149 1979 3195 l)apt11.1n¹licorp·ts
1996 3173 2007 3192 ,
2034 3147 2094 3184 sed
2119 3147 2362 3184 tantummodo

1243 3201 1382 3242 occiput
1405 3221 1414 3239 ‚
1442 3208 1478 3231 ut
1506 3207 1600 3244 patet
1626 3210 1665 3230 ex
1697 3198 1827 3231 annali
1859 3198 2112 3232 ambrosiano.
2152 3196 2362 3229 (zomata-„nr

1241 3243 1498 3279 erud-tissimus
1524 3247 1577 3278 Jo.
1597 3244 1779 3289 Chi-post.
1809 3243 2002 3278 'Frombessi
2030 3245 2130 3276 Tom.
2154 3244 2209 3274 lll.
2240 3241 2290 3272 De
2304 3241 2363 3269 bii-r

1243 3295 1366 3332 prisma
1392 3303 1468 3336 pag.
1493 3292 1568 3325 252.
1598 3303 1695 3336 seq„
1743 3291 1800 3324 uhi
1828 3303 1952 3334 magn-‘i
1981 3291 2173 3323 Ritualium
2201 3288 2329 3330 copiam
2348 3304 2360 3320 ,

1244 3339 1349 3370 etiam
1378 3338 1586 3371 ineditorum
1603 3360 1613 3378 ‚
1639 3338 1805 3381 collegit,
1831 3347 1868 3370 ut
1893 3337 2000 3383 hujus
2025 3335 2218 3380 (liselplinae
2245 3339 2359 3363 “PU-1·

1245 3383 1348 3418 tionis
1372 3383 1540 3429 epocham
1566 3383 1818 3419 determinaret
1835 3404 1846 3415 .

1244 2597 1270 2616 ’7

1246 2651 1271 2670 2>

1244 2704 1271 2725 θ,
