2605 3624
824 135 904 180 DE
939 134 1336 180 POENITENTIA
1372 133 1656 178 PUBLICA-

89 229 179 271 quas
220 218 334 259 habet
362 217 521 258 Sanctus
551 212 780 267 Augustinus
824 215 947 266 Epist.
968 213 1207 253 CLXXXV.

91 285 133 311 n.
154 273 247 322 45„
276 273 420 311 scilicet
441 270 509 307 hoc
539 269 657 306 fuisse
686 298 712 316 ,‚
742 272 988 306 constitutum
1020 269 1057 305 in
1074 266 1207 305 Eccle-

93 354 122 374 ‚,
149 328 232 373 sia,
268 338 313 363 ne
370 325 545 375 uisquam
575 329 655 374 post
683 321 849 373 alicujus
878 322 1054 360 criminis
1083 323 1208 373 poeni-

91 406 119 427 „
148 378 303 417 tentiam
330 338 553 415 tilericatum
583 375 772 427 accipiat,
817 374 875 413 vel
906 376 951 413 ad
982 374 1207 414 clericatum

90 458 118 479 „
147 429 303 478 redeat,
332 428 392 468 vel
422 430 462 468 in
483 428 666 467 clericatu
697 439 870 476 mineat,
900 430 1030 482 quod,
1060 428 1209 477 subdit,

88 509 117 531 „
148 494 222 520 non
249 482 507 534 desperatione
537 481 785 534 indulgentia:
804 513 814 530 ,
852 484 915 519 sed
947 484 1067 534 rigore
1095 482 1208 519 ‹lisci-

89 563 118 585 „
147 534 264 587 plinae
308 537 452 575 tactum
483 544 591 574 est...
641 551 688 573 ne
718 536 871 574 forsitan
916 538 1028 574 etiam
1059 536 1210 575 detectis

89 616 118 638 „
146 588 401 639 criminibus,
431 604 496 642 spe
526 589 678 628 honoris
707 589 950 626 ecclesiastici
980 591 1131 626 animus
1154 591 1210 627 in-

89 669 118 690 „
149 650 356 681 tumescens
384 643 546 695 superbe
566 651 691 694 ageret
714 643 980 694 poenitentiam
1000 669 1009 680 .
1032 642 1052 657 ‘’
1086 643 1212 693 liujus

89 703 169 734 tam
197 709 338 734 severae
369 696 581 748 discipliuae
613 696 735 734 multa.
764 704 885 733 extant
934 706 1176 733 monumenta
1198 724 1209 742 ,

86 750 284 801 praecipue
327 752 367 788 in
397 752 514 789 variis
555 749 721 802 epistolis
749 749 879 786 Sancti
917 750 1092 800 Gregorii
1125 748 1211 786 Ma-

87 803 151 853 gni
169 832 180 850 ,
210 805 277 854 qui
306 802 476 854 ejusdem
506 804 767 842 tenacissimus
789 802 858 840 fuit
882 828 892 839 .
925 803 1046 854 Atque
1076 802 1137 839 hie
1154 815 1210 838 er-

89 868 138 905 ga
167 854 332 894 Clericos
362 858 462 908 rigor
476 866 643 895 servatus
674 856 787 893 fuisse
816 856 981 893 creditur
1012 868 1132 906 usque
1163 854 1211 891 ad

88 907 162 946 IX.
192 908 399 955 saeculum5
442 912 617 963 quamvis
639 939 649 958 ,
689 918 726 945 ut
757 907 929 946 Marinus
960 909 1090 959 probat
1119 907 1209 945 Lib.

94 959 166 998 JV.
196 960 260 1000 De
287 966 419 1013 poenit.
449 977 534 1015 cap.
563 964 650 1010 14„
699 970 999 1013 temperamenta
1028 960 1209 1014 quaedam

90 1011 183 1052 huic
212 1017 397 1054 severitati
427 1015 632 1069 aliquando
663 1015 803 1053 fuerint
833 1015 1032 1053 adhibita.

148 1066 307 1113 Quaeres
333 1073 488 1119 primo,
536 1083 565 1107 ιι
593 1081 668 1120 quo
710 1077 885 1116 tempore
927 1082 1018 1106 usus
1046 1065 1211 1119 publicae

85 1123 330 1170 poenitentiae
357 1125 398 1159 in
427 1121 615 1160 Ecclesia
643 1120 890 1158 incaluerit?

145 1172 238 1218 406.
272 1173 410 1227 Resp.‚
458 1175 488 1214 si
533 1176 580 1214 de
616 1175 841 1228 poeuiteutia
883 1173 1041 1226 publica
1082 1175 1210 1226 quoad

88 1225 341 1266 substantiam
370 1228 603 1282 loquamur,
650 1242 736 1266 eam
777 1242 857 1266 esse
888 1227 1075 1280 Apostolis
1115 1241 1215 1266 coae-

90 1291 208 1327 vam5
239 1290 279 1319 ut
308 1292 408 1334 patet
437 1297 483 1321 ex
512 1282 583 1321 illo
612 1284 818 1321 incestuoso
837 1281 1036 1320 Corinthio
1055 1312 1065 1330 ,
1097 1296 1213 1334 quem

90 1330 233 1372 Paulus
262 1335 416 1375 tradidit
445 1347 584 1376 satanae
603 1367 614 1384 ,
662 1335 734 1374 hoc
763 1344 842 1383 est,
885 1335 1056 1387 publicat
1086 1337 1214 1386 poeni-

89 1387 222 1424 tentiae
250 1388 411 1440 subjecit
446 1404 479 1428 t.
508 1388 681 1428 Corinth.
703 1388 781 1437 V.‚
821 1389 854 1425 8<
884 1390 1033 1427 nonnisi
1066 1398 1144 1440 post
1175 1404 1212 1426 e-

89 1448 246 1479 xactum
291 1443 331 1481 in
378 1446 604 1496 poenitentia
645 1442 800 1494 aliquod
846 1450 995 1494 tempus
1024 1441 1210 1481 Ecclesiae

90 1496 353 1534 communioni
383 1499 569 1536 restituit.
614 1496 796 1548 Ejusdem
826 1495 998 1548 publicae
1029 1498 1215 1547 poeniten-

90 1546 157 1584 tiae
185 1556 358 1598 apertam
377 1551 609 1593 mentionem
632 1551 847 1588 invenimus
876 1550 978 1602 apud
1008 1549 1215 1588 Tertullia-

89 1612 187 1637 num
218 1603 234 1652 (
263 1614 380 1654 supra
407 1617 515 1642 num.
536 1603 630 1650 405.
661 1604 700 1652 ),
748 1604 783 1641 ἃ
812 1605 915 1656 apud
945 1602 1147 1642 nonnullos
1176 1618 1216 1642 a-

90 1650 164 1691 lios
184 1684 195 1702 ,
241 1657 311 1707 qui
339 1657 386 1695 ad
415 1672 500 1697 eam
547 1657 839 1706 significandam
878 1656 1107 1709 plerumque
1138 1666 1216 1694 ute-

90 1703 232 1752 bantur
261 1709 378 1748 verbo
404 1712 689 1761 ε’ξομλο)ἇσ8·αι
720 1711 1032 1762 exomologesim
1039 1709 1216 1762 ficere,

93 1772 172 1811 quo
200 1764 354 1801 nomine
384 1764 647 1816 intelligebant
689 1763 866 1815 jejunia,
914 1765 1186 1802 macerationes
1204 1795 1215 1813 ‚

89 1812 264 1866 aliasque
292 1818 462 1867 corporis
490 1818 780 1869 castigationes,
819 1816 960 1869 quibus
991 1819 1217 1869 poenitentes

72 1869 327 1921 ‘cogebantur
356 1870 465 1918 Deo,
495 1870 528 1908 ἃ
558 1870 744 1909 Ecclesiae
776 1871 992 1909 satisfacere
1010 1898 1020 1909 .
1053 1872 1216 1909 Atvero

90 1931 281 1973 quantum
313 1923 360 1961 ad
389 1924 626 1962 durationem
644 1953 655 1972 ,
697 1924 731 1961 8(
761 1924 809 1962 ad
838 1933 956 1962 certos
985 1924 1217 1962 determina-

91 1982 146 2012 tos
193 1977 464 2028 poenitentitun
507 1979 672 2030 gradus,
721 1977 806 2015 liaec
835 1977 1039 2030 disciplina
1068 1978 1217 2016 nonnisi

88 2037 174 2085 post
205 2032 374 2068 medium
405 2033 556 2070 tertium
575 2031 762 2070 saeculuin
793 2032 832 2069 in
863 2044 934 2068 usu
963 2032 1105 2083 coepit.
1137 2031 1219 2068 Hu-

84 2094 149 2133 Jus
178 2084 331 2121 initium
374 2083 496 2138 aliqui
526 2094 700 2137 repetunt
731 2097 775 2122 ex
818 2085 927 2135 epist.
959 2085 1146 2122 canonica
1174 2083 1218 2123 S.

86 2134 578 2191 Gregoris'l'haumaturgi
607 2139 710 2177 circa
739 2152 804 2177 an.
827 2137 918 2176 265.
947 2137 1021 2176 Sed
1051 2136 1214 2191 diligen-

86 2189 200 2227 tiores
228 2190 352 2230 critici
366 2191 640 2240 observarunt,
669 2205 712 2230 ea
731 2222 741 2240 ,
771 2191 921 2243 quande
950 2199 1112 2243 quatuor
1128 2205 1213 2243 poe-

39 2285 45 2292 ⁸
88 2242 295 2281 nitentium
321 2245 546 2283 stationibus
576 2245 614 2282 in
644 2245 725 2296 ipsa
756 2245 865 2295 epist.
895 2244 1075 2295 leguntur
1095 2273 1106 2292 ,
1136 2257 1214 2282 esse

89 2307 135 2332 ex
165 2295 206 2333 S.
234 2295 380 2334 Basilio
407 2298 631 2349 deprompta
649 2327 660 2343 ‚
703 2298 815 2349 eique
843 2295 1013 2348 epistolae
1046 2298 1182 2334 inserta
1203 2322 1214 2334 .

89 2348 125 2396 Q
177 2349 353 2388 ambreris
386 2350 466 2402 ipse
494 2350 535 2389 S.
557 2349 720 2388 Basilius
751 2351 898 2401 primus
929 2349 1116 2397 creditur,
1146 2351 1214 2401 qui

87 2400 228 2440 harum
256 2404 459 2442 stationum
476 2416 690 2456 expressam
714 2403 844 2441 fecerit
865 2403 1096 2440 mentionem
1125 2404 1214 2453 (a).

145 2455 305 2504 Quaeres
321 2456 521 2506 secundo,
551 2456 814 2508 quandonam
840 2455 924 2494 haec
953 2453 1106 2507 publica
1135 2469 1214 2507 poe-

89 2512 262 2548 nitentia
290 2514 332 2548 in
360 2509 661 2549 desuetudinem
691 2508 868 2548 abierit?

141 2563 236 2616 407.
265 2563 378 2617 Resp.
406 2578 452 2604 ex
481 2565 556 2615 iis,
597 2577 686 2617 quae
705 2569 829 2617 'supra
858 2577 965 2603 uum.
988 2563 1080 2603 535.
1110 2563 1209 2602 dixi-

137 2730 186 2765 (αδ
218 2725 344 2760 nolent
369 2725 524 2766 eruditi,
566 2726 709 2771 periisse
745 2727 846 2760 illum
872 2726 1003 2761 librum
1035 2730 1209 2771 'poenicen-

88 2774 228 2812 titzlem,
269 2783 372 2817 quem
398 2785 416 2806 a
441 2773 554 2817 seipso
587 2774 824 2817 conscriptum
863 2783 1032 2806 memorat
1060 2777 1209 2807 Sanctus

86 2820 288 2862 Cyprianus
312 2820 413 2864 epist·
435 2820 508 2851 th.
536 2817 578 2851 ad
607 2821 868 2852 Antonianum.
897 2820 1064 2853 Nonnulli
1093 2829 1208 2853 tamen

85 2865 147 2898 alii
173 2866 301 2898 servati
328 2875 432 2899 sunt.
459 2865 575 2898 Unum
592 2866 788 2898 Romanum
814 2864 913 2898 valde
940 2866 1126 2910 antiquum
1149 2865 1210 2899 ad-

85 2911 201 2946 texuit
227 2913 309 2946 Ant.
339 2912 552 2956 Augustinus
589 2910 632 2944 ad
657 2924 755 2945 suam
782 2911 964 2955 Epitomen
983 2914 1079 2958 juris
1104 2925 1207 2946 cuno-

86 2962 186 2991 m'ci.
229 2957 322 2992 idem
359 2957 582 2992 doctissimus
608 2960 823 3002 Augustinus
860 2971 879 2991 a
915 2959 1037 2992 multis
1074 2958 1208 2992 mendis

86 3005 252 3050 purgavit
277 3016 423 3038 canones
450 3005 732 3048 poenitentiates‚
758 3006 816 3050 qui
845 3005 1018 3038 habentur
1044 3014 1120 3050 post
1138 3005 1209 3038 De-

60 3053 63 3055 ’
85 3060 218 3084 cretum
243 3052 403 3084 Gratiani
432 3051 467 3084 in
507 3050 658 3084 editione
685 3053 867 3085 Romana.
920 3052 1018 3085 Alios
1045 3053 1206 3096 antiquos

90 3097 200 3132 libros
225 3099 484 3142 poenitentiales
507 3096 692 3131 ediderunt
719 3099 877 3131 Mor-inus
918 3099 952 3130 in
982 3097 1136 3142 Append.
1165 3095 1208 3130 ad

88 3143 213 3179 Tract.
241 3143 294 3177 De
321 3150 466 3189 poenit„
492 3147 523 3177 δι
551 3145 708 3177 martene
736 3145 837 3177 from.
857 3145 898 3176 ll.
926 3143 981 3176 De
999 3148 1110 3186 antiq.
1139 3142 1210 3177 Ec-

90 3191 175 3223 cles·
200 3194 348 3226 ritibus.
390 3193 484 3225 Duos
510 3191 616 3224 etiam
642 3192 819 3234 evulgavit
852 3190 1102 3223 solertissimus
1130 3190 1210 3222 Mu-

86 3239 238 3273 ratorins
262 3239 363 3273 Τοιη.
382 3239 422 3271 V.
451 3238 570 3280 Antiq-
591 3236 670 3271 Ital.
689 3238 795 3269 medii
811 3241 866 3269 καὶ
885 3237 1033 3269 Dissert.
1052 3236 1210 3268 hxvtlt.

89 3291 209 3317 erutos
233 3298 276 3320 ex
302 3286 466 3320 Biblioth.
495 3284 648 3330 Capituli
676 3283 910 3323 Veronensis,
949 3285 981 3314 ἀ
1009 3282 1213 3316 Monosterii

91 3329 272 3366 Bobiensis
289 3355 298 3363 .

144 3378 193 3419 (b)
227 3374 403 3414 innumeri
425 3388 507 3415 sunt
533 3379 748 3425 scriptores,
790 3376 850 3423 qui
876 3373 950 3410 hoec
987 3385 1094 3410 sacrae
1122 3373 1214 3408 anti-

2271 132 2350 184 157

1277 228 1361 251 mus
1390 215 1436 251 ‹le
1467 214 1565 251 sacto
1594 210 1792 260 Nectarii,
1821 208 2037 249 eommunis
2069 207 2145 247 sere
2174 215 2261 246 nata
2291 216 2342 246 est
2362 221 2402 245 e-

1276 267 1490 304 ruditorum
1529 267 1688 316 opiui0‚
1733 266 1770 301 iu
1815 263 1985 302 l⁴'..:clesia
2012 261 2365 311 Constantinopolin
2388 291 2399 310 ,

1276 334 1322 358 ac
1353 322 1393 358 iu
1425 318 1600 370 pluribus
1637 318 1723 355 aliis
1751 316 2029 363 orientalibus,
2078 329 2119 352 eo
2163 325 2331 368 tempore
2360 328 2402 352 a·

1276 373 1474 424 brogatain
1506 372 1621 409 fuisse
1652 368 2168 421 publicaniconsessionem,
2199 383 2242 406 ac
2273 369 2400 420 poeni-

1278 429 1434 464 tentiam
1453 455 1464 473 ,
1493 427 1550 463 sin
1583 425 1709 462 minus
1723 422 1879 459 omnino
1896 452 1906 468 ‚
1937 421 2071 458 saltem
2093 434 2226 470 magua
2249 435 2293 458 ex
2311 434 2399 473 par-

1267 476 1339 527 te,
1370 479 1512 517 scilicet
1541 486 1729 529 quantum
1750 475 1797 512 ad
1829 474 2027 526 publicam
2058 475 2292 511 occultorum
2323 474 2400 512 cri-

1279 535 1429 572 minum
1460 532 1753 576 confessionem,
1800 536 1987 580 quantum
2017 527 2062 564 ad
2094 535 2236 563 certum
2278 528 2400 578 poeni-

1279 588 1383 625 tendi
1413 595 1590 636 teinpus,
1634 596 1677 622 ac
1707 591 1894 634 quantum
1938 581 1986 617 ad
2014 588 2176 632 quatuor
2213 579 2404 617 distinctas

1280 641 1454 679 stationes
1474 638 1666 690 flentiwn
1685 665 1696 684 ,
1726 633 1981 680 aulicorum,
2011 640 2324 683 prostratorum,
2352 633 2402 673 ζον

1282 695 1618 735 εοηςὶειειιιὶωης
1665 702 1708 727 ac
1739 688 1981 740 poeuitentiae.
2014 684 2261 737 disciplinam
2291 685 2406 722 fuisse

1283 748 1329 785 ad
1360 749 1591 799 prim-evum
1621 751 1756 781 statum
1789 741 2006 785 redactam;
2039 741 2076 777 in
2105 750 2208 790 quo,
2239 747 2278 775 ut
2307 738 2406 775 dixi-

1282 814 1396 847 mus,
1443 798 1624 851 qtiaedain
1654 808 1822 843 severae,
1870 794 1904 830 ἃ
1935 791 2106 846 publicae
2138 791 2407 829 satisfactiones

1280 868 1358 891 sem
1374 867 1431 891 ›er
1461 855 1500 890 in
1532 865 1598 889 usu
1632 850 1783 888 fuerunt
1801 875 1811 887 .
1843 847 1956 900 Apud
1976 846 2129 884 Latinos
2157 853 2284 882 autem
2308 846 2407 896 rigor

1279 869 1450 958 publicae
1484 902 1841 957 poeuiteutiaejuxta
1872 910 2008 938 statuta
2037 912 2231 937 canonum
2260 897 2405 936 diutius

1278 960 1527 1011 perduravit,
1555 959 1652 995 itaut
1670 959 1784 994 etiam
1801 954 1899 992 Saec.
1915 952 2022 992 xlv.
2043 952 2223 1005 quaedam
2235 950 2407 1002 ejusdem

1278 1013 1437 1064 vestigia
1469 1014 1506 1049 iu
1536 1010 1732 1062 aliquibus
1761 1007 1946 1047 Ecclesiis
1975 1015 2209 1059 appareant.

1337 1066 1429 1111 408.
1460 1065 1544 1103 Non
1574 1073 1700 1102 tamen
1730 1061 1942 1113 putandum
1974 1070 2052 1108 est,
2097 1059 2294 1111 publicam
2327 1072 2408 1109 poe-

1283 1119 1482 1156 nitentiam
1514 1119 1565 1154 ita
1596 1119 1743 1166 penitus
1773 1114 2004 1160 exolevisse,
2037 1121 2074 1150 ut
2105 1115 2143 1151 in
2173 1112 2409 1164 quibusdam

1285 1171 1436 1210 casibus
1466 1171 1609 1208 restitui
1653 1182 1726 1207 uon
1755 1167 1919 1205 debeat.
1975 1166 2149 1218 Syuodus
2187 1167 2287 1203 enim
2319 1165 2409 1202 Tri-

1285 1225 1389 1262 deut.
1418 1225 1594 1276 quamvis
1614 1222 1710 1260 Sess.
1732 1219 1842 1258 XlV.
1863 1233 1948 1271 cap.
1968 1221 2004 1257 5.
2026 1217 2218 1256 definierit
2235 1247 2245 1264 ‚
2276 1217 2408 1269 publi-

1286 1292 1371 1316 cam
1404 1282 1648 1329 peccatorum
1669 1274 1940 1312 confessionem
1962 1285 2037 1310 non
2059 1285 2134 1309 esse
2164 1271 2294 1308 divino
2312 1285 2411 1322 prae-

1284 1339 1395 1382 cepto
1425 1331 1643 1371 mandatam
1661 1358 1672 1377 ,
1709 1329 1831 1365 immo
1860 1340 1929 1365 nec
1959 1325 2045 1363 satis
2075 1323 2243 1363 consulte
2275 1323 2412 1362 huma-

1279 1399 1331 1424 na
1360 1384 1492 1437 aliqua
1522 1383 1602 1435 lege
1617 1380 1949 1440 praecipiendam,
1979 1379 2080 1418 Sess.
2109 1387 2235 1415 tamen
2259 1376 2410 1416 XXIV.

1283 1453 1368 1492 cap.
1391 1437 1431 1476 S.
1460 1437 1525 1475 De
1553 1436 1766 1488 reformat.
1797 1435 1846 1472 ita
1868 1434 2020 1472 statuit:
2050 1461 2076 1480 „
2107 1429 2308 1482 Apostolus
2330 1443 2411 1469 mo-

1284 1522 1309 1541 „
1340 1499 1425 1539 net,
1456 1489 1614 1543 publice
1634 1496 1833 1541 peccantes
1863 1486 1991 1539 palam
2022 1498 2098 1523 esse
2126 1484 2410 1536 corripiendos·

1366 1545 1504 1582 ›uaudo
1533 1545 1648 1596 igitur
1676 1541 1726 1580 ab
1756 1540 1888 1593 aliquo
1917 1539 2100 1592 publice,
2138 1537 2172 1573 8(
2205 1539 2240 1575 in
2272 1537 2410 1574 multo-

1287 1629 1314 1649 „
1344 1612 1431 1636 rum
1460 1606 1661 1650 conspectu
1691 1596 1838 1633 crimen
1860 1594 2108 1631 commissum
2138 1591 2279 1638 fuerit,
2309 1591 2411 1629 unde

1288 1682 1315 1702 „
1343 1651 1437 1690 alios
1466 1650 1645 1690 scandalo
1664 1648 1851 1696 offensos,
1880 1655 2161 1698 commotosque
2191 1645 2307 1682 fuisse
2337 1657 2412 1684 non

1288 1735 1316 1755 „
1345 1707 1390 1744 sit
1406 1704 1657 1743 dubitandum
1675 1733 1686 1752 ,
1717 1701 1807 1740 huic
1828 1701 2053 1752 condignam
2070 1712 2138 1751 pro
2156 1698 2266 1736 modo
2280 1697 2409 1749 culpas

1287 1789 1314 1810 ,‚
1345 1759 1605 1813 poeniteutiam
1635 1755 1793 1810 publice
1822 1753 1975 1806 injungi
2004 1761 2147 1805 oportet
2177 1750 2246 1791 &c.
2277 1750 2334 1803 (b)
2359 1751 2410 1789 ‘'-

1539 1860 1981 1903 CAPUT
2117 1858 2171 1897 X.

1284 1576 1310 1595 32

1665 1969 1730 2008 De
1757 1967 2018 2021 Indulgentiis
2033 1991 2044 2005 .

1609 2077 1646 2117 Α
1662 2075 1692 2115 R
1709 2076 1744 2115 T
1759 2077 1772 2114 1
1789 2076 1820 2116 C
1835 2075 1870 2114 U
1888 2075 1920 2115 L
1934 2073 1973 2113 U
1987 2073 2014 2112 S
2061 2072 2090 2113 l.

1328 2185 1564 2238 Proponitur
1585 2214 1596 2233 ,
1623 2183 1674 2224 (9⁰
1703 2181 1932 2236 defenditur
1960 2179 2160 2219 Ecclesiae
2188 2178 2335 2232 dogma
2350 2203 2362 2218 .

1339 2292 1432 2344 4ος).
1451 2264 1739 2342 chiulgerztioe
1759 2302 1897 2326 nomen
1917 2299 1993 2325 non
2025 2287 2064 2324 in
2093 2298 2200 2323 sensu
2216 2298 2409 2337 gramma·

1284 2345 1388 2384 ticali
1420 2345 1480 2382 hic
1510 2346 1674 2382 sumitur
1694 2372 1704 2391 ,
1741 2341 1886 2380 s'cilicet
1915 2353 1984 2392 pro
2013 2339 2193 2386 lenitate,
2238 2352 2282 2377 ac
2313 2339 2408 2377 faei-

1283 2398 1387 2436 litate
1415 2398 1565 2445 animi,
1595 2410 1671 2447 qua
1700 2396 1786 2447 quis
1815 2394 1963 2447 aliquid
1987 2395 2144 2445 impune
2174 2392 2259 2430 fieri
2282 2392 2408 2430 indul-

1282 2461 1374 2504 get,
1418 2461 1530 2504 atque
1574 2450 1790 2502 permittit,
1833 2448 1866 2484 &
1898 2447 2127 2500 plerumque
2169 2446 2333 2483 sumitur
2364 2447 2405 2485 in

1282 2505 1428 2544 malam
1458 2513 1602 2556 partem
1627 2504 1683 2554 (c)
1707 2517 1716 2548 ;
1747 2501 1810 2540 seal
1839 2507 1908 2554 pr‘o
1938 2501 2157 2539 remissione
2186 2513 2316 2550 poenae
2345 2498 2408 2550 ju-

1277 2568 1330 2598 ste
1358 2559 1476 2598 alicui
1506 2557 1673 2596 debitae:
1703 2570 1780 2609 quo
1809 2569 1921 2595 sensu
1949 2557 2064 2594 etiam
2093 2552 2141 2592 ab
2163 2552 2336 2644 Eccles‘iia
2365 2567 2405 2591 a-

2320 2619 2360 2644 Ο.

1279 2723 1427 2769 ‹piititis
1454 2727 1679 2755 monumenta
1706 2719 1778 2752 suis
1822 2715 2125 2752 lucubrationibus
2153 2715 2377 2748 illustrarunt
2396 2736 2407 2747 .

1282 2772 1470 2812 Tyn-onum
1497 2767 1642 2800 utilitati
1671 2764 1859 2799 admodum
1887 2764 2107 2802 inservient,
2148 2773 2227 2806 ψη
2252 2762 2321 2794 viri
2347 2760 2409 2795 do-

1282 2809 1429 2851 ctissimi
1448 2837 1458 2855 ‚
1492 2815 1574 2847 Nat.
1603 2811 1801 2846 Alexander
1829 2813 1861 2844 in
1889 2822 1966 2843 srec.
1989 2810 2048 2843 lV.
2077 2809 2225 2842 Dissen-
2245 2808 2332 2848 Vh,
2377 2811 2410 2842 ἃς

1280 2876 1379 2908 seq.‚
1404 2863 1456 2895 Jo:
1488 2861 1644 2894 Morinus
1673 2861 1707 2891 in
1735 2862 1973 2891 (201mnentar.
2003 2856 2134 2889 Histor.
2166 2853 2223 2888 De
2251 2853 2407 2888 Sacram.

1278 2914 1458 2954 poenitent.
1488 2907 1562 2940 Lib.
1586 2906 1644 2939 tv.
1673 2908 1705 2937 ἀ
1730 2916 1802 2949 seq.
1819 2928 1829 2946 ‚
1866 2901 2034 2937 Cliardun
2056 2903 2177 2936 Storia
2202 2902 2257 2934 de·
2278 2902 2407 2934 Sacra-

1278 2960 1381 2990 menti
1410 2956 1511 2988 Tom.
1534 2955 1575 2986 ll.
1617 2953 1752 2997 copiose
1777 2950 2048 2989 disseruerunt,
2093 2955 2221 2994 praeter
2248 2947 2407 2980 Sirmon-

1282 3002 1366 3036 dum
1393 3003 1427 3035 in
1455 3001 1552 3034 Hist.
1580 3004 1699 3041 poenit.
1726 2999 1865 3041 publice
1883 3018 1894 3037 ‚
1922 2996 2074 3030 l‘etitum
2101 2997 2136 3028 in
2156 2995 2250 3028 notis
2271 2995 2316 3027 acl
2332 2992 2407 3023 Poe-

1278 3054 1513 3083 nitentiarzwn
1535 3045 1706 3079 Theodori
1722 3067 1732 3085 ,
1760 3044 1939 3077 l'etavium
1956 3065 1966 3083 ,
1994 3042 2257 3087 Atbaspinaemn
2273 3061 2282 3078 ‚
2308 3039 2403 3071 Mar-

1279 3096 1412 3130 tenium
1428 3119 1437 3136 ‚
1458 3093 1736 3134 'rhomasinuim
1757 3090 1965 3124 Witassium
1980 3111 1991 3130 ,
2008 3089 2238 3122 Toiirnelium
2251 3089 2313 3116 ἀεὶ.
2335 3086 2398 3115 &c-

1329 3150 1377 3180 (c)
1409 3143 1456 3176 Ut
1485 3154 1503 3174 a
1528 3139 1751 3184 Quintiliano
1778 3137 1856 3171 Lib.
1878 3138 1903 3170 l.
1933 3136 2088 3169 Institut.
2112 3133 2247 3166 dicente
2266 3144 2274 3159 ε
2303 3128 2398 3162 Mol-

1278 3190 1326 3222 lis
1354 3191 1419 3223 illa
1443 3190 1629 3226 educatio,
1654 3198 1748 3228 quam
1767 3197 1828 3217 nos
1854 3185 2105 3226 indulgentiam
2121 3189 2297 3228 vocamus,
2327 3187 2406 3226 ner-

1279 3247 1336 3267 vos
1361 3249 1474 3269 omnes
1499 3236 1624 3267 mentis
1639 3254 1650 3274 ‚
1676 3237 1717 3266 (Τ
1735 3235 1891 3275 corporis
1909 3231 2054 3273 frangit
2069 3250 2077 3257 ·
2108 3226 2148 3257 Et
2167 3223 2306 3276 Tullum
2324 3221 2400 3253 12¹1>-

1284 3281 1364 3314 Xll.
1389 3284 1491 3326 epist.
1517 3279 1560 3314 ad
1587 3278 1780 3313 Arcudium
1805 3279 1854 3311 ait
1874 3299 1885 3317 ‚
1913 3277 2032 3319 filium
2067 3273 2178 3315 J’atrir
2215 3269 2398 3321 tfldjdss‘fi·

1284 3331 1333 3360 tia
1357 3330 1562 3370 depravari.
1602 3327 1705 3359 Plura
1744 3324 1891 3357 inveniri
1936 3326 2105 3364 poterunt
2141 3313 2230 3359 apud
2257 3311 2401 3364 (ῥυ-ψη.

1282 3374 1540 3410 Bellarminum
1565 3372 1687 3408 Lib-1.
1713 3373 1768 3408 De
1793 3368 2026 3413 Indulgenciis
2042 3373 2118 3407 capi
2139 3373 2168 3396 ¹·
2183 3381 2195 3402 2
2221 3359 2407 3394 ¹¹1³1⁹²¹³m
