2605 3624
235 117 318 160 156

165 192 265 232 lianc
294 187 581 241 intelligentiam
622 186 709 242 jure
736 185 977 240 reprehendit
1007 187 1210 238 Salvator,
1254 188 1288 225 &

166 248 294 297 ipsum
312 274 322 292 ,
366 257 410 281 ac
439 255 504 280 nos
534 242 687 289 docuit,
737 240 834 279 lianc
864 245 1183 293 regenerationem
1213 255 1288 279 esse

166 307 282 336 totam
310 295 570 349 spiritualem,
600 297 776 347 quamvis
807 309 873 346 per
887 309 1029 347 aquam
1050 294 1288 333 materialem

170 351 263 390 fiat.
294 350 409 389 Porro
438 349 745 402 reprehensibilis
776 350 889 388 etiam
920 358 998 387 crat
1029 349 1258 386 'Nicodemus
1281 379 1291 397 ,

165 405 268 457 quod
299 403 396 443 hanc
434 404 756 456 regenerationem
800 403 1039 455 spiritualem
1083 411 1131 440 tot
1160 402 1292 453 figuris

165 460 207 496 iu
237 459 352 496 veteri
383 466 602 496 testamento
631 456 883 507 significatam
916 469 988 494 non
1024 457 1149 493 statim
1180 455 1288 493 intel-

167 512 301 564 ligeret
318 542 329 554 ,
359 526 449 550 cum
471 521 560 549 esset
581 510 763 561 Magister
783 512 819 547 in
840 509 953 547 Israel
972 535 981 546 .
1012 509 1103 546 Vid.
1124 508 1164 546 S.
1187 508 1288 545 'Pho-

165 580 248 604 mas
278 568 315 603 in
345 565 485 602 catena
527 578 643 601 aurea
671 564 718 600 ad
750 562 848 600 hunc
879 563 1033 607 loctiin3
1077 561 1112 596 8<
1139 561 1179 600 S.
1211 562 1289 599 Au·-

164 621 335 672 gustinus
365 619 494 656 Tract.
524 618 594 657 Xl.
624 618 663 654 iu
692 616 802 654 Joan.
832 630 940 653 1111111,
962 615 999 653 6.

226 686 313 725 129.
342 673 417 710 Ob.
434 669 605 710 secundo
621 696 632 707 .
664 668 774 707 Falso
794 670 974 706 asseritur
994 697 1005 715 ,
1035 676 1287 720 perpetuum,

166 725 200 762 &
231 727 461 764 invariatum
492 736 640 776 semper
678 723 792 760 fuisse
821 721 1006 759 Ecclesiae
1039 735 1177 769 usum,
1218 721 1288 758 ba-

164 780 334 831 ptizandi
364 780 403 817 in
434 778 512 816 sola
553 790 653 828 aqua
691 774 886 812 naturali.
931 773 1030 812 Nam
1073 778 1201 823 primo
1228 775 1287 811 Jo.

164 832 348 872 Moschus
366 862 377 880 ,
421 838 667 880 cognomento
696 827 884 865 Et'iratits
905 857 915 875 ,
946 828 984 865 in
1016 826 1139 865 Prato
1166 827 1288 877 Spiri-

162 888 262 924 miili
291 900 377 937 cap.
417 883 533 935 176.,
577 882 611 917 &
639 880 879 934 Nicephorus
908 880 1062 918 Callixti
1095 880 1184 918 Lib.
1219 881 1286 919 ΙΙΙ.

161 939 316 977 Histor.
346 953 431 990 cap.
462 937 526 987 57.
558 943 709 973 narrant
731 964 742 982 ,
783 935 966 972 Judaeum
1007 934 1215 985 quemdam
1245 935 1286 973 in

161 992 336 1044 periculo
365 991 492 1029 mortis
523 989 671 1026 defectu
708 1002 819 1040 aquae
851 988 964 1025 fuisse
1012 1001 1127 1025 arena
1155 1000 1286 1040 super-

160 1047 248 1084 fusa
275 1046 536 1096 imptizatun'13
585 1041 695 1092 cnjus
723 1041 905 1092 baptismi
936 1040 1090 1079 effectus
1119 1042 1195 1079 fuit
1220 1041 1287 1079 Ju-

162 1099 240 1136 daei
272 1097 447 1136 valetudo
476 1095 689 1149 prodigiose
719 1103 967 1146 recuperata.
998 1094 1178 1132 Secundo
1205 1094 1287 1133 Ste-

159 1151 312 1204 phanus
345 1152 414 1189 111.
435 1181 446 1199 ,
490 1149 551 1188 vel
583 1157 622 1187 ut
664 1148 732 1186 alii
780 1148 941 1197 volunt,
970 1149 1018 1186 ΙΙ.
1048 1148 1286 1201 baptismum

159 1204 344 1244 collatum
374 1207 413 1243 in
443 1205 532 1243 vino
561 1202 820 1255 approbavit,
850 1203 1044 1254 inquiens:
1092 1202 1135 1240 δι’
1164 1206 1204 1239 in
1234 1206 1286 1240 ri-

161 1272 216 1296 no
245 1263 355 1309 quis,
385 1266 595 1308 propterea
625 1255 726 1306 quod
742 1268 896 1303 aquam
925 1268 1005 1294 non
1034 1255 1284 1305 inveniebat,

163 1313 459 1362 periclitantem
491 1310 694 1362 infantem
724 1307 935 1360 baptizat-it
957 1339 968 1357 ,
1011 1310 1121 1346 nulla
1151 1313 1186 1348 ei
1215 1309 1288 1347 ad-

166 1364 350 1403 scribitur
379 1365 524 1415 culpa:
554 1363 736 1415 injiintes
764 1367 819 1400 sic
848 1373 1119 1413 permaneant
1148 1366 1190 1401 in
1219 1363 1290 1401 brz-

162 1423 333 1469 ptismo.
376 1417 513 1455 Simile
542 1430 764 1467 responsum
793 1417 976 1453 tribuitur
1012 1429 1164 1468 quoque
1192 1416 1289 1455 Siri-

161 1473 222 1509 cio
255 1472 363 1509 Rom.
393 1470 497 1507 l’ont.
516 1499 526 1515 ,
557 1471 624 1520 qui
655 1468 783 1506 floruit
813 1470 859 1506 ad
890 1469 1008 1507 finem
1038 1469 1138 1507 Saec.
1170 1469 1238 1508 lV.

219 1525 306 1563 130.
339 1524 451 1575 Resp.
470 1552 480 1570 ,
510 1521 691 1560 Judaeum
721 1520 833 1558 illum
864 1523 1024 1569 inscite,
1053 1522 1085 1558 8<
1117 1523 1287 1561 invalide

159 1579 277 1616 :fuisse
308 1580 346 1615 in
378 1590 491 1614 arena
519 1575 751 1627 baptizatum
770 1604 780 1622 ,
811 1588 855 1612 ac
886 1583 1083 1626 propterea
1104 1574 1286 1614 Moschus

159 1634 240 1684 ipse
269 1632 395 1670 subdit
418 1661 428 1678 ,
459 1643 548 1667 euin
568 1642 657 1666 cum
689 1637 814 1680 postea
842 1627 1109 1676 convaluerit,
1140 1642 1287 1667 novum

156 1687 200 1725 in
228 1686 391 1723 Jordaue
421 1683 658 1735 baptismum
700 1681 940 1733 suscepisse3
984 1682 1017 1718 8<
1047 1681 1288 1733 'Nicephorus

159 1740 303 1792 pariter
333 1747 512 1785 testatur,
562 1735 675 1774 illum
705 1734 940 1788 baptismum
988 1736 1103 1773 fuisse
1133 1736 1288 1774 irritum

157 1793 374 1844 judicatum
393 1823 402 1840 ,
432 1806 474 1829 ac
496 1790 678 1828 Judaeum
707 1790 754 1826 de
775 1802 874 1826 novo
901 1803 1001 1840 aqua
1017 1788 1185 1827 naturali
1215 1791 1288 1827 tin-

160 1856 266 1884 ctum
284 1874 295 1884 .
325 1845 587 1894 Quamobrem
620 1843 738 1881 relata
768 1842 922 1880 historia
951 1852 1184 1880 constantem
1213 1843 1288 1881 Ec-

165 1899 293 1938 clesiae
324 1913 434 1936 nsum
464 1897 681 1948 baptizandi
713 1898 751 1934 iu
781 1910 882 1947 aqua
910 1896 1114 1934 confirmat
1136 1922 1147 1934 .

222 1954 311 1991 151.
341 1953 547 1989 Decretum
564 1949 746 2000 Stephani
770 1950 837 1986 ΠΙ.
854 1978 865 1996 ,
894 1948 955 1986 vel
979 1950 1026 1986 ΙΙ.
1059 1952 1072 1999 (
1097 1959 1135 1986 ut
1155 1948 1292 2000 Pagius

160 2005 244 2045 vult
285 2016 415 2043 contra
444 2005 652 2042 Batonium
683 2002 727 2050 ),
769 2017 792 2039 a
821 2003 1004 2053 gravibus
1034 2003 1292 2054 Scriptoribus

162 2059 338 2111 rejicitur
369 2068 407 2096 ut
424 2057 707 2110 supposititium
725 2086 736 2104 ,
765 2069 856 2093 cum
885 2056 925 2093 in
956 2054 1061 2094 nulla
1084 2057 1198 2095 veteri
1219 2056 1292 2094 Ca-

162 2127 306 2152 nonum
336 2112 561 2151 collectione
605 2111 847 2162 reperiatur,
891 2108 925 2144 ἃ
956 2110 1083 2161 primo
1125 2110 1239 2147 fuerit
1267 2123 1291 2147 a

161 2166 372 2206 Sirinundo
415 2167 615 2204 inventum
652 2165 694 2200 in
737 2163 903 2215 quodam
934 2161 1011 2200 ΜΒ.
1041 2163 1291 2211 Laudunesi,

164 2230 279 2272 atque
309 2220 356 2257 ab
388 2220 470 2271 ipso
493 2218 638 2255 editum
659 2216 773 2254 Tom.
795 2217 841 2253 ll.
876 2216 1024 2253 Conctl.
1049 2215 1218 2264 Galliae,
1251 2217 1292 2254 in

165 2287 243 2326 quo
274 2276 511 2311 continentur
534 2270 739 2321 Responsa
768 2268 867 2306 data
896 2283 924 2306 a
953 2269 1070 2320 Ριιρα.
1090 2269 1292 2320 Stephano

164 2341 207 2365 in
241 2326 455 2364 Citrisitzca
487 2322 591 2362 Villa
619 2323 848 2361 Britannici
883 2322 1127 2360 Monastert'z'
1155 2323 1294 2375 gallice

163 2380 230 2418 De
262 2381 472 2432 Britigny.
503 2379 612 2416 Certe
641 2387 779 2430 praeter
807 2376 903 2414 alias
931 2378 1197 2428 suppositionis
1227 2391 1293 2414 no-

163 2444 246 2482 tas,
295 2433 390 2471 illud
420 2433 619 2470 observant
656 2433 730 2470 viri
772 2430 944 2479 eruditi,
986 2432 1089 2482 quod
1121 2430 1293 2468 Pontifex

165 2489 414 2538 interrogatus
443 2487 489 2522 de
519 2487 633 2523 unico
670 2486 835 2532 infante,
878 2498 994 2535 quem
1025 2484 1224 2536 Presbyter
1255 2486 1294 2522 in

164 2543 254 2579 vino
283 2540 571 2591 baptizaverat,
609 2538 711 2588 quod
739 2551 894 2588 aquam
924 2551 1004 2574 non
1034 2537 1256 2575 inveniebat
1278 2568 1292 2586 ,

166 2595 390 2646 respondeat
419 2594 458 2630 in
489 2605 649 2629 numero
686 2591 861 2644 plurali:
904 2590 1090 2644 Infantes
1119 2596 1175 2630 sic
1203 2605 1291 2644 per-

166 2657 367 2686 maneant
384 2673 394 2684 .
445 2645 617 2683 Ulterius
645 2646 784 2683 addat:
830 2649 864 2682 si
892 2659 1002 2696 (iqua,
1027 2645 1159 2697 fuerit
1188 2658 1291 2697 prce-

166 2715 259 2740 5ens
277 2731 287 2749 ‚
318 2715 407 2738 cum
437 2701 598 2751 quaestio
626 2708 838 2752 supponat,
877 2713 1020 2750 aquam
1050 2713 1122 2738 non
1150 2701 1292 2752 potuis=

167 2769 207 2793 se
237 2767 397 2791 inveniri
421 2779 432 2790 .

229 2807 316 2846 152.
351 2808 407 2844 Ab
436 2805 523 2844 aliis
553 2820 772 2857 responsum
802 2805 986 2857 Stephani
1015 2806 1184 2843 creditur
1211 2818 1294 2843 cor-

168 2870 355 2912 ruptum,
399 2859 573 2911 illudque
610 2863 663 2898 sic
706 2860 909 2912 legendum
954 2868 1059 2911 putat
1088 2858 1176 2896 Nat.
1209 2857 1294 2895 Ale-

171 2913 314 2953 xander
336 2912 434 2950 Saec.
458 2913 560 2950 Vlll.
590 2928 674 2965 cap.
702 2928 734 2952 ι.
756 2924 825 2951 art.
847 2913 912 2951 6.;
941 2913 1066 2950 Nulla
1086 2915 1122 2949 ei
1141 2910 1294 2949 adscri-

173 2967 274 3006 bitur
304 2965 447 3015 culpa,
489 2969 522 3002 si
551 2966 729 3018 infantes
758 2972 814 3005 sic
843 2974 1113 3017 permaneant
1144 2968 1185 3001 in.
1213 2969 1296 3015 ipso

172 3020 368 3074 baptismo
389 3045 400 3057 .
437 3019 602 3057 Omnino
631 3022 734 3059 enim
764 3020 990 3060 incredibile
1018 3019 1195 3068 videtur,
1232 3019 1299 3057 do-

223 3179 272 3214 (αᾶ
299 3174 420 3206 Petrus
457 3172 665 3216 Carpentier
704 3172 738 3204 in
779 3185 843 3206 sno
879 3185 968 3207 novo
996 3173 1204 3211 Glosmrio,
1244 3173 1301 3205 vel

181 3221 424 3266 supplemento
450 3218 490 3251 ad
507 3219 705 3251 Glossarnm
728 3220 920 3263 lJu-Cange
939 3221 1041 3252 rsom.
1071 3220 1094 3251 Ι.
1123 3220 1200 3262 Pag.
1217 3218 1299 3262 457.

183 3279 225 3300 ex
265 3266 327 3300 fide
355 3266 533 3298 Ben÷11i0ti
571 3265 660 3298 ΑΜ).
688 3265 971 3309 petroburgensis
1008 3267 1042 3296 in
1069 3265 1184 3297 Gestis
1213 3267 1298 3298 Hen.

182 3315 226 3347 ll.
254 3312 295 3345 ad
314 3325 382 3353 ann
418 3324 518 3355 ¹¹7¹·
545 3312 696 3351 scribit,
722 3310 907 3355 aliquando
933 3312 966 3343 in
991 3311 1159 3345 Hibernia
1185 3310 1299 3344 adha-

181 3358 363 3407 ptizamlos
389 3358 477 3395 tilios
504 3357 655 3394 divitum
672 3358 749 3394 1000
766 3370 862 3404 aquae
890 3356 1087 3395 adhibitum
1100 3358 1206 3394 fuisse
1232 3359 1299 3394 lac·

993 107 1261 152 DISSERT.
1283 108 1361 151 III.
1395 106 1523 152 CAP.
1548 107 1605 151 V.

1357 196 1462 227 ctum
1492 186 1607 225 illum
1637 184 1888 235 Pontificem,
1927 183 1961 223 &
1991 184 2159 238 antiquae
2190 185 2398 225 traditionis
2426 196 2479 225 te-

1359 241 1605 279 nacissimum
1635 240 1903 292 adeoturpiter
1933 252 2101 278 errasse.
2131 237 2203 277 Illa
2225 239 2339 278 etiam
2368 239 2479 278 lectio

1360 294 1447 332 Nat.
1480 294 1684 332 Alexandri
1717 295 1813 331 mire
1842 302 2021 332 consonat
2064 307 2153 331 cum
2183 292 2310 331 verbis
2351 296 2482 332 subse-

1360 347 1593 399 quentibus,
1623 346 1766 397 quibus
1796 348 1845 384 ita
1874 349 1996 398 pergit
2017 345 2208 384 Pontifex:
2237 345 2352 384 Mzm
2373 351 2405 384 si
2435 360 2482 384 a·

1360 414 1440 450 qim
1470 398 1599 449 adsint
1628 412 1834 448 praesens,
1870 400 1933 438 ille
1963 399 2176 452 Presbyter
2205 404 2482 438 excommnni-

1359 463 1495 500 cetur,
1538 453 1588 492 <⁷9²
1615 456 1856 501 poenitentioe
1892 451 2143 490 submittatur
2163 484 2174 502 ,
2217 458 2310 505 quin,
2340 464 2482 492 contra

1359 518 1563 543 canoniam
1584 509 1828 542 sentenciam
1844 518 1967 557 agere
1985 512 2235 558 praesumpsit
2252 521 2261 545 ι
2292 508 2389 545 unde
2409 523 2480 559 ap-

1358 568 1464 610 paret
1481 588 1492 605 ,
1521 566 1636 594 totam
1666 559 1917 609 quaestiouem
1933 560 2067 607 fuisse,
2097 575 2175 600 non
2201 562 2248 599 de
2269 562 2396 600 valore
2412 562 2481 599 ba-

1357 611 1487 663 ptismi
1509 640 1520 657 ,
1564 610 1628 648 sed
1656 611 1702 648 de
1732 611 1894 648 crimine
1925 611 2167 664 Presbyteri,
2209 616 2311 665 quod
2341 628 2481 667 suppo-

1357 666 1425 702 sita
1453 665 1622 702 carentia
1651 678 1764 716 aquae
1792 663 2010 701 excusabile
2041 668 2185 716 putavit
2214 667 2414 714 Pontifex3
2445 669 2477 706 i-

1355 718 1603 756 nexcusabile
1627 731 1715 755 vero
1732 748 1742 765 ,
1771 718 1802 755 si
1823 731 1925 769 aqua
1944 717 2097 755 aderat.
2127 719 2305 757 Ceterum
2335 723 2366 758 si
2395 723 2482 773 quis

1357 773 1624 811 contentiosius
1654 770 1773 819 velit,
1816 770 1916 809 illud
1946 784 2169 823 responsum
2212 773 2479 825 incorruptum

1357 840 1434 864 esse
1450 856 1460 874 ,
1490 826 1523 862 &
1540 825 1731 878 Stephano
1749 824 1858 862 Rom.
1880 823 2055 863 Pontifici
2077 824 2323 863 tribuendum
2343 855 2352 873 ‚
2383 826 2480 865 dun-

1356 888 1458 917 taxat
1500 879 1709 931 probabit,
1752 877 1856 916 hunc
1898 877 2120 916 Pontificem
2145 909 2155 926 ,
2203 888 2242 915 ut
2285 880 2481 930 privatum

1355 933 1558 971 Doctorem
1588 946 1758 980 errasse,
1789 944 1859 969 non
1892 941 1931 969 ut
1953 931 2179 970 universalis
2202 933 2388 971 Ecclesia.»
2417 947 2482 971 ca-

1355 995 1448 1039 put,
1487 986 1520 1022 81
1551 986 1741 1024 Pastorem
1759 1015 1768 1033 ‚
1798 999 1888 1023 cum
1919 999 2095 1037 responsa
2125 986 2192 1024 illa
2221 999 2294 1024 non
2324 987 2481 1024 fuerunt

1355 1039 1601 1088 solenmiter,
1632 1040 1665 1075 ὅ(
1695 1052 1740 1077 ex
1769 1038 1957 1076 Cathedra
1988 1039 2160 1090 prolata.

1417 1094 1505 1132 155.
1535 1093 1666 1131 Siricii
1709 1101 1837 1131 autem
1867 1091 1938 1130 hac
1968 1092 2007 1129 in
2037 1106 2077 1130 re
2106 1093 2300 1131 decretum
2345 1094 2484 1131 merito

1355 1155 1397 1184 ut
1425 1148 1710 1199 supposititium
1738 1145 1939 1198 rejicitur,
1976 1159 2065 1184 cum
2101 1145 2251 1184 nullum
2294 1146 2482 1184 habeatur

1355 1199 1528 1250 ejusdem
1555 1200 1633 1238 fide
1648 1201 1810 1251 dignum
1837 1209 2125 1238 monumentum
2144 1226 2159 1237 ..
2186 1198 2407 1237 Theodorus
2436 1200 2480 1237 in

1354 1254 1622 1292 Poenitentmli
1651 1254 1765 1291 Tom.
1801 1253 1830 1290 I.
1861 1267 1948 1304 pag.
1981 1255 2069 1306 159.
2112 1253 2214 1291 illud
2258 1253 2484 1305 ‘responsum

1356 1307 1416 1346 liis
1446 1308 1574 1346 verbis
1601 1308 1734 1345 refert:
1763 1336 1792 1355 „
1815 1305 2041 1356 Presbyter3
2071 1308 2138 1359 qui
2169 1309 2208 1345 in
2240 1308 2328 1344 vino
2356 1306 2483 1358 bapti-

1359 1392 1386 1411 „
1414 1371 1497 1410 zat,
1527 1364 1703 1413 proxima
1731 1361 1949 1398 necessitate
1967 1389 1977 1408 ,
2023 1369 2061 1398 ut
2093 1373 2194 1412 aeger
2224 1373 2295 1397 non
2326 1359 2484 1410 pericli-

1359 1445 1386 1465 „
1415 1424 1512 1453 tetur
1532 1445 1542 1463 ,
1573 1428 1642 1468 pro
1670 1414 1737 1452 tali
1755 1428 1794 1451 re
1817 1412 1926 1452 nulla
1956 1415 1991 1451 ei
2021 1412 2136 1465 culpa
2165 1413 2418 1458 adscribitur3
2448 1413 2483 1451 si

1356 1498 1383 1518 „
1413 1483 1503 1507 vero
1519 1483 1618 1521 aqua
1633 1469 1761 1506 aderat
1777 1497 1788 1516 ,
1817 1467 2067 1505 &necessitas
2087 1468 2174 1505 satis
2195 1478 2268 1503 non
2299 1466 2485 1517 urgebat,

1355 1552 1382 1571 „
1411 1520 1475 1560 hic
1504 1523 1774 1560 communione
1817 1522 2009 1573 privetur,
2052 1519 2087 1556 δε
2116 1520 2354 1572 poenitentiae
2393 1519 2485 1557 sub-

1354 1604 1381 1624 „
1411 1577 1606 1613 mittatur:
1648 1576 1774 1613 infans
1802 1587 1892 1613 vero
1921 1573 2014 1621 ille,
2057 1574 2088 1611 si
2118 1575 2157 1610 in
2195 1581 2320 1610 sancta
2349 1572 2486 1610 Trini-

1355 1658 1381 1676 ,‚
1411 1636 1484 1666 tate
1514 1630 1560 1666 sit
1588 1628 1798 1679 baptizatus
1816 1657 1827 1674 ,
1857 1629 1955 1665 ineo
1973 1627 2164 1677 baptismo
2197 1627 2487 1677 permaneat.'’

1357 1680 1448 1718 Vid.
1479 1681 1568 1719 Ant.
1599 1682 1833 1731 Augustinus
1861 1679 1926 1716 De
1967 1678 2248 1716 emendatione
2290 1678 2486 1718 Gratiani

1356 1734 1445 1772 Lib.
1467 1735 1497 1772 I.
1528 1733 1635 1772 Dial.
1661 1733 1750 1781 18.,
1781 1732 1815 1768 δε
1845 1742 1931 1770 nota
1960 1732 2058 1770 ibid.
2088 1732 2288 1784 apposita.

1417 1787 1506 1833 154.
1536 1787 1612 1826 Ob.
1642 1787 1713 1824 ult.
1741 1787 1955 1838 Baptismus
1983 1786 2124 1823 dicitur
2153 1786 2347 1823 institutus
2375 1786 2415 1823 in
2445 1799 2487 1823 a-

1358 1856 1436 1893 qua
1467 1851 1620 1894 propter
1647 1840 1865 1892 analogiam
1895 1841 1993 1878 inter
2021 1838 2262 1877 ablutionem
2287 1839 2455 1890 corporis
2472 1870 2487 1888 2

1360 1895 1393 1931 St
1423 1897 1564 1932 auimae
1595 1896 1883 1947 purgationem,
1919 1907 1985 1932 seu
2003 1922 2014 1942 ,
2044 1901 2083 1930 ut
2112 1892 2283 1944 loquitur
2311 1891 2352 1930 S.
2383 1892 2488 1930 Tho-

1360 1963 1442 1986 mas
1472 1948 1509 1986 5.
1531 1948 1574 1986 P.
1604 1957 1739 1999 quaest.
1770 1946 1836 1984 66.
1866 1956 1936 1984 art.
1958 1947 1995 1984 5.
2013 1975 2023 1994 ,
2053 1949 2147 1996 qnia
2177 1959 2287 1997 czqitii
2316 1959 2390 1984 sun
2419 1945 2487 1982 71121Ε

1361 2000 1545 2039 ηιιιίἱεατε
1574 2001 1712 2048 lavat,
1755 2003 1994 2037 conveniens
2023 2007 2112 2036 erac
2155 2000 2211 2037 ad
2252 2003 2356 2051 signi
2391 2012 2491 2037 can-

1359 2054 1458 2092 dam
1479 2084 1490 2102 ,
1534 2053 1584 2094 ἕν’
1612 2052 1872 2090 causanclnm
1908 2051 2152 2090 ablutionem
2195 2063 2454 2104 peccatorum
2472 2067 2488 2097 ς

1360 2109 1468 2160 atqui
1497 2116 1649 2144 externa
1691 2107 1860 2158 corporis
1887 2105 2034 2143 ablutio
2076 2114 2194 2156 potest
2222 2107 2338 2144 etiam
2368 2107 2459 2147 vino
2473 2136 2489 2155 ,7

1361 2171 1426 2202 aut
1455 2160 1532 2198 alio
1562 2160 1712 2211 liquore
1740 2160 1894 2211 peragi:
1925 2172 2040 2210 ergo,
2069 2159 2140 2197 &c.

1421 2215 1509 2253 135.
1540 2213 1679 2264 Resp.,
1708 2226 1784 2250 non
1800 2213 1914 2250 fuisse
1943 2226 2085 2264 aquam
2102 2213 2316 2250 institutam
2346 2221 2385 2250 ut
2413 2212 2484 2251 ba-

1363 2268 1546 2320 baptismi
1575 2267 1777 2304 materiam
1807 2274 1960 2318 propter
1990 2265 2110 2305 solam
2140 2265 2356 2318 analogiam
2388 2267 2485 2305 inter

1360 2321 1559 2360 lavacrum
1588 2321 1784 2373 corporis,
1822 2319 1855 2354 8(
1884 2322 2051 2368 animae»,
2090 2320 2154 2358 sed
2183 2321 2297 2358 etiam
2328 2320 2412 2358 aliis
2441 2321 2491 2358 de

1360 2376 1512 2424 causis,
1541 2387 1706 2427 quarum
1737 2386 1840 2419 una,
1877 2373 1912 2409 8(
1942 2375 2142 2426 praecipua
2172 2383 2254 2422 est,
2298 2378 2392 2426 qnia
2420 2387 2489 2411 ra..

1360 2434 1468 2467 tione
1497 2441 1581 2466 suae
1601 2430 1902 2465 communitatis
1919 2457 1929 2474 ,
1958 2428 2008 2467 <9
2028 2427 2290 2465 abundantiae
2319 2437 2377 2465 est
2393 2441 2488 2465 con-

1361 2487 1522 2522 veniens
1565 2485 1740 2518 materia
1777 2483 2007 2517 necessitati
2054 2479 2169 2530 hujus
2198 2481 2489 2519 Sacramentis

1360 2546 1489 2590 potest
1517 2539 1624 2573 enim
1653 2533 1789 2585 ubique
1806 2530 1941 2584 facile
1970 2530 2131 2570 haberi.
2162 2533 2216 2570 Ita
2243 2533 2284 2570 S.
2315 2533 2489 2572 Thomas

1361 2591 1444 2630 loco
1472 2592 1536 2628 cit.
1565 2590 1743 2627 Ceterum
1771 2596 1845 2625 tota
1888 2588 1983 2624 ratio
2019 2586 2230 2624 desumitur
2259 2599 2305 2624 ex
2335 2588 2488 2624 institu-

1359 2647 1460 2683 tione
1489 2644 1575 2682 Jesu
1604 2642 1771 2689 Christi,
1800 2640 1870 2693 qui
1898 2640 2021 2680 voluit
2047 2654 2184 2691 corpus
2211 2639 2333 2678 lavari
2363 2653 2463 2692 aqua
2476 2670 2491 2689 ,-

1360 2699 1396 2734 δε
1426 2711 1501 2735 non
1531 2698 1619 2734 vino
1639 2726 1650 2744 ,
1681 2695 1804 2742 lacte,
1835 2703 1899 2732 aut
1928 2693 2005 2732 alio
2034 2693 2210 2746 liquore.
2254 2689 2490 2745 Quanquam

1361 2765 1433 2790 nec
1466 2750 1687 2788 Adversarii
1729 2748 1896 2786 inficiari
1935 2758 2115 2798 possunt,
2159 2762 2299 2800 aquam
2344 2761 2420 2784 esse
2449 2759 2492 2783 o-

1364 2805 1516 2842 mnium
1548 2802 1743 2854 liquorum
1774 2801 1822 2839 ad
1859 2802 1982 2839 sordes
2012 2802 2181 2852 corporis
2224 2801 2491 2853 abstergendas

1366 2858 1534 2896 maxime
1576 2857 1781 2894 idoneam.
1825 2854 1916 2893 th.
1945 2854 2206 2893 Catechismus
2236 2854 2346 2894 Rom.
2375 2854 2491 2894 P.11‚

1365 2925 1451 2963 cap.
1485 2923 1521 2948 2.
1552 2924 1592 2947 11.
1621 2923 1680 2948 10.
1712 2909 1806 2961 (a).

1419 2964 1601 3012 Quaeres,
1632 2977 1688 3002 αη
1717 2976 1826 3016 aqua
1855 2961 2040 3015 baptismi
2068 2961 2207 3003 debeat
2235 2975 2323 3002 esse
2350 2971 2487 2999 conse·-

1365 3027 1484 3057 crata
1505 3015 1529 3053 Ρ

2348 3064 2438 3105 156.

1373 3173 1411 3205 ln
1440 3172 1600 3206 Concilio
1625 3171 1828 3206 Cashelensi
1866 3172 1902 3205 in
1929 3171 2099 3206 Hiber-ina
2125 3168 2241 3216 eod‘em
2275 3178 2391 3207 amm>
2426 3166 2484 3201 vel

1368 3219 1526 3262 sequenti
1551 3217 1649 3263 jussu
1679 3219 1820 3253 Henrici
1838 3220 1878 3252 ll.
1907 3220 2080 3253 celebrato
2105 3215 2145 3249 ad
2178 3212 2350 3256 hujsinndi
2393 3213 2480 3246 abn-

1368 3278 1444 3298 suin
1476 3264 1672 3299 tollendum
1698 3268 1784 3299 Can.
1803 3277 1833 3297 2.
1861 3275 2031 3299 statutum
2059 3263 2148 3305 fuit„
2174 3268 2211 3292 nt
2239 3261 2334 3303 [murt
2365 3259 2482 3292 defer-

1367 3321 1489 3345 rentur
1516 3313 1549 3344 in
1565 3313 1779 3353 Ecclesiam,
1807 3315 1839 3344 &
1865 3313 1914 3346 ibi
1938 3311 2199 3356 baptizarentur
2226 3310 2262 3341 in
2278 3319 2363 3352 αιμια
2388 3319 2482 3341 mun-

1366 3361 1413 3396 (Ζιι
1438 3356 1501 3394 sub*
1522 3363 1614 3396 trina.
1637 3362 1855 3405 inmersione
1873 3379 1882 3390 .
