2605 3624
753 174 832 218 DE
867 168 1426 216 SACRAMEKTORUM
1460 167 1754 213 MlMs'rttO
1766 200 1778 210 .

112 271 162 310 pe
194 257 315 297 Aaron
352 254 627 296 administratio
660 266 852 291 sacrorum
894 252 1122 301 pertineret.
1164 251 1234 286 (ἶσ-

114 311 222 351 lebre
250 321 300 350 est
330 309 452 356 illud,
480 309 581 361 quod
612 306 751 359 legitur
781 308 819 344 in
851 306 1014 343 secundo
1043 304 1146 342 libro
1166 303 1234 341 l’a-

113 361 457 418 ralipom.XXV1.
475 391 486 410 ,
514 375 654 413 nempe
685 359 860 398 Azariam
890 358 1131 397 Sacerdotem
1162 371 1236 394 una

116 431 205 456 cum
235 416 303 456 80.
329 415 417 454 aliis
443 414 713 453 Sacerdotibus
741 413 887 451 sortiter
925 413 1100 451 restitisse
1128 412 1236 448 Oziae

116 470 236 522 Regi,
276 471 345 523 qui
374 467 535 507 adolere
563 468 678 506 voluit
707 471 916 504 incensum
957 478 1074 516 super
1102 465 1238 503 altare

112 523 423 575 thymiamatt'S,
453 523 567 575 eique
595 522 762 560 dixisse:
792 519 886 558 Non
916 530 976 558 est
1004 524 1058 557 tui
1088 518 1236 567 ‹fficlt',

115 576 242 625 Θεία,
270 586 311 614 ut
339 575 505 614 adoleas
536 580 744 614 incensum
777 574 980 622 Domino,
1008 572 1078 612 seit
1093 573 1236 612 Sacer-

110 628 274 678 ‹lotum‚
313 628 386 668 hoc
415 638 473 668 est
490 630 676 683 filiorum
706 629 845 667 Aaron
863 659 874 677 ‚
916 632 981 680 qui
1010 630 1236 665 consecrati

109 692 199 721 sunt
227 683 285 722 ad
311 683 535 736 hujusmodi
557 686 790 729 ‚ministeria
807 708 819 720 .

161 749 202 790 9.
232 737 332 776 Hinc
362 739 476 776 etiam
506 747 680 777 constans
706 749 856 788 semper
886 733 1158 773 suitEcclesi.e
1190 748 1232 771 u·

109 804 199 839 sus,
244 799 284 829 ut
312 790 648 830 Sacramentorum
677 791 956 829 administratio
996 789 1147 826 nonnisi
1187 788 1235 825 iis

109 846 422 894 concrederetur,
463 847 531 898 qui
561 852 682 883 essent
709 844 758 882 ad
787 842 858 881 hoc
888 843 1146 880 ministerium
1177 855 1235 878 sa·

109 911 176 935 cra
204 896 451 938 Ordinatione
478 899 674 946 destinati,
703 905 861 948 excepto
889 896 1080 948 Baptismo
1109 908 1236 932 neces-

109 953 220 990 titate
249 962 429 1004 urgente,
473 960 512 990 nt
541 965 609 990 suo
638 950 720 988 loco
748 951 922 988 dicetur.
970 947 1086 986 Porro
1117 949 1154 986 in
1185 949 1238 986 Α·

111 1004 210 1053 ctis,
247 1005 281 1042 ἃ
309 1004 478 1057 epistolis
507 1003 772 1056 Apostolorum
802 1017 904 1054 saepe
933 1001 1096 1054 legimus
1114 1032 1125 1049 ‚
1168 1015 1236 1054 per

110 1071 296 1097 manuum
327 1059 610 1109 impositionem
626 1058 757 1096 'fuisse
786 1056 997 1109 Episcopos
1017 1086 1028 1104 ‚
1058 1055 1236 1108 l'raesby-

108 1120 204 1149 tero-r
225 1141 236 1160 ,
265 1111 298 1148 ἃ
320 1111 513 1150 Diaconos
529 1111 746 1158 ordinatos,
778 1110 877 1162 quod
907 1123 1236 1162 supervacaneum

107 1165 241 1217 utique
271 1164 399 1203 fuisset
417 1195 428 1213 ‚
456 1165 486 1203 si
507 1165 688 1203 omnibus
709 1164 1047 1202 indiscriminatim
1077 1164 1234 1200 tribuis-

107 1226 159 1256 set
182 1218 593 1271 Clitistus‘potestatem
610 1218 946 1258 Sacramentorum
978 1216 1236 1255 conficiendo-

108 1283 194 1309 rum
212 1298 223 1310 .
253 1271 352 1320 Quae
383 1272 513 1325 praxis
539 1272 611 1311 suit
643 1283 771 1326 postea
800 1271 850 1310 ab
875 1270 1050 1310 Ecclesia
1081 1271 1236 1322 religio-

106 1339 147 1363 se
173 1325 379 1365 custodita.
422 1326 470 1365 Et
497 1327 653 1379 qnando
680 1325 879 1365 Collutlms
908 1324 1072 1377 simplex
1102 1325 1237 1363 Sacer-

107 1379 172 1416 dos
201 1387 342 1418 temere
370 1394 482 1420 ausus
511 1388 564 1419 est
581 1380 791 1433 Epicsopos
808 1409 818 1428 ,
849 1378 1118 1417 &Sacerdotes
1147 1392 1237 1416 con-

108 1445 283 1481 secrare,
324 1433 432 1473 illius
460 1434 726 1473 Ordinationes
762 1434 881 1471 irritas
917 1432 1120 1471 declaratae
1150 1441 1237 1470 sunt

109 1485 151 1546 in
179 1499 317 1538 magna
346 1486 502 1540 Synodo
529 1487 718 1526 Nicaena.
756 1487 856 1525 Hinc
886 1489 999 1525 etiam
1030 1488 1071 1525 in
1101 1485 1236 1525 Eccle-

110 1551 168 1576 sta
196 1553 217 1577 a
248 1541 386 1592 primis
416 1555 534 1595 usque
563 1541 798 1594 temporibus
818 1542 925 1579 varia
955 1541 1122 1580 instituta
1151 1548 1238 1578 sunt

111 1593 350 1644 ministeria,
379 1594 415 1632 ἃ
445 1609 514 1647 pro
540 1595 701 1648 singulis
720 1595 976 1634 Sacramentis
1005 1596 1100 1633 varii
1124 1593 1157 1630 8(
1179 1593 1235 1632 di-

108 1647 208 1685 versi
236 1657 318 1686 sunt
345 1649 508 1688 ordinati
539 1651 726 1697 ministri,
758 1658 796 1687 ut
826 1650 968 1700 patebit
998 1648 1181 1686 inferius.

169 1712 230 1739 10.
260 1701 354 1752 obj.
383 1706 531 1751 primo.
565 1703 708 1741 Omnes
741 1701 891 1739 Fideles
920 1716 940 1738 a
969 1700 1124 1738 Christo
1146 1700 1235 1738 Jesu

110 1751 267 1791 instituti
309 1763 397 1792 suut
425 1754 667 1802 Sacerdotes,
710 1756 857 1793 dicente
887 1753 993 1792 Petro
1035 1755 1074 1791 in
1111 1755 1237 1804 prima

114 1805 225 1856 epist.
254 1820 340 1858 cap.
362 1808 411 1846 ll.
434 1808 472 1846 5.
514 1807 568 1846 Et
598 1812 698 1859 ipsi,
741 1818 940 1859 tanquam
984 1806 1138 1857 lapides
1167 1811 1238 1845 rivi

111 1859 515 1914 superoedificamini,
544 1861 687 1900 (lomus
715 1864 927 1912 spiritiiliS,
958 1860 1236 1899 Sacerdotium

109 1921 298 1950 sanctum
315 1944 326 1962 ,
361 1913 509 1963 offerre
537 1916 762 1966 spirituales
790 1915 941 1953 hostias
959 1946 970 1964 ,
1012 1913 1236 1966 acceptabi-

110 1963 168 2002 les
198 1964 286 2003 Deo
311 1980 382 2017 per
409 1967 545 2006 Iesum
579 1969 802 2006 Christum.
851 1970 944 2006 Item
977 1982 1077 2006 vers.
1105 1981 1143 2018 ς).
1174 1981 1239 2005 ros

110 2025 247 2055 autem
274 2033 402 2071 genus
431 2021 598 2058 electum
615 2053 626 2069 ,
656 2035 754 2073 gens
783 2031 932 2059 samem
949 2051 959 2069 ,
1001 2023 1141 2073 regale
1169 2035 1236 2058 sa-

109 2064 322 2110 cerdotium
340 2103 352 2122 ,
378 2075 541 2124 populus
571 2078 842 2125 acquisitionis
861 2101 871 2112 .
902 2075 995 2112 Item
1027 2074 1186 2126 Apocal.
1205 2077 1235 2114 l.

107 2122 149 2162 6.
192 2124 364 2165 Cliristns
390 2127 498 2180 fecit
541 2141 613 2166 nos
647 2141 844 2181 regnum,
887 2128 937 2168 ὠ·
970 2127 1235 2178 Sacerdotes,

107 2176 224 2228 Deo,
251 2179 303 2222 (θ’
331 2179 473 2220 Patri:
501 2181 535 2219 ἃ
565 2196 653 2234 cap.
686 2182 734 2220 V.
770 2196 831 2221 ιο.
874 2181 1018 2220 Fecisti
1046 2195 1119 2220 nos
1147 2182 1236 2221 Deo

107 2241 244 2294 nostro
272 2247 438 2288 regnum
457 2266 467 2284 ,
497 2236 547 2278 (9
576 2236 816 2276 &cer-dotes
832 2251 847 2281 ;
890 2236 924 2273 8<
953 2251 1040 2288 cap.
1070 2235 1165 2275 XX.
1194 2236 1234 2276 6.

107 2282 164 2322 Le
194 2297 310 2325 erunt
338 2287 576 2329 Sacerdotes
605 2289 710 2340 Del,
739 2291 788 2332 <9¹
821 2288 990 2328 Christi.

169 2351 228 2378 ιι.
248 2339 317 2380 Res
347 2369 385 2391 .‚
415 2342 474 2382 his
501 2345 543 2382 in
571 2343 664 2383 locis
691 2343 921 2383 Sacerdotis
949 2357 1086 2383 nomen
1115 2343 1235 2383 tribui

108 2393 287 2433 omnibus
344 2395 494 2438 delibus
535 2397 660 2437 latiori
701 2398 1005 2451 significatione;
1048 2398 1234 2451 quemad-

108 2445 266 2508 modum
296 2450 369 2502 ipsi
398 2451 606 2490 adversarii
648 2462 833 2505 coguntur
875 2453 1051 2505 accipere
1091 2465 1229 2491 nomen

105 2510 211 2552 regis
237 2503 415 2542 omnibus
443 2504 626 2545 fidelibus
653 2508 797 2558 pariter
817 2506 1005 2545 tributum
1023 2533 1034 2544 .
1070 2504 1229 2558 Duplici

104 2563 229 2593 nutem
260 2558 403 2596 ratione
426 2571 557 2598 omnes
584 2559 716 2600 fideles
744 2561 821 2600 dici
851 2570 1003 2613 possunt
1034 2559 1229 2598 Sacerdo-

105 2613 164 2666 tes
183 2606 324 2648 Christi
338 2626 354 2656 ,·
381 2617 511 2662 primo
527 2623 719 2667 quatenus
736 2629 868 2653 omnes
897 2613 1013 2652 simul
1045 2628 1134 2652 cum
1166 2627 1229 2651 ve-

108 2670 162 2696 tis
174 2659 437 2704 Sacerdotibus
465 2667 708 2706 incruentum
730 2668 860 2707 altaris
880 2667 1128 2707 Sacrificium
1147 2667 1230 2706 Deo

108 2711 298 2762 offerunt5
327 2719 426 2758 unde
457 2721 496 2759 in
524 2722 678 2760 Canone
699 2722 830 2760 Missa:
849 2721 1068 2760 Sacerdotes
1095 2722 1228 2759 dicunt

107 2763 381 2827 dte-fidelibus:
423 2772 502 2813 Pro
531 2774 665 2828 quihus
706 2775 771 2814 tibi
799 2774 1029 2824 offerimus,
1073 2776 1131 2813 vel
1163 2778 1229 2825 qui

106 2815 171 2855 “I'‘
199 2819 367 2885 ⁰ff²ruj21
386 2827 508 2873 Φῶς
549 2827 750 2879 offerunt,
784 2831 940 2882 inquam
959 2859 970 2878 ,
1000 2842 1072 2868 non
1101 2828 1230 2868 officio

104 2873 327 2934 ”cefdmfflt
344 2908 356 2926 ‚
383 2881 448 2919 sed
473 2882 737 2934 conjunctione
766 2886 984 2923 animorum
1004 2910 1014 2922 .
1057 2883 1156 2922 Sane
1186 2884 1228 2921 S.

104 2923 380 2992 Petruobjecta
407 2934 524 2974 verba
550 2937 748 2989 desumpta
777 2948 865 2976 sunt
907 2952 952 2976 ex
995 2952 1082 2989 cap.
1114 2936 1227 2975 XIX,

103 2975 226 3017 Exodi
245 3010 257 3028 ,
288 2982 486 3045 ubi-Deus
515 3001 580 3027 ore
601 2990 748 3043 Moysis
776 2991 871 3030 dixit
900 2991 1081 3030 Israelitis
1112 3005 1147 3029 v.
1165 2989 1225 3029 6.:

105 3029 162 3068 Et
191 3046 256 3071 vos
289 3046 398 3074 eritis
430 3039 525 3078 mihi
566 3043 621 3079 in'
649 3054 818 3096 regnum
855 3044 1133 3093 sacerdotale,
1175 3045 1225 3085 (9⁶

105 3097 208 3147 geris
236 3100 415 3135 sancta;
455 3105 530 3130 non
559 3097 667 3146 quasi
698 3097 855 3150 singulis
884 3099 1064 3137 israelitis
1095 3098 1226 3137 liceret

101 3151 184 3178 vert
212 3143 409 3182 sacerdotii
439 3147 582 3184 muniis
610 3148 746 3198 fungi,
787 3164 875 3202 quae
904 3151 992 3190 solis
1022 3151 1115 3190 filiis
1146 3153 1222 3192 Aa-

102 3203 171 3231 ron
198 3204 306 3234 erant
335 3209 546 3244 reservata5
576 3200 639 3238 sed
666 3201 760 3252 quia
786 3215 917 3242 omnes
945 3219 1021 3243 uua
1041 3220 1132 3244 cum
1153 3206 1223 3243 Sa-

106 3247 319 3289 cerdonibus
359 3251 628 3302 conjunctione
669 3254 887 3293 animorum
923 3258 1112 3297 sacrificia
1143 3259 1226 3297 Deo

107 3297 336 3343 offerebant.
393 3305 498 3345 Hanc
542 3306 836 3360 explicationem
884 3309 1034 3361 adoptat
1073 3311 1117 3350 S.
1145 3314 1224 3350 Au-

2316 171 2370 210 83

1302 249 1470 300 gustinus
1505 247 1591 284 Lib.
1614 247 1705 284 XX.
1738 247 1798 284 De
1827 251 1895 286 civ.
1920 248 1997 286 Det
2025 263 2109 301 cap.
2132 261 2191 287 ιο.
2222 247 2336 286 Tom.
2357 246 2425 285 tx.

1366 315 1423 339 12.
1454 299 1662 337 Secundo.
1693 300 1733 337 Si
1763 300 1883 352 aliqui
1916 302 2052 340 malint
2083 303 2165 340 lunc
2196 301 2275 339 loca
2298 303 2426 349 siugsszt-

1303 353 1350 392 lis
1382 353 1560 392 fidelibus
1589 352 1812 406 applicare,
1843 362 1930 390 tuuc
1962 357 2237 402 sacerdotium,
2268 358 2360 393 sicut
2391 355 2424 390 ὅ(

1304 422 1466 460 regumn
1487 437 1496 455 ‚
1534 407 1693 458 intelligi
1722 407 1834 444 debet
1866 408 1904 444 in
1934 421 2042 444 seusu
2073 410 2288 458 spirituali,
2331 422 2426 461 qua-

1305 471 1414 500 tenns
1441 474 1571 499 omues
1598 460 1690 499 boni
1736 459 1868 498 fideles
1904 459 2065 497 offerunt
2096 461 2176 497 lm,
2213 461 2426 512 spirituales

1306 515 1465 562 hostias,
1497 515 1588 553 idest
1616 513 1788 551 hostium
1819 513 1949 551 lamiis
2027 512 2211 564 fructum
2233 515 2426 552 lubiorum

1304 583 1375 607 con
1399 573 1581 607 cientium
1612 572 1763 605 nomini
1792 569 1877 619 ejus
1895 594 1905 604 .
1950 567 2070 605 Hebr.
2087 566 2191 604 Xlll.
2221 569 2307 611 15»,
2344 582 2428 605 ora·

1305 625 1422 662 tiones
1451 625 1634 672 iusuper,
1677 636 1766 674 qua:
1800 624 1920 673 Apoc.
1951 621 2058 658 Vlll.
2089 621 2126 658 5.
2157 630 2338 657 vocantur
2369 635 2427 657 m-

1305 690 1431 715 censa
1461 677 1588 713 multa
1618 676 1701 713 Deo
1742 674 1870 712 oblata
1900 687 2015 726 super
2056 675 2190 711 altare
2231 685 2395 710 aureum
2414 701 2428 722 ‚

1305 730 1407 783 quod
1435 740 1491 768 est
1522 739 1620 768 aute
1647 728 1832 766 thronum
1853 727 1962 774 Dei‚·
1991 727 2145 780 aliaque
2175 729 2357 764 virtutum
2389 743 2429 761 0-

1306 799 1395 838 pera
1415 814 1426 832 ,
1469 798 1559 837 quae
1590 793 1673 822 sunt
1702 784 1928 832 spirituales
1957 781 2123 830 hostiae,
2167 781 2427 832 accep;.;:':.f!e5

1303 839 1392 877 Deo
1419 851 1488 889 per
1514 837 1652 876 Jeswn
1685 836 1906 884 Christum,
1954 835 2073 889 Reges
2103 837 2214 873 etiarn
2247 841 2430 873 vocantur

1302 905 1434 931 omnes
1461 890 1699 939 Christiani,
1727 893 1820 944 qnia
1848 895 1993 929 servire
2022 889 2112 928 Deo
2139 902 2314 942 regnare
2342 898 2398 925 est
2417 917 2429 936 ,

1305 955 1344 985 nt
1374 946 1542 998 loquitur
1570 943 1769 983 Ecclesia:
1812 943 1872 983 vel
1902 946 1995 997 quia
2037 944 2217 982 omnibns
2248 941 2431 980 fidelibus

1303 1000 1526 1052 dispositum
1545 1029 1555 1048 ‚
1584 998 1618 1035 8(
1647 1007 1823 1051 paratum
1854 1009 1904 1036 est
1926 1012 2084 1050 regnum
2105 997 2202 1046 Dei,
2234 1006 2273 1034 ut
2304 997 2430 1048 inquit

1304 1055 1386 1105 ipse
1427 1053 1626 1092 Christus.
1675 1053 1757 1091 Hoc
1799 1066 1909 1090 sensu
1951 1052 2101 1090 dicebat
2130 1051 2171 1090 S.
2202 1050 2430 1089 Ambrosius

1305 1107 1394 1145 Lib.
1416 1106 1486 1145 lX.
1518 1106 1580 1144 De
1599 1105 1766 1144 Sitcercl.
1795 1121 1881 1158 cap.
1909 1119 1960 1144 ι.;
1994 1104 2269 1156 enusquisque
2286 1103 2428 1156 fillelis

1304 1165 1463 1212 ungitur
1491 1165 1532 1198 in
1563 1160 1829 1198 sacerdotium
1853 1191 1862 1207 ‚
1892 1163 2051 1211 ungitur
2079 1160 2129 1199 (θ’
2158 1163 2198 1196 in
2229 1170 2429 1211 regnum:

1305 1214 1375 1252 setl
1403 1215 1607 1265 spirituale
1636 1227 1805 1265 regnum
1835 1222 1892 1251 σεε
1910 1243 1921 1261 ,
1950 1213 2000 1253 ᾤ’
2019 1212 2287 1251 sacerdotium
2316 1215 2428 1261 spiri-

1304 1269 1433 1306 tuate.
1463 1268 1721 1319 Quocumque
1740 1276 1867 1305 autern
1891 1267 2000 1304 modo
2028 1266 2179 1317 objecta
2209 1265 2291 1303 loca
2321 1264 2430 1302 iutel-

1306 1321 1504 1374 ligantur,
1546 1320 1681 1373 procul
1709 1320 1847 1359 absunt
1890 1336 1933 1358 a.
1949 1333 2126 1372 perversa
2168 1318 2238 1357 illa
2270 1318 2430 1356 Lutlieri

1306 1376 1644 1428 interpretatione,
1674 1383 1715 1413 ut
1742 1373 1882 1426 singuli
1912 1373 2044 1412 fideles
2071 1374 2150 1411 dici
2180 1372 2320 1425 possint
2350 1372 2432 1408 veri

1305 1429 1550 1478 Sacerdotes,
1593 1430 1751 1482 verique
1787 1427 1961 1468 Ministri
2001 1429 2178 1466 omnium
2205 1426 2434 1465 Sacramen—

1305 1492 1429 1522 torum
1448 1510 1460 1522 .

1366 1537 1428 1576 13.
1458 1537 1549 1575 Inst.
1593 1540 1753 1588 primo.
1796 1535 2014 1574 Sacerdotes
2056 1532 2432 1586 comprehenduntur

1304 1590 1377 1630 sub
1407 1592 1562 1628 nomine
1587 1590 1717 1628 Cleri:
1747 1591 1852 1641 atqui
1885 1589 1953 1626 lioc
1985 1589 2137 1626 nomine
2168 1586 2430 1638 intelliguntur

1303 1657 1436 1681 omnes
1465 1643 1619 1689 fideles;
1648 1657 1737 1681 nam
1759 1642 1798 1681 S.
1817 1642 1945 1680 Petrus
1971 1656 2060 1693 cap.
2076 1641 2125 1678 V.
2156 1640 2261 1678 laud.
2292 1642 2431 1692 primm

1305 1699 1415 1749 epist.
1446 1711 1541 1734 vers.
1566 1711 1601 1735 2.
1632 1711 1669 1734 se
1701 1724 1711 1734 .
1740 1695 1917 1735 Seniores
1947 1695 2131 1734 Ecclesiae
2163 1693 2359 1740 hortatur,
2392 1703 2431 1730 ut

1305 1759 1458 1803 pascant
1487 1764 1639 1802 gregem
1671 1711 1742 1787 illei
1760 1779 1772 1798 ,
1814 1747 1897 1786 non
1923 1759 1963 1786 ut
1994 1749 2251 1787 dominantes
2280 1751 2320 1784 t'n
2345 1746 2430 1784 Cle-

1305 1817 1359 1841 ris
1375 1819 1390 1849 ‚·
1419 1817 1508 1857 ergo
1526 1817 1657 1841 omnes
1678 1802 1811 1841 fideles
1830 1803 1877 1840 ad
1896 1803 2072 1840 ordinem
2087 1801 2399 1840 Ecclesiasticum
2415 1830 2428 1848 ,

1305 1871 1369 1896 seu
1399 1867 1542 1895 coetum
1571 1855 1802 1894 Clericalem
1834 1857 2050 1908 pertinent.

1366 1911 1423 1956 14.
1455 1910 1569 1961 Resp.
1617 1909 1718 1948 Cleri
1747 1923 1881 1948 vocem
1912 1910 2024 1947 modo
2051 1909 2306 1948 communiter
2333 1907 2431 1945 desf-

1304 1979 1418 2016 gnare
1449 1963 1556 2002 illam
1589 1964 1722 2017 populi
1744 1964 1817 2002 Dei
1849 1966 2089 2017 portionem,
2119 1976 2207 2015 quae
2239 1961 2433 1999 Rectus-.-

1304 2020 1407 2056 sticis
1437 2020 1581 2056 muniis
1608 2019 1794 2057 obeundis
1823 2019 2006 2056 destinata
2036 2027 2113 2065 est,
2161 2018 2339 2068 quamvis
2367 2031 2429 2066 ge-

1303 2070 1484 2110 neraliter
1512 2072 1724 2125 aliquando
1755 2074 1866 2125 possit
1897 2073 2010 2110 etiam
2052 2071 2272 2123 significare
2315 2079 2431 2107 totam

1302 2125 1549 2175 Ecclesiam,
1588 2141 1652 2164 seu
1683 2127 1872 2179 populum
1903 2127 2005 2174 Dei,
2042 2135 2152 2178 prout
2190 2124 2402 2177 pastoribus
2421 2155 2429 2161 .

1303 2179 1338 2217 8(
1367 2181 1532 2229 ovibus,
1562 2182 1774 2230 ministris,
1804 2180 1838 2218 St
1860 2180 1973 2233 plebe
1993 2180 2264 2231 componitur.
2300 2176 2429 2215 l'rium

1302 2248 1412 2272 sensu
1442 2236 1630 2288 accipitur
1659 2234 1744 2274 ltaec
1773 2248 1846 2274 vox
1876 2237 1915 2272 in
1948 2236 2034 2274 Act.
2064 2235 2194 2286 Apost.
2214 2232 2245 2270 l.
2272 2245 2330 2284 ¹7·
2362 2232 2428 2267 nbi

1302 2288 1444 2327 dicitur
1472 2288 1592 2327 Judas
1620 2293 1777 2328 sortitus
1806 2298 1954 2327 sortem
1984 2291 2194 2326 ministerii
2216 2286 2426 2335 Apostolu—

1303 2350 1364 2380 tus
1381 2345 1396 2394 (
1412 2356 1536 2394 graece
1553 2338 1681 2392 ἔλαχε
1699 2343 1761 2383 rc'r
1779 2344 1909 2390 κλήροιν
1928 2341 2004 2384 wie,-
2017 2339 2204 2380 δἰακονιάς
2221 2336 2364 2379 ταύτης
2381 2338 2396 2385 )
2414 2364 2426 2375 ·

1302 2396 1393 2434 Alio
1412 2410 1549 2444 seusu,
1579 2394 1724 2431 scilicet
1755 2407 1825 2446 pro
1855 2402 1928 2431 toto
1957 2391 2097 2446 populo
2127 2390 2334 2428 israelitico
2362 2405 2426 2428 ac·

1302 2451 1444 2502 cipitur
1466 2452 1503 2487 in
1520 2448 1578 2487 Ps.
1597 2447 1765 2485 XXth.
1781 2477 1792 2494 ,
1824 2446 2063 2485 ubidicitur:
2094 2443 2283 2494 Populus,
2304 2456 2422 2495 quem

1299 2505 1411 2556 elegit
1434 2508 1446 2555 (
1467 2503 1600 2549 Deus)
1632 2505 1671 2538 in
1703 2499 1979 2539 hereditatem
2009 2499 2080 2537 sibi
2096 2525 2108 2536 .
2137 2499 2178 2537 S.
2200 2498 2332 2536 Petrus
2359 2512 2426 2536 au·

1297 2567 1374 2596 tem
1406 2560 1444 2596 in
1474 2571 1540 2595 sua
1569 2554 1725 2607 epistola
1745 2559 1953 2603 seniores,
1981 2553 2051 2592 hoc
2081 2561 2135 2590 est
2166 2566 2240 2590 non
2269 2561 2345 2590 tam
2378 2566 2429 2589 ze·

1298 2620 1400 2659 tate,
1430 2625 1547 2664 quam
1577 2609 1758 2661 dignitate
1788 2610 1825 2646 in
1846 2608 1987 2661 populo
2008 2607 2261 2661 praecedentes
2279 2637 2290 2654 ‚
2319 2606 2428 2644 ohse-

1297 2675 1386 2704 crizt
1404 2695 1415 2714 ‚
1443 2669 1572 2715 primo
1600 2673 1639 2700 ut
1670 2671 1824 2714 pascant
1851 2675 2004 2715 gregem
2027 2662 2128 2706 Dei;
2157 2659 2329 2705 secundo
2346 2690 2356 2707 ‚
2388 2668 2430 2698 ut

1297 2733 1371 2758 non
1401 2719 1625 2757 dominetur
1654 2721 1695 2754 in
1724 2717 1840 2754 cleris
1857 2747 1868 2765 ‚
1898 2732 1961 2754 seu
1986 2725 2023 2754 nt
2046 2729 2119 2753 non
2143 2716 2343 2766 imperiose
2366 2728 2423 2750 re-

1295 2783 1382 2826 gant
1413 2772 1628 2810 Ecclesiam
1649 2801 1659 2818 ,
1691 2785 1826 2823 nempe
1855 2769 1998 2816 cleros,
2033 2784 2097 2807 seu
2129 2770 2317 2821 portiones
2348 2767 2421 2806 Ec-

1296 2827 1426 2866 clesiae
1452 2827 1525 2865 sibi
1556 2823 1768 2876 subjectas:
1807 2823 2034 2876 sed,Jorma
2060 2821 2173 2875 fitcti
2207 2826 2340 2875 gregis·
2370 2833 2424 2859 et

1296 2885 1437 2919 animo
1455 2911 1464 2928 ,
1496 2893 1633 2931 nempe
1661 2877 1838 2930 exemplo
1868 2878 1989 2930 potius
2008 2908 2018 2921 ,
2049 2890 2167 2929 quain
2196 2878 2422 2915 auctoritate

1295 2935 1393 2974 alios
1423 2935 1470 2973 ad
1502 2936 1682 2987 pietatem
1713 2931 1947 2970 alliciendo.
1992 2931 2040 2969 Et
2076 2930 2171 2968 1111111
2207 2942 2358 2982 prorsus
2389 2931 2428 2967 in

1295 2999 1370 3027 toto
1400 2997 1576 3027 contextu
1609 2995 1792 3039 apparet,
1839 2998 1883 3023 ex
1913 2999 1991 3039 quo
2022 2986 2134 3037 possit
2174 2985 2340 3037 perfecta
2371 2984 2429 3021 in-

1294 3053 1350 3083 ter
1377 3057 1509 3081 omnes
1538 3040 1734 3095 aequalitas
1765 3039 1942 3078 extendi.
1972 3039 2143 3086 Quidam
2172 3053 2261 3075 cum
2295 3038 2429 3076 Hiero-

1294 3110 1414 3151 nymo
1443 3099 1484 3135 in
1513 3098 1622 3148 epist.
1653 3095 1737 3132 Lll.
1767 3094 1812 3132 ad
1830 3093 2088 3146 Nepotianum
2119 3093 2322 3145 legendum
2355 3104 2426 3143 pu-

1291 3161 1418 3190 tarunt
1449 3153 1487 3189 in
1517 3161 1677 3189 numero
1708 3147 1921 3200 singulari,
1953 3160 2081 3197 neque
2101 3157 2140 3183 ut
2161 3147 2416 3185 dominante<

1291 3209 1333 3244 in
1366 3205 1553 3253 Clerum,
1597 3201 1730 3241 nolens
1759 3202 1931 3250 scilicet,
1976 3202 2184 3254 Episcopos
2212 3198 2419 3250 superbum

1292 3260 1533 3299 dominatum
1563 3270 1738 3295 exercere
1767 3256 1991 3294 inClericos
2019 3255 2090 3293 sibi
2122 3254 2311 3303 subjectos
2333 3250 2418 3299 (α).

1352 3315 1413 3352 15.
1443 3314 1534 3351 Inst.
1553 3310 1750 3350 secundo.
1781 3310 1983 3363 Apostolus
1998 3308 2138 3347 Paulus
2166 3308 2212 3345 ad
2243 3301 2416 3389 Gai-3¹¹¹·

2301 3370 2335 3392 m
2354 3380 2365 3390 .

183 3429 233 3468 (α)
260 3429 454 3480 ΕΡῙΜΟΡῘ,
494 3435 610 3481 inquit
646 3434 741 3470 laud·
768 3436 884 3470 Sanct-
909 3434 1067 3477 Docuit,
1103 3436 1314 3474 Sacerdotes
1341 3452 1378 3474 se
1403 3451 1481 3475 esse
1505 3443 1688 3479 noverint,
1731 3449 1796 3472 non
1813 3430 2009 3470 'dominon
2051 3435 2212 3467 honorent
2239 3429 2424 3471 clericos,
