2605 3624
740 98 820 142 DE
856 93 1379 139 CONFJRMATJONIS
1415 95 1471 138 CI
1483 96 1826 141 {AttAC'ri-titss
1846 128 1856 139 .

125 181 281 233 quidem
311 194 414 235 posse
442 179 686 218 Sacramenta
718 175 926 227 baptismi,
956 174 990 210 St
1019 174 1237 212 Confirma-

124 236 234 273 tiouis
249 266 260 283 ‚
288 242 474 286 quantum
494 231 539 269 ad
562 243 641 268 rem
658 259 669 278 ,
698 228 733 265 ἀ
753 228 1013 266 characterem
1031 257 1041 275 ,
1072 240 1147 266 nou
1169 242 1236 265 au-

122 296 199 326 tem
227 295 410 340 quantum
440 286 486 322 ad
507 283 683 322 effectum
706 283 961 334 primarium,
990 295 1055 319 seu
1074 282 1235 332 gratiam

121 340 286 393 Spiritus
313 339 459 386 sancti,
487 351 606 389 quam
637 336 868 388 recipiebant
896 335 1079 374 duntaxat
1109 336 1147 372 in
1178 347 1236 371 re-

119 391 422 431 conciliationem
451 403 541 428 cum
570 388 742 428 Ecclesia
771 387 986 428 catholica.

177 443 263 484 156.
295 443 503 482 Fatendum
533 453 584 481 est
613 443 890 489 nihilomiuus,
933 441 1143 493 aliquando
1180 449 1232 478 et-

120 498 199 535 iam
235 497 336 550 apud
365 497 518 535 Latinos
561 498 792 548 impositioni
837 509 1021 534 manuum
1065 494 1232 532 additum

117 549 232 588 fuisse
259 549 615 597 chrismationem,
657 564 721 587 seu
757 550 973 587 unctionem
1008 562 1097 586 cum
1127 561 1233 585 sacro

116 602 345 651 chrismate,
374 604 476 656 quod
507 603 683 655 pluribus
712 603 1129 644 doc11=n2·ntiscousnt;
1162 615 1233 637 un·

112 655 160 693 de
201 654 235 691 &
265 656 506 695 Walafridus
534 657 670 695 Strabo
697 656 761 694 De
792 660 943 708 origine
984 667 1122 691 usuum
1156 653 1235 691 Ec·

114 708 209 747 cles.
238 723 323 761 cap.
346 710 409 748 26.
440 710 598 761 loquens
626 710 672 748 de
694 708 960 747 haereticorum
993 711 1233 760 receptione,

117 760 367 811 chrismate,
397 766 545 815 inquit,
573 764 622 803 (9⁶
652 776 799 800 manus
828 764 1102 811 impositione,
1132 759 1235 810 quoi

114 814 394 867 imperfectum
422 825 533 863 erat,
562 815 698 869 perfici
726 814 865 853 debet:
896 814 965 851 hoc
996 818 1037 849 in
1068 817 1233 850 cunoni-

112 866 208 917 hus,
236 870 287 910 (9¹
314 869 481 908 decretis
510 868 677 906 Pate-um
695 868 895 919 frequens
924 864 1113 904 habetur.
1158 868 1233 903 lm-

114 921 335 973 perfectum·
358 935 470 974 porro
496 931 601 961 vocat
617 921 928 967 Sacramentum,
957 919 1057 971 quod
1077 928 1233 971 propter

114 975 263 1013 obicem
294 975 473 1022 lucrosis,
503 984 567 1018 aut
595 974 808 1013 schismatis
837 986 948 1010 suum
977 973 1138 1022 plenum
1159 986 1232 1010 non

113 1027 328 1066 obtinuerat
357 1028 553 1066 effectum:
596 1025 874 1080 perficiebatur
919 1035 1046 1064 autem
1091 1035 1234 1062 remoto

110 1079 221 1117 obice
250 1094 317 1133 per
344 1079 690 1119 reconciliationem
709 1107 720 1118 .
769 1079 955 1118 Eamdem
985 1078 1230 1129 disciplinam

110 1133 274 1183 viguisse
303 1135 342 1172 in
371 1134 556 1186 Hispania
577 1164 587 1182 ,
616 1127 798 1180 discimus
827 1146 872 1170 ex
901 1133 942 1171 S.
973 1131 1112 1170 isidoro
1143 1132 1230 1170 His·

110 1185 254 1237 palensi
284 1187 372 1226 Lib.
393 1188 440 1226 ll.
470 1186 535 1226 De
561 1187 702 1236 officiis
730 1201 816 1238 cap.
834 1185 926 1234 24„
975 1186 1041 1223 ubi
1071 1185 1118 1222 de
1149 1184 1227 1222 hae-

110 1240 238 1278 reticis
266 1241 335 1280 rite
362 1241 562 1294 baptizatis
590 1242 738 1295 inquit:
782 1239 873 1278 Solo
903 1238 1122 1277 chrismate
1139 1269 1149 1287 ‚
1179 1241 1229 1280 <9-

110 1304 261 1331 manus
286 1297 532 1347 impositione
558 1293 757 1347 purgandi
785 1302 876 1331 sunt
892 1319 902 1331 .
945 1292 993 1331 Et
1023 1293 1228 1343 Gregorius

111 1344 342 1387 Turonensis
362 1347 468 1387 Hist.
487 1347 635 1387 Franc.
657 1348 745 1388 Lib.
768 1346 816 1385 V.
839 1362 875 1385 n.
898 1346 963 1398 39.
993 1346 1039 1383 de
1068 1345 1230 1383 Herme-

111 1399 264 1450 negildo
291 1402 339 1440 ad
369 1401 485 1440 fidem
514 1415 695 1440 converso
720 1402 834 1439 dicit:
864 1399 976 1438 Dum
990 1398 1231 1438 chrismare·

112 1460 202 1498 tur,
231 1451 410 1492 Ioannes
437 1464 496 1494 est
525 1458 716 1493 vocitatus
747 1455 810 1505 (a)
830 1481 841 1492 .

168 1505 256 1556 157.
285 1507 344 1546 Ex
374 1506 432 1546 his
461 1510 592 1560 paucis
618 1509 786 1561 antiquis
819 1508 1098 1554 monumentis,
1140 1520 1230 1558 quae

109 1569 156 1594 ex
184 1559 315 1598 multis
343 1560 570 1615 selegimus,
615 1574 680 1599 nos
721 1562 810 1599 satis
854 1560 1105 1613 probabiliter
1146 1561 1229 1598 erui

107 1622 215 1662 posse
243 1622 440 1664 putamus,
469 1615 754 1666 impositionem
777 1627 910 1652 manus
928 1643 938 1661 ,
969 1613 1094 1652 addita
1112 1614 1226 1650 etiam

105 1666 203 1702 sacri
233 1665 447 1706 chrismatis
474 1668 673 1714 unctione,
702 1681 779 1718 qua
807 1667 979 1705 conversi
1009 1666 1058 1703 ab
1089 1665 1225 1703 haeresi

107 1714 283 1756 haeretici
305 1719 488 1758 Ecclesiae
509 1719 877 1766 reconciliabantur,
906 1731 980 1757 non
1002 1718 1115 1757 fnisse
1134 1732 1229 1756 con-

99 1768 384 1821 firmatoriam
400 1803 412 1821 ,
441 1773 505 1812 sed
527 1787 619 1824 pure
639 1772 966 1810 caeremoniuletn
989 1802 999 1819 ,
1029 1771 1075 1809 ad
1106 1774 1228 1824 impe-

108 1824 309 1873 trandam,
351 1840 397 1864 ac
424 1826 716 1878 significandam
757 1827 918 1877 gratiam
948 1825 1113 1877 Spiritus
1141 1840 1227 1864 san-

106 1875 158 1912 cti
176 1905 186 1923 ,
230 1892 347 1928 quam
378 1878 580 1933 baptizati,
624 1878 683 1919 vel
713 1878 931 1917 confirmati
960 1887 1064 1917 extra
1093 1878 1228 1917 Eccle-

106 1930 203 1966 siam
231 1930 470 1970 Catholicam
500 1933 670 1983 recipere
705 1945 780 1969 non
808 1941 1006 1983 poterant.
1053 1932 1166 1979 Quod
1196 1932 1227 1970 si

105 1983 264 2035 antiqua
294 1982 378 2022 haec
406 1985 632 2023 consuetudo
660 1984 846 2023 Ecclesiae
876 1983 1018 2022 clarius
1038 2014 1049 2032 ,
1079 1984 1113 2021 ἃ
1142 1998 1226 2022 cei·-

103 2035 179 2073 tius
209 2035 391 2076 illustrari
419 2039 580 2091 nequit,
611 2050 684 2076 non
704 2046 901 2090 propterea
922 2036 1145 2076 indubium
1167 2051 1226 2076 re—

101 2089 229 2128 vocari
250 2098 366 2143 potest
383 2099 531 2130 certum
547 2090 717 2143 ejusdem
733 2089 920 2129 Ecclesiae
939 2090 1076 2143 dogma
1092 2121 1104 2140 ,
1123 2092 1227 2144 quod

102 2140 391 2183 Sacramentum
411 2144 723 2183 confirmationis
745 2143 993 2182 indelebilem
1024 2145 1224 2197 imprimat

103 2193 361 2237 characterem
378 2227 390 2247 ,
419 2210 494 2236 non
523 2199 659 2237 minus'
679 2211 797 2250 quam
818 2196 895 2235 alia
914 2197 990 2234 duo
1010 2197 1194 2249 Baptismi
1212 2229 1224 2246 ,

105 2246 139 2283 ἃ
168 2249 353 2299 Ordinis,
395 2259 434 2289 ut
463 2254 660 2304 propterea
688 2252 769 2289 sine
796 2250 932 2303 grandi
963 2250 1117 2303 piaculo
1154 2253 1225 2290 ite-

103 2302 180 2339 rari
211 2315 282 2341 uon
313 2305 454 2354 possit.

165 2353 253 2394 158.
282 2355 383 2395 Illud
415 2358 584 2410 denique
625 2358 857 2397 monendum
901 2357 1108 2406 ducimus,
1152 2371 1224 2397 uon

102 2420 242 2457 unam,
272 2410 524 2464 eamdemque
553 2412 668 2450 fuisse
697 2412 735 2449 in
753 2411 934 2450 omnibus
954 2411 1136 2450 Ecclesiis
1165 2425 1224 2450 re-

99 2461 364 2512 cipiendorum
408 2463 678 2504 haereticorum
717 2464 994 2517 disciplinam.
1042 2465 1142 2503 Nam
1181 2465 1223 2503 S.

99 2513 307 2567 Gregorius
334 2517 496 2570 Magnus
525 2518 565 2559 in
593 2517 782 2570 epist-67.
812 2519 902 2557 Lib.
925 2516 995 2557 xi.
1026 2518 1084 2556 Ab
1111 2523 1219 2557 anti-

102 2579 209 2616 qua,
238 2569 390 2620 inquit,
434 2570 599 2608 Parrum
628 2575 870 2609 institutione
898 2572 1132 2621 didicimus,
1177 2582 1217 2609 ut

104 2617 257 2668 quilibet
286 2623 393 2673 apud
419 2621 605 2661 haeresim
633 2629 674 2661 in
707 2623 915 2662 Trinitatis
956 2630 1120 2664 nomine
1148 2625 1217 2664 b.»-

103 2674 330 2721 ptizantur,
358 2687 449 2712 cum
478 2675 532 2714 ad
559 2686 749 2715 sanctam
779 2677 1011 2723 Ecclesiam
1041 2679 1219 2729 redeunt,

103 2732 175 2762 aut
202 2728 387 2766 unctione
413 2727 660 2780 chrismatis,
689 2739 760 2769 aut
788 2735 1036 2784 impositione
1057 2747 1219 2782 manus,

154 2904 204 2940 (a)
227 2901 307 2954 ‘Hoc
333 2902 487 2947 primum
506 2914 647 2951 apparet
672 2909 872 2953 exemplunm
896 2910 1048 2945 nominis
1075 2912 1111 2946 in
1129 2913 1223 2947 Con·

102 2945 304 2981 firmatione
331 2951 457 2983 mutati
479 2972 490 2991 ,
514 2951 607 2996 qnod
632 2963 751 2997 postea
778 2956 936 2989 nonnulli
963 2957 1091 2991 imitati
1118 2969 1224 3000 sunt,

102 2993 251 3027 §or-tasse
279 2994 320 3028 ad
351 2996 616 3039 significandam
649 3011 780 3033 novam
811 3001 893 3034 vitae
919 3002 1179 3039 inchoationem
1203 3019 1223 3040 a

104 3041 286 3085 preterita
311 3040 483 3075 diversam
497 3066 506 3075 .

149 3087 199 3125 (b)
222 3088 368 3121 Consul.
401 3089 626 3123 doctissimus
650 3089 753 3124 Edrn.
779 3093 940 3125 Matiene
975 3093 1031 3127 De
1054 3104 1123 3129 ant.
1151 3096 1225 3130 Ec-

107 3131 221 3166 etesia
247 3135 371 3167 ritibus
391 3135 495 3168 ‘l'om-
514 3137 556 3169 ΙΙ.
579 3135 656 3169 Lib.
672 3139 731 3170 ΙΙΙ.
754 3149 829 3181 cap·
850 3138 884 3170 6.
927 3140 1092 3173 Ceterum
1116 3143 1225 3177 etiam

110 3176 148 3227 in
171 3178 317 3214 Oriente
353 3183 489 3216 variam
527 3183 634 3216 fuisse
667 3182 947 3228 recipiendorum
981 3184 1227 3221 haereticornm

109 3221 359 3268 disciplinam,
385 3229 507 3262 multis
533 3228 701 3262 discimus
726 3231 960 3262 monumentis
976 3252 984 3261 .
1023 3231 1228 3266 'Theodorus

111 3266 251 3319 studita
276 3275 423 3308 celebr-is
447 3277 534 3309 Saec.
562 3277 624 3309 ΙΧ.
653 3277 847 3320 imaginum
877 3274 1040 3309 defensor
1065 3278 1099 3310 in
1125 3280 1229 3323 epist.

109 3313 151 3348 ad
167 3315 398 3355 Rauen-atium
413 3344 426 3366 ,
452 3322 537 3357 alios
562 3320 650 3358 dicit
674 3323 781 3358 fuisse
805 3322 1030 3368 baptizatos,
1053 3324 1139 3360 alios
1163 3337 1231 3359 un-

2289 116 2371 143 22*

2359 146 2364 153 ,

1305 184 1376 212 aut
1407 175 1492 210 sola.
1521 174 1763 224 professione
1782 176 1820 225 ji
1839 175 1886 212 lei
1925 177 1979 213 al
2010 190 2138 215 ,ηηιινη
2170 182 2313 216 matris
2346 179 2424 217 fc·-

1304 228 1437 264 clesioe
1466 237 1695 265 revocentur
1713 254 1722 263 .
1767 227 1878 264 L'nle
1915 230 2083 267 fir-unos
2112 245 2180 280 per
2209 236 2422 282 impositio-

1304 293 1398 318 neen
1429 293 1576 317 manus
1607 279 1824 327 Occideris,
1854 294 1922 328 per
1952 288 2179 322 unctionem
2208 299 2297 323 vero
2327 300 2423 325 sari-

1304 338 1356 371 cti
1385 333 1611 371 christu->itis
1641 334 1694 370 ιιὶ
1716 338 1938 385 ingressum
1961 345 2114 372 sunctae
2136 337 2333 378 Ecclesia·
2352 354 2423 378 ca·

1304 386 1458 425 tholicoe
1481 386 1624 424 Oriens
1645 387 1867 438 reformat.
1898 386 2206 439 lilonophysims
2228 406 2314 429 vero
2332 424 2342 439 ‚
2373 396 2421 434 <9⁴

1301 441 1403 478 alios
1431 454 1483 478 ez
1512 441 1598 478 solu.
1627 454 1721 478 veru.
1751 440 2001 490 consessione
2030 445 2162 489 recipit
2193 444 2277 482 &a
2321 450 2419 494 Qu„

1301 503 1427 532 tamen
1459 494 1574 532 verbi
1605 507 1677 532 non
1710 495 1758 530 ita
1790 508 1912 545 presse
1942 495 2165 544 accipienda
2187 506 2268 534 sunt
2287 526 2296 543 ,
2326 514 2422 549 qm-

1301 549 1331 585 si
1364 549 1401 584 iu
1423 548 1576 585 Oriente
1606 560 1815 598 numquam
1849 548 1961 584 fuerit
1992 561 2125 585 manus
2155 550 2420 599 impostum)-

1305 600 1450 648 hibita,
1480 600 1513 637 8(
1535 602 1573 639 in
1595 601 1801 638 Occidente
1821 614 2016 651 nunquam
2036 601 2147 638 suerit
2163 602 2289 640 addita
2305 603 2423 641 chris-

1303 655 1414 692 matis
1445 655 1595 692 unctio:
1625 654 1858 692 contrarium
1889 655 1993 692 euim
2015 655 2149 702 exiis,
2178 669 2266 706 qnae
2299 660 2423 695 hacte-

1303 722 1374 744 nus
1403 707 1504 745 dicta
1532 716 1615 746 suut
1634 737 1644 753 ,
1689 708 1888 746 manifeste
1918 717 2100 760 apparet3
2146 710 2208 745 seri
2249 710 2350 760 quod
2384 720 2422 747 ut

1303 760 1518 812 plurimum
1549 762 1599 799 ita
1620 761 1703 798 fieri
1719 760 1871 799 soleret:
1901 761 2004 812 quod
2034 760 2148 799 etiam
2179 762 2338 801 editores
2355 763 2425 800 He-

1301 814 1487 853 uedictiui
1519 815 1665 852 erudite
1695 823 1870 854 notarunt
1887 813 1943 865 (b)
1963 842 1973 852 .

1326 900 1331 905 .
1362 867 1448 919 139.
1478 867 1571 920 Obj.
1602 877 1800 919 postremo
1828 868 2013 907 nonnulla
2054 878 2226 907 veterum
2256 870 2424 908 testiino-

1301 921 1392 967 nia,
1422 921 1565 972 quibus
1596 923 1786 960 indicatur
1815 930 1972 974 aperte,
2002 922 2342 962 confirmationem
2377 924 2423 961 ab

1301 971 1491 1012 haereticis
1520 975 1646 1013 datam
1680 976 1792 1013 fuisse
1821 990 1842 1012 a
1872 974 2071 1013 catholicis
2101 977 2272 1014 iteratam
2295 1003 2306 1016 .
2336 977 2426 1015 Pr.-

1301 1039 1368 1063 mo
1396 1027 1437 1065 S.
1458 1027 1700 1079 Cyprianum
1732 1041 1799 1080 pro
1828 1037 1931 1066 certo
1960 1028 2136 1067 habuisse
2166 1030 2342 1077 videtur,
2375 1030 2422 1069 R.

1299 1079 1341 1117 S.
1371 1079 1637 1132 Stephanum,
1680 1084 1747 1132 qui
1778 1081 1981 1133 baptizatos
2011 1084 2052 1119 in
2083 1081 2216 1121 haeresi
2254 1083 2423 1136 rebapti-

1299 1133 1375 1170 zari
1405 1132 1581 1181 vetabat,
1624 1136 1762 1171 iterum
1795 1143 1921 1172 tamen
1952 1134 2194 1173 confirmasse
2223 1150 2312 1184 eos,
2355 1138 2424 1188 qui

1297 1186 1338 1223 in
1368 1184 1503 1223 haeresi
1533 1195 1636 1224 erant
1665 1186 1906 1232 confirmati3
1939 1187 2036 1224 unde
2056 1189 2233 1226 eiiundem
2257 1189 2424 1228 incohae-

1297 1240 1434 1277 rentiae
1466 1241 1516 1278 ita
1549 1239 1730 1291 arguebat
1775 1242 1816 1278 in
1843 1239 1966 1292 Epist.
1998 1240 2182 1278 LXXlV.
2230 1241 2273 1279 Si
2300 1251 2426 1292 potest

1297 1296 1363 1342 qui
1405 1302 1524 1331 extra,
1555 1292 1787 1331 Ecclesium
1830 1302 1951 1332 natus
1995 1295 2185 1344 templum
2218 1293 2293 1333 Dei
2325 1296 2424 1348 fieri

1300 1350 1315 1397 (
1339 1360 1404 1398 per
1420 1347 1656 1398 baptismum
1674 1347 1689 1395 )
1709 1377 1719 1394 ‚
1749 1359 1820 1384 cur
1849 1361 1928 1386 non
1957 1351 2075 1396 possit
2095 1361 2211 1397 super
2231 1351 2422 1399 templum

1296 1400 1349 1439 (9²
1378 1399 1542 1449 Spiritus
1571 1409 1733 1438 sanctus
1762 1400 1956 1452 infundi?
1991 1401 2187 1439 Nimirum
2217 1413 2364 1440 sanctus
2394 1405 2424 1440 i-

1299 1461 1351 1489 ste
1381 1453 1593 1505 Episcopus
1623 1453 1732 1490 illam
1777 1468 1961 1491 manuum
2006 1455 2314 1505 impositionem,
2358 1458 2422 1494 cui

1299 1515 1526 1544 revertentes
1555 1507 1604 1543 ab
1635 1506 1771 1543 haeresi
1788 1507 2000 1557 Stephanus
2032 1506 2222 1558 subjectos
2250 1523 2325 1546 esse
2356 1523 2420 1546 vo-

1299 1558 1428 1607 lebat,
1459 1558 1559 1597 nihil
1588 1558 1693 1598 aliud
1724 1574 1800 1597 esse
1827 1560 2113 1607 arbitrabatur,
2143 1575 2260 1614 quam
2283 1575 2423 1601 novam

1297 1612 1628 1650 confirmationem
1647 1639 1657 1650 .
1688 1612 1868 1650 Secundo
1897 1613 1938 1651 S.
1970 1614 2205 1664 Augustinus
2235 1615 2323 1653 Lib.
2354 1616 2420 1654 lll.

1296 1664 1360 1702 De
1377 1665 1494 1714 Btipt.
1524 1680 1608 1717 cap.
1636 1666 1695 1704 iO.
1727 1665 1881 1704 Manus
1911 1670 2126 1717 impositiO,
2157 1669 2310 1720 inquit,
2341 1682 2422 1706 non.

1298 1722 1397 1755 sicut
1426 1718 1643 1770 baptismus
1672 1724 1792 1769 repeti
1823 1732 1904 1757 non
1943 1729 2099 1770 potest,·
2142 1735 2255 1758 nemo
2292 1731 2420 1760 autem

1296 1772 1468 1822 ignorat,
1497 1772 1600 1824 apud
1622 1781 1764 1810 veteres
1781 1803 1790 1820 ,
1809 1773 2006 1824 praecipue
2022 1773 2124 1824 apud
2145 1773 2282 1812 latinos
2298 1806 2309 1823 ,
2330 1789 2420 1813 mri-

1295 1837 1420 1862 nuutn
1449 1829 1741 1877 impositionem
1771 1825 1869 1864 nihil
1914 1840 1990 1864 esse
2024 1826 2127 1864 aliud
2147 1857 2158 1874 ,
2201 1841 2320 1880 quam
2350 1829 2420 1866 Sa-

1294 1887 1535 1916 cramentum
1564 1878 1874 1917 confirmationis
1892 1906 1902 1916 .
1950 1878 2077 1917 Tertio
2110 1883 2249 1918 Auctor
2278 1895 2422 1925 anonv-

1294 1944 1380 1968 mus
1407 1932 1606 1983 Cypriano
1637 1945 1815 1980 coaevus,
1860 1933 1925 1985 qui
1959 1932 2288 1984 lic-baptizantium
2320 1929 2422 1973 err‘o-

1294 1997 1376 2022 rem
1398 1985 1546 2036 egregie
1565 1986 1799 2033 confutavit,
1830 2001 2016 2025 manuum
2040 1988 2322 2039 impositionem
2352 1990 2419 2026 da-

1294 2046 1372 2075 tam
1404 2037 1592 2076 haereticis
1622 2040 1930 2091 resipiscentibus
1973 2049 2081 2079 vocat
2123 2045 2283 2092 signum
2315 2042 2421 2096 fitlei

1294 2094 1507 2140 iteratum,
1536 2102 1654 2143 atque
1674 2103 2030 2132 consummatum:
2059 2107 2146 2147 qua:
2171 2094 2336 2147 epitheta
2352 2096 2421 2134 Sa-

1294 2154 1536 2184 cramentum
1577 2145 1891 2185 confirmationis
1930 2148 2130 2186 manifeste
2171 2149 2418 2199 significant.

1295 2199 1408 2238 Addit
1425 2229 1436 2247 ,
1464 2199 1672 2238 haereticos
1691 2199 1910 2250 baptizatos
1929 2214 2039 2252 aqua
2056 2231 2067 2248 ‚
2096 2210 2255 2239 tantum
2277 2207 2316 2239 in
2332 2201 2418 2252 Spi-

1293 2255 1371 2289 ritu
1399 2261 1542 2291 sancto
1584 2251 1843 2302 baptizandos
1884 2267 2000 2291 esse:
2044 2254 2256 2304 baptismus
2286 2263 2414 2294 autem

1293 2307 1332 2343 in
1360 2305 1507 2358 Spiritu
1537 2316 1686 2353 sancto,
1729 2307 1900 2344 diversus
1929 2322 1950 2344 a
1979 2307 2170 2358 baptismo
2197 2321 2337 2360 aquae,
2376 2324 2418 2347 a·

1292 2358 1375 2397 liud
1404 2373 1482 2397 esse
1511 2373 1584 2397 non
1617 2367 1762 2410 potest,
1799 2373 1915 2411 quam
1945 2360 2237 2399 Sacramentum
2265 2362 2417 2400 Confir-

1292 2414 1470 2451 mationis
1491 2439 1501 2450 .

1353 2466 1441 2511 ¹40·
1473 2465 1585 2517 Resp.
1624 2465 1672 2503 ad
1699 2469 1902 2515 primum,
1946 2466 1988 2506 S.
2017 2467 2256 2519 Cyprianum
2278 2497 2290 2516 ,
2328 2466 2417 2508 licet

1291 2519 1470 2567 doctum,
1500 2518 1533 2555 8<
1563 2527 1740 2567 acutum,
1771 2528 1862 2558 aestu
1893 2528 2019 2559 tamen
2048 2521 2333 2572 disputationis,
2376 2533 2417 2560 ut

1285 2572 1379 2611 alias
1396 2572 1547 2610 Diss.ll.
1564 2571 1696 2610 n.163.
1711 2573 1990 2622 adnotavimus,
2009 2573 2226 2626 abreptum,
2243 2583 2412 2613 mentem

1289 2625 1472 2678 Stephani
1502 2638 1577 2664 non
1607 2626 1721 2663 fuisse
1749 2626 1846 2664 bene
1875 2636 2115 2674 assecutum,
2153 2636 2268 2680 atque
2297 2629 2335 2665 iu
2364 2642 2409 2666 eo

1288 2678 1530 2717 vehementer
1558 2691 1725 2726 errasse,
1768 2680 1868 2732 quod
1898 2679 2191 2719 Sacramentum
2233 2680 2284 2719 ab
2326 2679 2410 2732 ejus

1288 2732 1424 2773 effectu
1452 2745 1528 2772 non
1556 2732 1798 2772 distinxerit.
1842 2733 1944 2772 Hinc
1971 2735 2064 2786 quia
2099 2733 2317 2786 Stephanus
2344 2736 2410 2773 do-

2299 2801 2361 2826 ce-

1293 2920 1394 2952 ctos,
1420 2910 1506 2946 alios
1532 2911 1647 2945 solum
1675 2910 1837 2944 lireresirn
1863 2910 2198 2946 anathematizasse.
2242 2910 2338 2946 idem
2362 2919 2416 2944 et·

1293 2959 1365 2993 iarn
1391 2949 1525 2992 {onstat
1552 2970 1594 2994 ex
1623 2958 1735 2991 tribus
1762 2957 2017 3001 antiquissimis
2042 2957 2296 3002 Euchelogiis,
2321 2958 2418 2992 scili-

1295 3014 1349 3038 cet
1373 3003 1566 3038 Barberino
1582 3026 1593 3044 ‚
1618 3003 1712 3037 dicto
1738 3004 1857 3037 Sancti
1883 3005 2024 3045 Marci,
2048 3006 2131 3050 quia
2156 3017 2198 3038 ex
2225 3003 2415 3039 Bibliothe-

1293 3063 1333 3083 ca
1361 3051 1427 3084 FF.
1456 3050 1563 3084 l‘raed.
1589 3051 1707 3084 Sancti
1736 3051 1848 3085 Marci
1874 3050 2059 3086 Florentiae
2092 3052 2127 3084 in
2161 3049 2414 3086 Bibliothecam

1293 3095 1492 3132 Cardinalis
1518 3098 1694 3132 Francisci
1715 3097 1897 3132 Bar-herini
1924 3099 2134 3132 translatum
2154 3099 2234 3137 fuit3
2260 3097 2415 3139 Crypto-

1293 3141 1524 3185 Idsrratensi,
1567 3143 1664 3188 quod
1691 3145 1741 3178 illi
1768 3146 1983 3179 monasterio
2017 3143 2159 3178 donavit
2196 3142 2299 3177 Card-
2339 3142 2414 3175 Bel-

1295 3188 1406 3223 lai-ion
1421 3205 1430 3223 ε
1459 3194 1490 3225 &
1510 3191 1617 3235 Regio
1638 3190 1831 3225 parisiensi
1846 3213 1858 3231 ‚
1883 3204 1924 3225 ex
1952 3204 2025 3236 quo
2049 3192 2159 3225 multa
2184 3190 2335 3223 extraxit
2352 3187 2414 3220 Pe-

1295 3242 1370 3268 trus
1395 3235 1436 3270 de
1463 3239 1583 3270 Marca
1611 3239 1645 3270 in
1671 3239 1821 3273 Dissert.
1849 3237 1905 3272 De
1929 3237 2082 3273 Primaetn
2106 3236 2344 3281 Lugdunensis
2370 3236 2411 3261 δ’

1292 3287 1401 3316 ceteri
1407 3298 1422 3318 s
1443 3282 1650 3320 Friniatibus
1665 3308 1675 3316 .
