2605 3624
896 115 976 159 DE
1011 114 1298 158 BAPTISMI
1331 114 1653 158 MINISTRO.

103 209 180 242 tem
211 201 381 242 coneedit
396 197 628 239 sacrificium
648 194 831 234 offerendi
850 224 860 241 ,
891 203 955 232 aut
975 194 1190 246 baptizandi
1210 226 1220 243 ,

104 267 218 310 atque
246 253 546 295 inobedientibus
577 250 772 288 minitatur
802 249 907 285 Oziae
946 250 1043 299 regis
1072 249 1221 300 suppli-

102 313 231 350 cium.
263 307 436 347 Ulterius
463 305 708 357 Cyprianus,
739 301 1017 350 Firmilianus,
1053 301 1086 336 ἃ
1118 303 1221 340 Basi-

103 363 180 404 lius
205 364 412 402 docuerunt
432 387 444 407 ‚
481 356 635 396 nullum
666 371 743 394 esse
773 356 1007 407 baptismum
1036 354 1221 393 collatum

101 431 125 456 a
153 415 288 454 laicis.
329 410 492 451 Basilius
534 412 637 450 enim
668 411 778 463 epist·
814 408 902 448 158.
939 409 986 447 ad
1019 408 1221 462 Amphilo-

101 470 236 509 chium
263 479 351 506 can.
377 479 410 503 ι.
438 465 561 513 dicit,
600 478 687 513 eos,
731 465 799 517 qui
830 463 878 501 ab
910 464 1099 501 haereticis
1129 463 1222 512 Epi-

101 521 228 574 scopis
255 519 435 570 baptizati
480 519 633 556 fuerant
654 546 664 564 ,
707 526 920 568 tamquam
951 530 979 554 a
1009 517 1123 554 laicis
1151 516 1221 554 ba-

100 568 269 629 fiizatos
297 572 471 612 debuisse
502 585 592 610 vero
622 570 805 610 Ecclesia:
823 572 1052 623 baptismate
1081 583 1220 622 expur-

121 629 178 667 ari
196 653 207 666 .
236 625 387 665 Putavit
416 638 505 678 ergo
536 625 699 664 Basilius
728 625 963 678 baptismum
984 638 1006 662 a
1026 624 1136 663 laicis
1158 639 1222 664 va-

96 642 179 720 fide
206 680 376 719 conferri
405 692 478 718 nou
508 693 641 732 posse.

150 733 242 786 594.
273 733 384 786 Besp.
413 733 461 770 ad
489 736 686 784 primum,
731 744 775 769 eo
803 730 877 769 loci
907 730 1031 769 solum
1068 730 1221 770 excludi

94 786 211 827 laicos
239 802 262 826 a
289 787 450 826 solemni
477 787 800 825 administratione
821 784 1029 836 baptismi,
1058 799 1146 838 quoe
1170 785 1221 823 E-

123 842 287 894 iscopis,
316 841 350 878 St
381 839 613 893 Presbyteris
633 868 645 887 ,
675 838 734 877 vel
766 851 810 875 ex
838 837 1072 888 delegatione
1102 840 1219 876 etiam

93 855 292 944 haconis,
313 907 508 946 nunquam
524 905 614 931 vero
630 892 739 930 laicis
757 891 1086 930 committebatur.
1107 892 1221 929 Com·

93 949 252 987 minatio
279 947 460 1000 supplicii
482 947 586 984 Oziae
616 947 739 997 regis,
769 944 873 996 quod
904 944 1043 996 legitur
1075 958 1111 983 2.
1142 944 1221 983 Pa-

90 1002 211 1052 ralip.
227 1001 378 1040 XXV1.
401 999 458 1038 16.
475 1013 554 1052 seq.
583 1000 668 1038 satis
697 999 857 1036 ostendit
875 1028 885 1046 ,
918 997 979 1035 hic
1000 999 1060 1050 agi
1080 999 1126 1036 ‹le
1148 1013 1218 1051 pn-

90 1053 220 1103 blica,
250 1053 284 1090 ἆ
312 1053 472 1092 solemni
491 1053 824 1092 sacramentorum
855 1051 1107 1090 celebratione
1125 1079 1134 1089 .
1165 1054 1219 1090 O-

91 1110 169 1146 2ias
195 1108 299 1145 enim
332 1107 405 1145 fuit
434 1106 563 1158 palam
592 1121 615 1144 a
635 1105 718 1144 Deo
748 1106 932 1157 punitus,
961 1107 1053 1158 qnia
1084 1105 1218 1144 adole·

89 1172 134 1199 re
162 1161 276 1198 voluit
304 1163 511 1198 incensum
531 1172 648 1212 super
667 1159 799 1198 attare
819 1157 1128 1211 thymiamatis,
1159 1173 1218 1197 re-

88 1214 302 1257 sistentibus
329 1214 626 1262 Sacerdotibus,
674 1212 708 1249 &
736 1213 977 1252 dicentibus:
1033 1213 1128 1251 Νοη
1159 1223 1218 1251 esc

89 1271 146 1306 tui
174 1266 319 1317 officii,
353 1268 484 1318 Ozia,
513 1276 554 1306 ut
581 1266 748 1306 adoleas
777 1271 987 1306 incensum
1018 1266 1216 1317 Domino,

86 1321 157 1361 sezl
186 1321 476 1361 Sczcerciotum.

142 1376 235 1428 595.
266 1377 324 1415 Ad
352 1375 572 1414 secundum
601 1389 728 1428 resp.,
770 1375 1039 1428 Cyprianum,
1070 1374 1217 1413 Firmi-

85 1428 236 1469 liaunm
254 1459 265 1478 ,
287 1429 471 1468 Basilium
487 1460 499 1479 ,
528 1428 700 1483 aliosque
717 1428 991 1481 rebaptizantes
1011 1443 1216 1481 nunquam

84 1482 276 1522 dubitasse
311 1483 547 1536 baptismum
584 1499 606 1523 a
643 1484 753 1522 laicis
791 1483 992 1535 baptizetis
1031 1482 1214 1521 collatum

83 1550 161 1575 esse
190 1535 384 1586 validum,
414 1537 449 1573 ἃ
478 1539 516 1576 iu
544 1550 633 1580 casu
662 1538 891 1576 necessitatis
911 1538 1026 1574 etiam
1048 1536 1214 1584 licitum,

84 1590 148 1629 sed
175 1590 298 1629 solum
322 1591 527 1643 putabant,
557 1604 634 1629 esse
655 1590 869 1629 invalidum
888 1620 898 1639 ,
927 1591 1082 1642 quando
1100 1606 1122 1628 a
1142 1589 1215 1627 lai-

84 1645 141 1683 cis
169 1657 242 1683 non
268 1644 467 1696 baptizatis
486 1644 774 1683 conferebatur.
804 1644 889 1681 Jain
922 1657 1009 1681 vero
1035 1657 1124 1681 cuin
1146 1643 1215 1681 ba-

86 1698 269 1750 ptismum
300 1697 569 1735 haereticorum
599 1697 749 1735 nullum
779 1709 857 1733 esse
885 1696 1111 1743 crederent,
1142 1696 1215 1734 lai-

84 1763 149 1788 cos
178 1751 216 1787 in
246 1750 618 1801 haeresi'baptizatos
645 1763 721 1787 nou
752 1763 858 1801 posse
874 1748 961 1787 aliis
976 1749 1214 1800 baptismum

85 1802 258 1840 conferre
287 1803 580 1848 existimabant3
609 1816 698 1854 quae
729 1815 860 1840 eorum
882 1804 1010 1854 opinio
1032 1803 1118 1841 licet
1140 1802 1213 1841 fal-

85 1868 126 1893 σει
153 1855 200 1893 ad
231 1855 327 1894 hanc
358 1865 524 1895 nostram
555 1857 844 1894 controversiam
864 1870 938 1894 non
955 1866 1117 1908 spectat,
1148 1857 1212 1895 sed

83 1908 134 1946 ad
148 1907 292 1956 aliam,
321 1923 369 1947 au
386 1909 505 1948 valeat
520 1909 732 1962 baptismus
751 1909 950 1958 aJudaeo,
981 1910 1039 1947 vel
1062 1909 1212 1962 Pagano

83 1961 326 2014 impertitus.
356 1962 440 2000 Non
470 1964 543 2001 fuit
571 1972 698 2000 autem
727 1975 771 1999 eo
799 1971 968 2014 tempore
998 1962 1081 2000 haec
1101 1977 1210 2015 quae-

84 2014 156 2053 stio
183 2027 372 2067 expresse
401 2024 582 2063 tractata,
623 2029 695 2053 nec
725 2014 916 2063 resoluta,
959 2026 1000 2054 ut
1041 2016 1211 2056 vidimus

83 2081 198 2120 supra
225 2083 266 2107 n.
287 2066 380 2108 385.
408 2081 454 2106 ex
483 2068 524 2107 S.
543 2068 770 2120 Augustino,
800 2068 988 2121 implicite
1015 2077 1142 2108 tamen
1172 2085 1211 2109 e-

85 2129 144 2160 rat
170 2121 356 2171 definita,
387 2135 525 2174 nempe
553 2122 754 2160 communi
784 2121 852 2160 illa
881 2124 993 2162 totins
1021 2123 1209 2162 Ecclesiae

84 2177 232 2214 ratione
246 2205 259 2225 ,
286 2189 364 2229 qua
383 2175 670 2228 Rebaptizantes
688 2175 873 2214 confutati
892 2186 991 2226 sunt,
1010 2175 1210 2217 Christum

86 2241 201 2278 esse,
228 2233 294 2279 qui
312 2228 510 2280 baptizat,
540 2229 709 2281 adeoque
737 2229 900 2267 minime
929 2244 1007 2268 esse
1035 2245 1212 2283 quaeren-

84 2281 203 2329 dum,
229 2284 404 2334 quisnam
433 2283 481 2321 sit
508 2282 691 2334 baptismi
711 2281 904 2331 minister,
933 2284 1143 2323 dnmmodo
1171 2298 1211 2322 o-

85 2336 193 2373 mnia
222 2339 293 2375 rite
333 2345 600 2384 servarentur,
640 2349 730 2389 quae
759 2335 932 2375 Christus
973 2337 1212 2378 observanda

86 2389 270 2441 pracepit
287 2414 298 2427 .

137 2439 230 2494 596.
259 2441 373 2481 Dices
399 2451 564 2494 quarto,
594 2441 636 2481 S.
666 2443 928 2495 Hieronymus
956 2445 996 2483 in
1024 2444 1208 2484 Alterca·

81 2497 188 2534 tione
202 2492 473 2549 Luciferiani,
501 2497 552 2539 <9¹
579 2496 786 2536 orthodoxi
815 2511 854 2536 n.
873 2497 912 2544 4.
942 2500 1113 2538 concedit
1131 2500 1207 2538 Lu-

79 2548 337 2599 ciferiano,'a
364 2548 464 2589 laico
492 2552 698 2603 poenitente
728 2551 993 2603 deponendum
1023 2567 1101 2591 esse
1130 2553 1206 2591 Sa-

83 2600 300 2640 cerdotium
329 2603 444 2652 laici,
471 2603 512 2643 id
539 2614 597 2644 est
627 2603 858 2655 baptisma,
880 2606 984 2658 quod
1012 2606 1062 2645 ab
1094 2607 1205 2645 Aria-

79 2654 140 2694 nis
168 2665 386 2707 receperat,
428 2670 521 2709 quos
550 2659 820 2698 Luciferianus
857 2660 1020 2698 minime
1047 2660 1206 2713 Episco-

80 2719 150 2760 pos
176 2720 279 2756 esse,
307 2709 371 2748 sed
399 2708 515 2750 laicos
542 2712 814 2751 contendebat.

138 2759 232 2812 397.
249 2760 360 2815 Resp-
376 2793 388 2810 ,
417 2764 456 2802 id
483 2763 631 2804 dictum
662 2766 777 2804 fuisse
798 2781 820 2804 a
837 2766 1099 2819 Hieronymo,
1130 2781 1205 2806 non

81 2814 122 2852 in
152 2815 308 2867 propria
335 2819 542 2867 sententia,
575 2818 639 2858 sed
667 2829 865 2873 tamquam
885 2821 1098 2860 absurdum
1118 2836 1206 2861 cou-

133 2977 182 3013 (ιι)
208 2974 259 3007 lta
286 2973 528 3028 Mliaspinaeus
554 2977 748 3023 Episcopus
784 2980 1046 3016 Aurelianensis
1081 2983 1204 3018 multi-

87 3029 184 3063 genoe
210 3020 420 3054 eruditionis
445 3023 544 3067 copia
569 3025 786 3059 clarissimus
801 3048 811 3066 ‚
834 3039 940 3070 quem
957 3030 1066 3063 secuti
1085 3039 1205 3075 postea

87 3074 170 3100 sunt
186 3065 309 3100 Franc.
328 3067 474 3112 {te-Roy
497 3072 611 3102 instit.
637 3070 767 3104 Canon.
795 3072 872 3105 Lib.
893 3074 934 3106 ΙΙ.
953 3074 1008 3107 tit.
1023 3076 1078 3118 3.‚
1104 3077 1205 3109 Bern.

85 3111 302 3158 Van-Espen
320 3113 356 3146 P.
375 3114 416 3147 ΙΙ.
443 3115 534 3147 Sect.
556 3116 582 3148 1.
602 3115 656 3148 tit.
676 3117 710 3149 3.
735 3127 811 3161 cap.
829 3119 861 3150 3.
892 3118 1050 3153 petavius
1074 3130 1206 3163 tamen,

84 3159 146 3202 qui
169 3157 314 3194 duriora
339 3169 499 3194 veterum
525 3160 668 3194 Pau-nm
692 3161 800 3195 verba
835 3163 991 3198 emollire
1023 3178 1091 3199 non
1116 3168 1206 3200 sole-

85 3201 147 3237 bat
160 3225 172 3245 ,
196 3205 233 3240 in
249 3208 600 3241 animaduersionibus
617 3207 650 3239 in
669 3207 905 3252 Epiphaniuru
924 3220 1002 3253 pag.
1014 3212 1094 3252 34¹·
1109 3233 1120 3252 ‚
1138 3213 1206 3246 mi-

86 3255 189 3283 ratur
211 3251 361 3286 bonnis
400 3254 505 3287 fuisse
542 3262 703 3296 negatam
740 3255 774 3287 in
807 3262 964 3287 extrema
1003 3258 1207 3292 necessitate

87 3265 288 3340 Ῑιοριῑιειξῗίἰ
303 3301 511 3334 facultatem
525 3324 534 3332 .
562 3298 655 3333 idem
674 3299 896 3334 doctissimus
916 3300 1114 3346 Theologus
1131 3315 1209 3336 ver-

90 3340 137 3376 ba
154 3341 275 3380 Basilii
290 3347 451 3393 superius
469 3359 505 3382 n.
524 3348 607 3394 393.
632 3347 740 3383 allata
763 3347 860 3386 nulla
884 3358 984 3393 posse
1007 3348 1142 3384 ratione
1166 3348 1210 3386 ad

2280 124 2360 177 105

1291 207 1450 246 sequens
1479 205 1524 231 ex
1553 194 1692 231 duritie
1725 194 2075 246 Luciferiauorum,
2105 198 2171 249 qui
2204 211 2278 237 non
2309 199 2419 237 aliter

1289 247 1526 299 Episcopos,
1563 247 1631 298 qui
1663 247 1711 283 ab
1743 248 1883 286 Ariana
1916 251 2048 289 lucrm
2078 256 2122 290 ad
2156 253 2337 291 licclesiae
2367 256 2417 292 si·

1290 314 1383 341 utun
1415 302 1645 346 veniebant,
1690 302 1923 351 recipiendos
1954 319 2029 341 esse
2060 306 2258 353 volebant,
2297 321 2416 359 quatu

1291 362 1331 391 ut
1359 353 1555 406 simplices
1586 352 1729 402 laicos,
1770 354 1941 406 deposito
1972 357 2215 410 Episcopatus
2247 361 2416 409 honore,

1289 407 1530 459 inquientes:
1558 406 1600 444 Si
1629 419 1787 444 errasse
1818 421 1859 445 se
1888 410 2097 461 confitetur
2115 441 2124 457 ,
2155 426 2223 449 cur
2252 413 2417 463 Episco-

1288 474 1360 512 pus
1389 470 1612 511 perseverat
1630 459 1653 496 ?
1697 460 1886 509 Deponat
1916 463 2184 501 sacer-lotium
2202 495 2212 512 ‚
2242 468 2416 506 couci-lo

1290 518 1451 553 veniam
1479 517 1710 567 poenitenti.
1745 514 1950 567 ile—gerebat
1968 517 2251 568 Hieronymus:
2281 520 2322 557 Sc
2343 523 2417 558 lai-

1288 580 1359 606 cus
1388 582 1547 607 errasse
1575 581 1618 605 se
1638 581 1711 605 con
1734 578 1877 617 itetur,
1907 582 2052 619 quomo
2066 569 2102 607 lo
2131 572 2256 608 laicus
2286 586 2417 621 perse-

1289 621 1440 660 verat?
1487 621 1675 673 Deponat
1705 622 1976 661 sacerdotium
2007 623 2134 672 laici,
2164 623 2264 662 illest
2293 626 2417 675 bapti-

1288 688 1406 725 sma,
1449 677 1498 718 (9-
1527 689 1602 729 ego
1632 675 1680 713 do
1709 679 1868 714 veniam
1897 680 2128 728 poenitenti.
2179 679 2232 717 lta
2263 679 2418 718 Lucife-

1290 730 1418 769 rianos
1445 738 1669 783 argumento
1698 730 1746 768 ad
1778 730 1969 769 hominem
2000 731 2277 783 adstringebat,
2310 741 2347 770 nt
2369 733 2419 771 E-

1290 784 1466 836 piscopos
1495 785 1718 836 poenitentes
1748 785 1788 822 iu
1816 797 1883 822 sua
1926 785 2111 837 dignitate
2152 795 2421 825 conservaret.

1288 837 1468 875 Ceterum
1500 839 1537 876 in
1567 837 1698 876 eadem
1727 837 1971 878 altercatione
2000 852 2038 877 n.
2056 852 2095 891 9.
2125 848 2253 892 aperte
2282 842 2334 878 ita
2363 854 2420 878 as-

1261 901 1263 905 ’
1288 891 1378 928 serit
1406 891 1549 930 Doctor
1578 892 1794 929 maximus:
1836 891 1879 930 Si
1909 897 2126 932 necessitas
2155 898 2281 946 cogit,
2324 893 2420 932 dici-

1290 957 1400 992 mus,
1431 948 1554 982 etiam
1585 945 1703 983 licere
1731 946 1845 983 laicis
1874 945 2104 996 baptizare.

1343 996 1436 1050 398.
1466 998 1581 1037 Dices
1610 1002 1771 1050 quinto.
1813 999 1958 1039 Saltem
1988 999 2077 1040 laici
2115 1000 2266 1054 bigami
2294 1015 2420 1054 neque

1286 1051 1327 1089 in
1358 1061 1525 1090 extr-ema
1555 1054 1772 1091 necessitate
1792 1053 1985 1106 baptizare
2006 1065 2179 1104 possunt:
2210 1070 2297 1094 nam
2318 1057 2418 1094 con-

1287 1105 1422 1143 cilium
1441 1105 1742 1144 Elliberitanum
1759 1106 1842 1145 loco
1857 1121 1940 1160 sup.
1957 1107 2090 1147 0582.
2111 1110 2236 1157 citato,
2258 1110 2326 1148 ubi
2347 1109 2419 1147 lai-

1287 1170 1332 1196 co
1362 1168 1580 1211 potestatem
1610 1160 1826 1211 baptizandi
1858 1161 1975 1208 facit,
2019 1161 2117 1200 hanc
2160 1164 2418 1202 conditionem

1286 1215 1471 1263 apponit,
1503 1223 1541 1250 nt
1562 1214 1771 1250 lavacrum
1786 1226 1901 1252 suum
1923 1218 2125 1267 integrum
2144 1215 2289 1254 habeat
2302 1247 2312 1266 ,
2341 1228 2419 1254 nec

1285 1269 1336 1303 sit
1367 1264 1552 1318 bigamus
1570 1292 1580 1304 .

1341 1318 1434 1372 599.
1464 1318 1576 1373 Resp.
1595 1350 1604 1368 ,
1634 1334 1658 1358 a
1685 1319 1916 1359 doctissimis
1943 1322 2159 1360 Canouistis
2187 1335 2275 1360 cum
2307 1335 2419 1363 cano-

1285 1386 1376 1411 nem
1406 1373 1517 1413 valde
1547 1375 1755 1412 obscurum
1785 1375 1836 1412 ita
1867 1374 2053 1428 explicari
2073 1406 2082 1423 ,
2113 1389 2188 1414 non
2218 1377 2319 1429 quod
2349 1376 2419 1415 ab·

1284 1425 1408 1465 solute
1435 1441 1511 1466 non
1542 1429 1657 1480 possit
1686 1427 1747 1466 vel
1776 1429 1980 1481 bigamus,
2022 1428 2083 1466 vel
2120 1431 2188 1480 qui
2218 1429 2419 1469 lavacrum

1285 1481 1475 1532 integrum
1506 1495 1580 1519 non
1614 1480 1751 1520 habeat
1782 1484 1796 1533 (
1826 1496 1890 1519 seu
1920 1483 1989 1534 qui
2020 1484 2288 1534 poenitentiam
2320 1485 2418 1521 iute-

1283 1547 1393 1584 grani
1422 1547 1496 1572 non
1527 1533 1733 1572 absolverit
1765 1535 1778 1581 )
1823 1535 1910 1573 aliis
1939 1534 2209 1574 deficientibus
2246 1536 2417 1588 baptiza·

1284 1601 1351 1633 re;
1381 1587 1442 1625 sed
1473 1587 1575 1639 quod
1605 1587 1692 1625 aliis
1723 1586 1831 1626 laicis
1861 1588 2111 1640 praesentibus
2130 1619 2139 1635 ‚
2172 1603 2268 1628 unus
2289 1603 2332 1628 ex
2357 1590 2417 1630 liis

1285 1649 1410 1691 utpote
1440 1640 1719 1693 poeuitentibus
1735 1670 1746 1689 ‚
1776 1655 1820 1681 ac
1840 1641 2004 1694 bigamis
2024 1642 2173 1695 dignior
2194 1643 2327 1683 debeat
2347 1644 2416 1683 ba·

1282 1697 1427 1746 ptizare
1458 1696 1520 1744 (a)
1543 1721 1552 1732 .

1337 1747 1431 1793 400.
1462 1748 1576 1786 Dices
1605 1757 1832 1799 postremo.
1863 1749 1904 1786 Io
1935 1748 2155 1787 Annalibus
2171 1749 2416 1805 Mich.G1y-

1282 1815 1338 1838 cae
1371 1800 1495 1839 P.111.
1525 1802 1716 1851 refertur,
1746 1802 1975 1854 aDionysio
1995 1803 2168 1842 Antistite
2197 1804 2416 1845 invalidum

1281 1855 1398 1892 fuisse
1427 1854 1642 1906 judicatum
1673 1855 1911 1909 baptismum
1941 1871 1963 1894 a
1993 1856 2092 1894 laico
2127 1856 2311 1897 collatum
2341 1859 2415 1897 ali·

1280 1909 1343 1946 cui
1373 1907 1509 1946 Judaeo
1539 1910 1578 1947 iu
1610 1909 1767 1961 publica
1797 1911 1861 1948 via
1892 1909 2026 1948 morbo
2059 1909 2244 1949 laboranti
2263 1927 2278 1958 ,-
2321 1926 2414 1951 cum

1280 1963 1384 1999 enim
1414 1971 1570 2014 accepto
1600 1962 1790 2015 baptismo
1819 1975 1907 2002 mox
1928 1962 2207 2015 convaluisset,
2237 1966 2283 2004 ad
2306 1967 2413 2005 Anti·

1278 2016 1403 2053 stitem
1432 2015 1578 2054 delatus
1607 2017 1678 2056 fuit
1708 2018 1847 2056 iterum
1877 2017 2114 2069 baptizatus.

1333 2068 1426 2115 401.
1458 2069 1598 2122 Resp.,
1641 2085 1821 2123 magnam
1850 2079 1951 2109 certe
1981 2071 2095 2110 fuisse
2122 2071 2223 2112 Saec.
2253 2072 2344 2112 XV.
2377 2075 2415 2113 in

1278 2136 1355 2175 quo
1384 2123 1541 2171 floruit,
1571 2123 1711 2177 Glycae
1733 2124 1856 2164 Siculi
1885 2126 2204 2166 existimationem
2222 2158 2232 2175 ‚
2262 2128 2328 2165 sed.
2348 2141 2414 2179 po-

1277 2186 1356 2215 stea
1385 2176 1468 2223 ejus
1496 2179 1699 2227 Annales,
1729 2192 1825 2232 qnos
1853 2177 2035 2217 latinitate
2063 2179 2220 2219 donavit
2245 2180 2411 2218 Ambro-

1279 2232 1357 2269 sius
1385 2231 1690 2271 camaldulensis
1721 2235 1736 2283 (
1768 2242 1807 2271 nt
1842 2240 1996 2270 testatur
2026 2232 2158 2285 Aloys.
2195 2234 2406 2285 Lippoma-

1279 2298 1348 2322 nus
1369 2285 1406 2322 in
1430 2283 1580 2323 Psaesat.
1603 2286 1617 2334 )
1649 2301 1670 2324 a
1700 2285 1951 2324 severioribus
1980 2285 2132 2325 Criticis
2159 2301 2237 2325 esse
2266 2288 2411 2338 saepius

1280 2338 1320 2376 in
1350 2337 1513 2375 dubium
1544 2348 1718 2386 vocatos,
1762 2340 1795 2376 ἃ
1827 2351 2102 2389 nonnunquam
2145 2348 2275 2392 aperte
2304 2340 2406 2392 reje-

1277 2400 1382 2429 ctos.
1431 2391 1596 2429 Historia
1626 2393 1754 2430 Judaei
1786 2391 1918 2430 eadem
1955 2405 2033 2428 esse
2062 2401 2244 2444 putatur,
2287 2407 2409 2447 quam

1276 2453 1435 2482 narrant
1465 2444 1522 2482 J'J.
1553 2444 1734 2483 Moschus
1767 2447 1803 2484 in
1835 2444 1958 2482 Praeo
1985 2447 2182 2494 spirituali
2210 2460 2297 2498 cap.
2318 2447 2411 2499 176·

1275 2497 1311 2534 &
1341 2497 1578 2549 Nicepliorus
1608 2497 1698 2536 Lib.
1717 2499 1781 2537 lll.
1812 2496 1965 2536 Hister.
1986 2513 2072 2551 cap.
2094 2499 2159 2552 57.
2182 2499 2303 2550 (Vid.
2319 2515 2407 2553 sup.

1274 2565 1314 2588 n.
1337 2564 1423 2604 129.
1442 2554 1455 2599 )
1486 2553 1553 2603 qui
1583 2550 1728 2590 scilicet
1751 2552 1951 2591 deficiente
1971 2567 2072 2606 aqua
2091 2553 2305 2607 baptizatus
2320 2558 2408 2593 iue-

1274 2613 1331 2642 rat
1360 2619 1473 2643 arena
1504 2607 1731 2658 supersusa5
1773 2620 1890 2659 quem
1933 2615 2134 2658 propterea
2168 2607 2409 2659 baptismum

1274 2660 1410 2696 merito
1451 2659 1605 2697 irritum
1646 2659 1857 2699 declaravit
1886 2659 2098 2712 Dionysius
2142 2661 2408 2703 Ascalouens'u

1274 2711 1488 2765 Episcopus
1518 2711 1574 2764 (b)
1594 2740 1605 2751 .
1711 2715 1717 2718 ’

1329 2766 1418 2812 402.
1448 2764 1541 2818 Obj.
1570 2766 1745 2805 secundo
1774 2774 1904 2806 contra
1946 2766 2182 2819 baptismum
2225 2768 2406 2809 foemina·

1274 2833 1361 2859 rum
1379 2851 1390 2870 ,
1418 2834 1536 2873 quein
1565 2820 1806 2870 invalidum,
1835 2829 1901 2860 ant
1924 2821 2061 2860 :altem
2089 2821 2274 2862 illicitum
2304 2834 2404 2873 esse,

2298 2887 2354 2917 lta

1270 2993 1396 3017 sanum
1421 2993 1562 3017 sensnm
1587 2980 1710 3015 referri
1730 2981 1892 3027 putavit.
1918 2981 2159 3018 Nihilominus
2177 2995 2246 3018 non
2263 2983 2404 3024 desunt,

1298 3030 1331 3063 ui
1359 3032 1393 3062 S.
1421 3030 1607 3063 Doctorem
1633 3029 1808 3073 explicent
1835 3041 1902 3062 non
1928 3028 1970 3062 de
1995 3042 2086 3064 novo
2111 3030 2311 3075 baptismo,
2339 3029 2398 3067 se'l

1271 3043 1314 3110 :ie
1339 3077 1630 3115 confirmatione,
1655 3087 1732 3120 quae
1759 3088 1778 3109 a
1804 3076 1902 3109 laicis
1927 3074 2003 3109 dari
2022 3087 2093 3110 non
2114 3086 2248 3122 potest5
2276 3076 2395 3111 subdit

1272 3123 1388 3156 enim:
1417 3123 1486 3169 Qui
1502 3123 1542 3156 ab
1556 3125 1691 3156 illorum
1715 3122 1883 3167 baptismo
1910 3127 2067 3164 «veniunt,
2092 3133 2258 3167 ungantur
2282 3135 2395 3157 curam

1264 3168 1435 3213 fidelibus
1451 3191 1462 3210 ,
1486 3175 1527 3204 (9·
1554 3174 1603 3203 ita
1629 3171 1758 3202 demum
1783 3170 1828 3204 ad
1854 3174 2027 3216 niysteria
2051 3173 2236 3205 accedant.

1323 3217 1371 3254 (b)
1401 3217 1455 3250 ,Ιο-
1482 3217 1581 3262 Bapt.
1608 3216 1804 3250 Cotelerius
1829 3217 1884 3249 vir
1921 3215 2142 3250 doctissimus
2182 3217 2215 3248 in
2242 3223 2311 3249 not.
2351 3209 2393 3244 ad

1275 3271 1349 3306 cap-
1366 3273 1400 3306 9·
1430 3263 1508 3296 Lib.
1526 3264 1582 3296 ΙΙΙ.
1610 3262 1798 3295 Constitut-
1818 3264 1979 3306 Apostol.
2006 3262 2095 3295 hane
2122 3262 2244 3306 blycae
2271 3270 2393 3293 narra·

1275 3308 1405 3343 tionem
1429 3309 1590 3354 pluribus
1615 3308 1656 3343 de
1683 3310 1797 3344 causis
1825 3317 1862 3344 ut
1885 3309 2145 3355 supposititiam
2170 3307 2306 3352 rejicit·
