2605 3624
698 156 784 201 DE
820 149 1235 198 CAEREMONIIS
1269 147 1827 195 SACRAMENTORUM
1845 183 1854 194 .
2326 169 2380 212 79

129 245 184 287 vit
239 258 291 285 ne
320 244 518 297 opinert's,
566 237 719 290 inquit,
763 235 851 273 Deo
879 232 1089 284 indiguum
1109 260 1119 279 ,
1157 228 1260 281 quod

129 277 253 354 Mcigi
280 312 350 353 per
367 297 526 335 stellam
546 300 739 330 vocantur
755 316 765 328 .
795 287 884 326 lloc
905 301 1012 325 emm
1035 284 1154 323 modo
1173 298 1259 345 om-

131 370 204 394 nes
222 353 450 392 Iudaeorum
479 349 748 385 coeremoniizs
770 374 780 392 ,
807 354 1024 392 omnesque
1052 344 1151 376 ritus
1169 369 1180 386 ,
1209 346 1259 379 (9·

129 407 366 461 sacrificia,
408 411 528 453 atque
555 399 887 452 purificationes,
914 397 964 436 (¹)-
993 397 1258 440 neomenias,

128 463 180 504 (θ’
209 470 379 506 arcam,
408 458 678 506 templumque
707 457 835 502 ipsum
856 447 1111 501 reprobabis:
1141 450 1259 497 siqui-

132 515 227 554 dem
269 510 355 550 hoec
393 513 536 549 omnia
576 511 776 560 originem
803 519 832 544 a
860 508 1039 558 gentium
1086 500 1260 540 ruditate

128 574 350 607 traxerunt
370 590 383 603 .

135 639 149 647 ·=
183 620 279 673 495.
309 616 522 672 Respondet
537 616 640 654 enim
658 614 746 654 Nat.
765 612 1002 661 Alexander,
1031 625 1102 650 nec
1134 611 1259 662 ipsum

129 674 370 728 Speucerum
401 672 714 725 eloquentissimo
732 669 831 707 Patri
863 668 934 706 hac
962 668 1003 705 in
1035 680 1075 703 re
1106 664 1258 716 plenam

112 728 250 768 'fidem
279 726 487 766 adhibere.
516 725 615 764 Nam
634 737 734 776 aegre
762 723 930 762 creditur
951 750 962 769 ,
993 719 1260 771 inquitSpen‘

130 796 270 830 cerus,
299 781 647 820 Circumcisionem
665 808 675 826 ,
704 777 918 816 Sabbatum
936 804 947 823 ,
985 773 1143 811 Festum
1176 772 1260 810 Pas·

128 836 282 882 chatis,
318 834 353 872 ἃ
380 834 459 873 alia
486 832 675 873 nonnulla
704 832 928 870 Judaeorum
972 828 1139 865 instituta
1170 825 1260 864 huic

132 891 271 942 origini
299 888 503 927 tribuenda
532 900 610 926 esse
630 912 642 924 .
670 884 871 923 Sacrificia
899 891 1024 929 certe,
1054 894 1140 933 quae
1157 880 1259 918 Gen—

132 945 231 983 tium
274 943 457 991 ruditati,
504 940 538 978 3(
582 940 680 977 mori
724 938 856 976 inolito
893 935 933 974 S.
965 934 1260 986 Chrysostomus

133 1005 292 1050 accepta
323 997 465 1044 refert,
512 993 626 1045 longe
671 992 795 1030 alium
825 990 994 1029 habuere
1036 998 1259 1036 auctorem,

136 1064 274 1103 nempe
302 1050 430 1088 Deum
463 1050 616 1100 ipsum,
659 1045 772 1098 cujus
809 1046 986 1083 instinctu
1017 1058 1039 1080 a
1068 1042 1261 1080 veteribus

133 1101 364 1144 Patriarcbis
397 1101 527 1141 oblata
556 1101 690 1147 fuere,
733 1099 836 1152 quod
867 1097 900 1134 8(
931 1100 1012 1149 ipse
1037 1095 1263 1149 Chrysosto-

108 1171 220 1208 ,xnus
246 1157 415 1209 agnoscit
444 1155 562 1194 Hom.
583 1153 711 1192 XVll.
742 1155 781 1191 iu
811 1153 992 1191 Genesim
1010 1181 1022 1200 ,
1051 1151 1232 1203 inquiens
1254 1162 1262 1188 :

130 1209 273 1262 Neque
291 1209 394 1248 Cain
422 1208 627 1250 doctorem
657 1206 791 1245 habuit
821 1207 1022 1258 aliquem,
1052 1217 1177 1255 neque
1207 1204 1261 1242 A-

134 1263 196 1303 bel
223 1273 495 1318 suggestorem
516 1257 531 1312 ,¹
569 1264 619 1304 <9⁶
649 1262 924 1299 consiliarium
943 1290 955 1309 ,
998 1257 1068 1297 sed
1097 1268 1260 1308 uterque

131 1321 391 1357 conscientiae
417 1331 504 1356 suae
533 1319 768 1369 magisterio
785 1346 795 1364 ,
824 1316 875 1357 (9⁰
895 1317 1098 1364 sapientia
1126 1311 1263 1350 ‹lirini-

134 1382 199 1411 tus
226 1371 404 1411 humano
431 1375 570 1424 generi
599 1369 852 1421 suppeditata
881 1368 936 1407 ad
966 1367 1070 1405 hanc
1099 1366 1264 1404 oblatio-

134 1439 231 1464 nem
259 1430 476 1465 incitatur.
504 1425 589 1465 Nou
619 1426 748 1478 itaque
776 1423 1037 1477 Chrysostomi
1068 1421 1187 1459 verba
1215 1420 1264 1459 ad

134 1477 300 1518 litteram
330 1489 414 1520 sunt
441 1479 695 1532 accipienda,
737 1478 802 1517 sed
846 1491 935 1516 cum
978 1476 1109 1514 debita
1137 1476 1266 1513 restri-

135 1535 285 1583 ctione,
313 1548 358 1573 ac
386 1533 641 1573 limitatione.
685 1531 912 1584 Eademque
940 1526 1127 1569 restrictio
1156 1528 1267 1568 adhi-

133 1585 258 1626 benda
287 1597 340 1626 est
365 1587 564 1643 uon-nullis
591 1586 681 1626 aliis
706 1585 900 1625 similibus
916 1594 1091 1624 veterum
1109 1583 1265 1622 Patrum

135 1643 359 1680 testimoniis
374 1668 386 1681 .

194 1694 291 1747 494.
318 1694 396 1734 Ob.
425 1693 626 1734 secundo.
669 1693 775 1732 Deus
805 1694 843 1731 iu
871 1692 959 1730 Vet.
990 1691 1096 1728 Test.
1114 1719 1126 1738 ,
1168 1698 1268 1741 post-

138 1762 258 1800 quam
287 1760 419 1786 omnes
447 1750 505 1786 sui
534 1748 660 1786 cultus
678 1748 930 1785 caeremonias
959 1745 1266 1791 determinasset,

140 1803 196 1839 ita
224 1799 411 1839 conclusit
430 1801 543 1839 Deut.
566 1800 655 1838 ΧΗ.
687 1801 776 1839 52.:
810 1798 923 1849 Quod
951 1801 1139 1849 praecipio
1168 1795 1236 1833 tibi
1257 1826 1268 1844 ‚

141 1851 388 1891 hocrantum
405 1853 544 1907 jacito
564 1853 766 1902 Domino,
796 1865 870 1891 nec
885 1852 1017 1891 addas
1038 1851 1269 1902 quidquam,

146 1919 221 1944 nec
250 1911 438 1946 minuas.
470 1908 580 1946 Unde
609 1909 722 1946 etiam
752 1906 924 1945 Christus
954 1905 1094 1944 Matth.
1118 1904 1209 1942 XV.
1230 1918 1270 1956 9.

142 1957 427 1999 Pharisaeorum
469 1961 616 1999 cultum
647 1962 920 2013 reprehendit,
962 1961 1057 2012 quia
1084 1958 1273 1996 docebant

140 2010 346 2052 doctrinas
362 2043 374 2062 ,
401 2014 452 2055 <9¹
467 2013 685 2051 .mandata
714 2013 921 2051 hominum
938 2039 951 2052 .

193 2067 288 2119 495.
319 2066 460 2120 Resp.,
489 2067 610 2106 verba
636 2065 790 2118 objecta
819 2079 864 2104 ex
886 2066 1002 2104 Dent.
1024 2064 1115 2104 ΧΠ.
1144 2063 1270 2103 sdum

139 2120 345 2159 excludere
372 2121 607 2169 additiones,
680 2134 739 2157 uae
771 2119 946 2158 homines
975 2119 1022 2157 ad
1061 2118 1270 2157 idololatri-

142 2187 232 2214 cam
261 2175 567 2227 superstitionem
597 2176 657 2213 inc
679 2176 782 2212 iuare
811 2183 961 2226 possent
984 2189 998 2218 ;
1040 2172 1143 2211 unde
1173 2187 1272 2212 vers.

140 2241 261 2281 praec.
283 2228 376 2278 5o.,
404 2227 441 2266 &
460 2229 526 2268 51.
554 2229 771 2269 cavendum
801 2229 1009 2280 praecipit,
1037 2241 1086 2266 ne
1116 2228 1273 2266 imiten-

140 2290 204 2320 tur
244 2282 411 2332 Gentes,
452 2283 504 2324 <9⁴
544 2286 752 2334 requirant
796 2286 1061 2320 coeremonias
1103 2294 1269 2328 eorum3

140 2347 219 2374 nou
247 2345 373 2376 autem
401 2335 497 2376 alias
533 2338 769 2386 additiones,
815 2350 907 2389 quae
937 2337 985 2375 ad
1027 2349 1163 2374 verum
1194 2335 1270 2374 Dei

145 2388 295 2429 cultum
324 2392 584 2444 pertinerent.
614 2392 714 2430 Hinc
741 2391 942 2445 Synagoga
971 2388 1112 2429 multas
1141 2389 1270 2442 leges,

141 2455 241 2482 nova
268 2444 386 2494 festa,
415 2459 460 2485 ac
488 2446 613 2486 varias
632 2447 881 2484 caeremonias
896 2447 1091 2485 instituere
1119 2443 1194 2482 sibi
1223 2443 1272 2482 li-

141 2497 263 2538 citum
302 2500 480 2552 putavit.
519 2500 586 2542 Sic
615 2501 731 2540 etiam
758 2499 932 2541 Christus
970 2499 1190 2549 doctrinas,
1234 2497 1271 2535 ἀ

151 2670 300 2706 &reorum
322 2675 506 2710 ritualibus
521 2698 532 2718 ‚
572 2677 615 2709 (φ’
638 2688 752 2710 earum
776 2675 994 2716 rationibus,
1029 2673 1192 2720 pluribus
1218 2680 1275 2708 ar-

147 2720 319 2761 gumentis
343 2720 527 2755 ostendere
552 2731 697 2756 conatus
722 2731 804 2763 est,
829 2726 936 2767 primo
964 2721 1158 2756 Zabiorum
1184 2722 1274 2755 ritus

150 2764 274 2798 multis
299 2766 433 2812 legibus
457 2769 628 2803 Mosaicis
652 2770 871 2803 oecasionem
898 2767 1055 2802 dedisse:
1099 2770 1247 2802 secundo
1262 2788 1274 2809 ,

151 2807 266 2844 Deum
289 2811 324 2865 in
348 2814 480 2859 legibus
505 2816 776 2862 quampluribus
802 2817 985 2862 gentium,
1011 2829 1049 2850 ac
1076 2816 1275 2860 praesertim

150 2854 430 2902 AEgypttorum,
454 2863 634 2904 moribus,
661 2873 765 2909 atque
787 2864 958 2897 institutis
984 2875 1018 2897 se
1044 2871 1276 2909 attemperas-

152 2913 188 2934 Se
206 2924 217 2943 2
257 2914 296 2936 ac
319 2914 381 2948 pro
406 2914 501 2942 terea
525 2910 683 2944 Hebraeis
708 2909 869 2955 quiedam
896 2911 1012 2956 potius
1048 2910 1248 2955 permisisse
1265 2930 1276 2949 ‚

150 2959 259 2991 quam
278 2960 364 3002 ’man
391 2964 494 2995 asse;
519 2955 616 3001 qniod
631 2957 821 3001 significari
848 2966 948 3003 putat
973 2957 1017 2990 iis
1039 2957 1158 2991 verbis
1184 2954 1277 3002 apud

151 2994 374 3050 ῌΖΘᾨῙᾏΙΘῙΕΨ
394 2999 475 3033 XX.
501 3002 558 3035 25.
584 3002 680 3036 Dedi
718 3008 772 3037 eis
806 3013 1062 3049 praeceptarion
1089 3005 1199 3044 hona,
1234 3007 1276 3036 (φ’

147 3043 286 3094 ,Ίῑῑώςῖᾱ
302 3054 375 3082 ›01ss
399 3047 515 3087 quibas
539 3061 603 3081 non
629 3053 763 3091 vivent,
798 3053 898 3095 quasi
926 3052 1019 3084 Deus
1045 3052 1190 3084 innuere
1216 3062 1280 3084 vo-

153 3089 285 3128 luerit,
311 3101 345 3121 se
373 3092 570 3134 permisisse
588 3095 705 3138 potius
722 3117 733 3136 ‚
758 3108 862 3140 qnam
883 3098 1088 3142 pra'cepisse
1107 3110 1145 3130 ea
1162 3121 1173 3140 ,
1198 3109 1277 3142 quae

154 3133 196 3166 acl
225 3134 315 3187 ritus
335 3157 345 3175 ,
374 3149 412 3169 ac
439 3142 661 3172 ewremonias
688 3143 807 3185 populi
834 3144 1018 3177 israelitici
1047 3145 1277 3189 spectabant-

154 3181 262 3215 Multi
289 3180 353 3215 hoc
380 3184 543 3227 Spenceri
564 3183 779 3228 paradoxum
805 3190 1002 3223 refutarunt
1018 3212 1029 3231 ‚
1053 3192 1160 3224 etiarn
1187 3193 1279 3224 inter

157 3226 399 3262 Protestantes
420 3252 430 3270 ,
457 3229 512 3263 sed
535 3242 635 3264 nemo
651 3252 661 3271 ,
687 3239 723 3263 ut
748 3232 908 3276 equidem
933 3246 1010 3270 reor
1027 3258 1038 3276 ‚
1063 3239 1214 3278 melius,
1240 3249 1281 3271 ac

155 3273 306 3309 solidius
334 3284 455 3310 nostro
481 3277 514 3308 P.
543 3277 662 3311 Natali
689 3277 890 3311 Alexandro
914 3284 949 3312 in
975 3281 1165 3318 Hirr-Vct.
1186 3283 1280 3318 Test.

165 3318 226 3371 ῙῩ-
249 3321 372 3356 mundi
410 3332 512 3356 aetate
538 3324 794 3363 1)issert.lll.;
829 3327 862 3357 &
888 3326 922 3357 in
946 3326 991 3358 V·
1017 3329 1141 3362 Mundi
1179 3339 1282 3363 :etate

164 3363 310 3400 Dissert.
338 3371 363 3403 l.
390 3372 493 3404 Certe
518 3382 684 3415 magnum
711 3379 958 3415 argumentum
984 3382 1109 3406 contra
1133 3376 1283 3420 Spence-

160 3421 238 3446 rum
263 3411 411 3452 ducitur
436 3429 478 3452 ex
506 3419 716 3463 antiquitate
741 3419 905 3465 Moysis,
931 3418 990 3464 qui
1017 3427 1157 3455 aetatem
1173 3422 1291 3458 Hei-04

1327 230 1507 269 mandata
1539 228 1819 267 Pharisaeorum
1851 233 1991 284 saepius
2028 232 2304 285 reprehendit,
2351 236 2451 287 quod

1327 293 1445 321 essent
1476 282 1536 321 vel
1580 285 1782 321 contrarize
1813 298 1902 320 vero
1933 287 2002 324 Dei
2046 288 2189 337 cultui,
2229 288 2287 326 vel
2319 290 2453 327 saltem

1328 337 1507 387 inutiles,
1537 347 1576 379 ut
1605 337 1785 390 quaedain
1817 339 1958 388 saepius
1988 345 2156 390 repetita:
2186 343 2342 381 lotiones
2373 357 2452 381 ma-

1329 406 1453 429 nuum
1476 417 1487 430 .

1383 444 1476 497 496.
1507 445 1584 483 Ob.
1614 447 1758 482 tertio.
1788 443 1916 482 Etiam
1947 448 2219 495 caeremoniae,
2290 462 2356 487 uas
2385 449 2451 489 ad-

1329 498 1436 538 hibet
1463 499 1638 538 Ecclesia
1668 500 1705 536 in
1735 499 2021 545 sacramentis,
2060 510 2144 537 sunt
2174 464 2351 548 inutilem
2393 506 2453 542 ni-

1329 552 1386 592 hil
1416 555 1520 590 enirn
1551 554 1778 600 conferunt,
1821 562 1885 591 aut
1914 553 2086 590 conferre
2131 565 2281 604 possunt
2311 558 2353 593 ad
2385 557 2454 596 Sa-

1329 617 1613 646 erameniorum
1643 608 1847 652 sructum3
1892 609 2060 645 maxime
2091 609 2127 645 in
2161 618 2281 646 nostra
2313 621 2456 649 senten-

1309 664 1407 710 -tia,
1429 676 1506 714 qua
1534 661 1701 699 dicimus
1732 671 1844 698 totam
1875 656 2213 700 Sacramentorum
2244 661 2455 704 efficaciam

1328 731 1405 754 esse
1435 729 1488 754 ex
1517 728 1635 767 opere
1662 725 1827 766 operato
1845 741 1855 753 .
1894 714 2083 753 Praeterea
2113 729 2186 755 non
2217 716 2339 753 solum
2373 718 2457 755 inu-

1329 770 1441 819 tiles,
1472 771 1535 807 sed
1565 769 1600 806 8<
1630 771 1853 822 perniciosae
1882 783 1958 807 esse
1989 770 2198 815 videntur3
2230 768 2458 823 plerumque

1328 826 1431 862 euim
1463 823 1596 862 fideles
1626 834 1700 861 tota
1729 823 1798 861 illa
1817 824 2140 861 caeremoniarum
2172 825 2273 862 mole
2293 837 2455 876 occupa—

1329 880 1390 924 ti,
1434 880 1725 930 impediuntur,
1764 891 1809 915 ue
1838 880 2014 916 animum
2044 878 2092 916 ad
2123 893 2193 926 ea,
2230 893 2319 930 quae
2349 880 2460 917 Chri--

1327 942 1402 970 stus
1433 933 1711 984 ipseinstituit,
1741 931 1938 970 attollant.
1973 930 2102 970 Tertio
2131 932 2458 971 nonnullifideies

1329 988 1444 1024 etiam
1487 988 1586 1025 docti
1628 995 1793 1039 putant,
1837 987 1877 1026 in
1908 995 1982 1024 tota
2025 985 2094 1025 illa
2135 989 2460 1025 caeremoniarum

1330 1053 1472 1093 pompa
1503 1043 1614 1079 sitam
1644 1056 1721 1078 esse
1751 1040 2088 1079 Sacramentorum
2126 1040 2341 1079 efficaciam
2360 1067 2370 1079 .
2408 1040 2463 1079 Ε-

1331 1094 1532 1147 xemplum
1576 1095 1791 1146 suppeditat
1820 1096 2042 1148 Cyprianus
2062 1124 2073 1143 ,
2116 1094 2186 1147 qui
2215 1094 2457 1147 Baptismum

1332 1149 1480 1187 Novato
1510 1148 1696 1187 collatum
1718 1148 1864 1187 nullius
1895 1150 2039 1187 roboris
2069 1163 2147 1187 esse
2165 1151 2339 1201 putavit,
2369 1150 2464 1202 quia

1331 1204 1372 1242 in
1402 1203 1469 1242 illo
1499 1204 1593 1240 ritus
1629 1216 1854 1240 communes
1898 1216 1972 1240 non
2006 1203 2157 1241 fuerunt
2188 1205 2351 1248 servati;
2399 1204 2467 1242 cui

1330 1258 1528 1296 sententiae
1557 1256 1759 1294 Cornelius
1800 1268 1955 1309 quoque
1988 1255 2098 1295 Rom.
2129 1255 2232 1294 l’out.
2255 1286 2266 1303 ,
2308 1256 2341 1292 ἃ
2372 1270 2465 1293 ιιοιι-

1331 1311 1433 1349 nulli
1465 1311 1646 1362 Episcopi
1694 1312 1734 1348 in
1766 1310 1894 1348 Alrica
1939 1310 2206 1362 subscripsisse
2248 1310 2465 1348 dicuntur.

1331 1365 1424 1403 Vid.
1453 1364 1645 1403 Eusebius
1675 1364 1764 1403 Lib.
1782 1364 1851 1402 Vl.
1883 1362 1990 1402 Hist.
2019 1363 2135 1402 Eccl.
2163 1378 2250 1416 cap.
2268 1364 2335 1410 45.
2355 1394 2366 1413 ,
2397 1362 2468 1401 ubi

1334 1420 1451 1458 refert
1490 1418 1607 1456 verba
1637 1417 1808 1457 Cornelii
1842 1417 1952 1457 Rom.
1984 1417 2205 1467 pontificis,
2248 1421 2315 1470 qui
2361 1419 2399 1455 in
2427 1430 2467 1455 e-

1335 1475 1424 1527 pist.
1453 1473 1501 1511 ad
1532 1473 1700 1511 Fabium
1731 1473 1776 1511 de
1803 1472 1952 1511 'Novato
1981 1474 2181 1521 scribens,
2211 1472 2313 1523 quod
2345 1473 2382 1509 in
2412 1471 2468 1508 le-

1333 1527 1439 1566 ctulo
1460 1558 1471 1575 ,
1510 1529 1549 1565 in
1579 1540 1657 1579 quo
1686 1527 1834 1578 jacebat
1864 1527 2069 1573 infirmus,
2118 1527 2358 1576 baptismum
2388 1527 2469 1563 sine

1335 1581 1427 1620 ullis
1455 1581 1695 1619 caeremoniis
1725 1590 1965 1631 susceperat,
1997 1580 2146 1617 subdit:
2177 1578 2219 1616 Si
2233 1588 2378 1617 tamen
2398 1576 2467 1615 izu-

1330 1633 1510 1688 jusmodi
1530 1633 1775 1683 baptismum
1799 1637 2019 1683 suscepisse
2047 1631 2238 1671 dicendus
2252 1643 2341 1678 est;
2371 1634 2466 1685 quia

1337 1702 1478 1740 nempe
1520 1688 1634 1725 etiam
1676 1697 1874 1739 postquam
1904 1703 1926 1725 a
1956 1686 2091 1725 morbo
2134 1686 2318 1725 liberatus
2360 1687 2466 1734 fuit,

1341 1754 1418 1779 uon
1451 1744 1622 1792 percepit
1652 1741 1828 1791 reliqua,
1856 1754 1947 1792 quoe
1969 1743 2098 1794 juxta
2127 1739 2467 1780 Ecclesiasticam

1337 1796 1523 1847 regulam
1552 1798 1698 1845 percipi
1727 1793 1866 1832 debent
1889 1821 1900 1833 .

1393 1849 1486 1901 497.
1519 1848 1632 1900 Hesp.
1661 1848 1709 1886 ad
1737 1852 1936 1897 primum,
1979 1849 2128 1895 varias,
2166 1848 2200 1886 8(
2229 1847 2469 1901 multiplices

1338 1917 1416 1941 esse
1448 1901 1652 1950 utilitates,
1681 1916 1772 1954 quae
1801 1916 1847 1940 ex
1871 1904 2114 1941 caeremoniis
2128 1901 2469 1942 sacramentorum

1339 1958 1378 1996 in
1408 1955 1540 1994 fideles
1568 1956 1819 2007 suscipientes
1846 1956 2068 1995 dimanant.
2099 1956 2176 1995 Has
2205 1956 2374 1996 breviter
2407 1969 2471 1995 ex-

1336 2011 1443 2064 ponit
1469 2009 1737 2049 catechismus
1767 2009 1963 2049 Romanus
1991 2010 2032 2049 P.
2055 2011 2102 2049 11.
2133 2008 2197 2049 De
2217 2010 2469 2049 Sacramen-

1337 2068 1389 2103 tis
1403 2077 1491 2117 cap.
1517 2077 1676 2103 unum.
1703 2063 1764 2103 18.
1780 2063 1839 2103 his
1855 2065 1983 2104 verbis
1999 2091 2011 2104 .
2028 2095 2054 2114 „
2076 2066 2131 2104 Ac
2147 2066 2284 2104 merito
2311 2064 2470 2118 quidem

1339 2149 1368 2169 „
1399 2134 1420 2157 a
1451 2120 1589 2171 primis
1618 2132 1738 2170 usque
1760 2118 1948 2158 Ecclesiae
1979 2119 2216 2172 temporibus
2246 2118 2341 2158 illud
2372 2133 2471 2156 sem-

1342 2203 1369 2223 „
1400 2187 1468 2224 per
1488 2182 1681 2211 servatum
1697 2181 1772 2223 est,
1804 2183 1843 2212 ut
1858 2173 2105 2213 Sacramenta
2124 2173 2361 2212 solemnibus
2381 2173 2469 2224 qui-

1341 2257 1369 2278 „
1397 2226 1561 2266 busdam
1589 2227 1834 2266 caeremoniis
1863 2229 2200 2267 ministrarentur.
2231 2227 2403 2265 Primum
2434 2240 2472 2262 e-

1338 2311 1367 2331 „
1396 2282 1482 2320 nim
1512 2282 1681 2320 maxime
1717 2282 1874 2331 decuit,
1915 2283 2031 2321 sacris
2061 2282 2251 2334 mysteriis
2279 2294 2366 2318 eum
2399 2277 2472 2317 Re·

1339 2363 1367 2385 ‚,
1396 2333 1551 2387 ligionis
1566 2335 1714 2374 cultum
1739 2336 1929 2384 tribuere,
1960 2344 2000 2374 ut
2027 2345 2155 2374 sancta
2185 2336 2302 2372 sancti
2334 2341 2471 2371 tracta-

1341 2420 1368 2440 „
1398 2403 1439 2427 re
1469 2389 1718 2428 videremur.
1748 2389 1937 2428 Praeterea
1955 2419 1965 2437 ,
1996 2402 2084 2442 quae
2105 2389 2354 2427 Sacramento
2384 2384 2468 2424 effi-

1338 2473 1368 2494 „
1397 2445 1580 2492 ciuntur,
1623 2446 1868 2482 caeremoniae
1898 2443 2144 2495 ipsas-magis
2172 2441 2397 2491 declarant,
2427 2453 2472 2478 ac

1339 2527 1370 2548 „
1399 2497 1517 2540 veluti
1546 2506 1633 2536 aute
1661 2497 1789 2537 oculos
1809 2506 1981 2552 ponunt,
2010 2496 2045 2535 δι
2069 2509 2204 2537 earum
2234 2509 2364 2535 rerum
2387 2508 2472 2534 san-

2346 2558 2416 2589 cll-

1339 2671 1442 2714 doti,
1468 2671 1651 2708 Strabonis
1669 2693 1682 2713 ‚
1706 2670 1851 2706 Diodori
1878 2670 2013 2713 Siculi,
2051 2671 2197 2706 Luciani
2219 2693 2230 2712 ‚
2265 2668 2443 2704 Plutarchi
2462 2689 2474 2709 ,

1342 2722 1564 2765 aliorumque
1579 2720 1754 2753 similium
1773 2721 1871 2765 longe
1891 2727 2033 2765 superat
2055 2731 2066 2759 3
2094 2717 2183 2752 unde
2205 2717 2374 2761 majorem
2394 2727 2474 2760 pro-

1341 2769 1435 2802 t'ecio
1460 2767 1563 2802 fidem
1589 2775 1770 2808 meretur,
1811 2779 1918 2812 quam
1946 2768 2001 2800 isti
2027 2779 2174 2806 omnes,
2216 2767 2274 2810 qui
2302 2762 2342 2796 de
2372 2763 2474 2796 rebus

1344 2816 1388 2850 ab
1413 2825 1535 2848 eorum
1563 2823 1721 2859 tempore
1756 2814 2003 2849 remotissimis
2040 2815 2258 2857 scripserunt
2277 2835 2286 2843 .
2327 2811 2474 2861 Moyses

1344 2871 1462 2896 autem
1488 2862 1648 2895 omnium
1674 2872 1818 2895 suarum
1847 2862 1962 2905 legum
1977 2861 2161 2893 ritualium
2189 2869 2367 2892 auctorem
2389 2859 2474 2889 lactc

1344 2909 1458 2944 Deum
1479 2932 1488 2941 .
1517 2909 1589 2942 Hoc
1608 2918 1816 2952 argumento
1835 2920 1918 2941 usus
1943 2916 1994 2940 est
2022 2907 2191 2951 Origenes
2210 2906 2286 2939 Lib.
2311 2905 2369 2938 lV.
2395 2915 2476 2937 cmi-

1346 2965 1400 2991 tra
1427 2957 1592 2998 Celsum,
1618 2964 1656 2988 ut
1681 2953 1904 2995 ostenderet,
1931 2954 2067 2988 fabulas
2093 2953 2291 2986 Gentilium
2318 2952 2475 2997 plerum-

1345 3015 1413 3049 que
1439 3016 1457 3036 a
1485 3003 1619 3048 Moysis
1646 3002 1792 3035 historia
1818 3001 2022 3047 desumptas
2049 3002 2181 3041 l'nisse3
2207 3011 2274 3034 nnn
2304 3010 2412 3038 vero,
2438 3003 2478 3028 ut

1345 3052 1469 3085 Celsus
1496 3049 1695 3084 blaterabat
1712 3072 1723 3090 ,
1750 3049 1886 3094 Moysis
1911 3048 2096 3083 historiam
2123 3061 2139 3081 a
2162 3049 2345 3080 Poetarum
2374 3045 2473 3077 fabu-

1345 3099 1391 3132 lis
1410 3121 1418 3129 .
1447 3096 1541 3130 idem
1567 3106 1816 3140 argumentum
1850 3096 1984 3141 majore
2020 3094 2218 3130 eruditione
2255 3103 2371 3139 postea
2400 3100 2477 3135 per-

1348 3145 1517 3179 tractavit
1555 3143 1727 3177 Eusebius
1753 3144 1982 3177 Caesariensis
2009 3145 2043 3177 in
2073 3143 2148 3176 Lib.
2184 3144 2229 3176 X.
2258 3140 2479 3183 Prspara‘io-

1349 3195 1405 3226 nis
1442 3191 1689 3236 Evangelicae‚
1727 3192 1759 3222 ἃ
1784 3199 1860 3235 post
1900 3192 2015 3236 ipsum
2046 3191 2132 3224 Dan.
2163 3189 2309 3223 Hnetins
2349 3187 2380 3217 in
2417 3192 2477 3214 sua

1350 3238 1549 3273 Demonstr.
1570 3238 1785 3282 Evangelica
1811 3238 1911 3282 l‘rop.
1934 3240 1995 3272 lv.
2011 3260 2022 3280 ,
2047 3248 2248 3283 quanquam
2271 3234 2325 3267 hic
2346 3238 2478 3275 postre-

1350 3297 1430 3319 mus
1456 3286 1542 3319 solet
1570 3286 1668 3319 nimii
1687 3296 1851 3319 excessus
1871 3284 1965 3318 hand
1984 3287 2160 3320 immerito
2178 3279 2357 3316 accusari.
2385 3272 2476 3326 ill-¹1⁶

1350 3340 1386 3366 ta
1411 3344 1549 3378 quoque
1577 3333 1610 3365 in
1638 3331 1728 3365 hanc
1765 3343 1838 3365 rem
1865 3332 2067 3378 suppeditat
2094 3341 2240 3374 magnus
2266 3328 2479 3365 Ang¹1³t¹ss1¹³

1351 3379 1388 3413 in
1413 3380 1530 3415 aureis
1555 3379 1628 3415 suis
1655 3379 1775 3417 Libris
1801 3377 1860 3418 De
1888 3382 2046 3419 Civitate
2069 3377 2142 3413 Dei
2167 3376 2267 3412 Tom-
2294 3370 2356 3405 lX·
