2605 3624
233 108 314 149 186

161 186 286 230 tanis,
323 181 438 219 Edm.
471 178 672 224 Martem,
716 175 828 227 Hugo
857 174 1066 214 Meuardus
1088 207 1098 223 ,
1143 176 1287 228 aliique

161 250 291 276 rerum
321 234 587 284 liturgicarum
617 230 769 268 solertes
791 229 1054 279 indagatores.
1085 231 1288 281 Corrigen-

161 291 232 326 dus
274 297 399 325 tamen
443 285 667 336 imprudens
705 283 926 333 Latinojus‚
970 284 1062 320 dum
1106 284 1287 334 scripsit,

162 343 329 380 formam
359 339 653 391 (leprecatiram
684 350 728 375 ex
751 337 966 389 ignorantia
995 337 1205 375 traditionis
1234 350 1288 374 es-

163 409 202 434 se
233 404 357 432 natam
381 419 392 433 .

219 449 382 496 Quoeres
410 455 574 499 quarto,
611 448 780 497 quinam
809 447 856 482 sit
886 443 1002 496 hujus
1031 442 1290 481 Sacramenti

165 506 351 540 minisaer
369 500 393 537 ?

219 556 286 602 43.
318 554 457 606 Resp.,
487 568 509 591 a
537 552 579 591 S.
607 551 751 590 Jacobo
779 563 952 601 expresse
980 549 1137 595 doceri,
1175 547 1291 585 mini-

163 618 257 648 stros
298 608 414 660 liujus
444 607 678 645 Sacrameuti
709 618 784 642 esse
815 603 1084 653 l'resbyteros,
1127 600 1291 637 inducat

165 662 450 710 Presbyteros.
493 660 670 712 Synodus
699 667 824 695 autem
856 656 1031 692 Trident.
1062 654 1159 690 Sess.
1182 651 1290 689 XtV.

165 731 252 755 can.
281 707 326 761 Y..
357 715 597 752 anathemate
640 711 802 761 percutit
844 721 962 754 eum,
1011 708 1078 758 qui
1120 707 1290 753 dixerit,

167 769 429 821 Presbjteros
459 766 656 803 Ecclesiae
678 793 688 810 ,
732 775 827 812 quos
855 759 993 797 beatus
1022 756 1192 796 ,Iacobus
1220 757 1293 795 azi-

166 823 367 861 ducentlos
395 833 481 858 esse
510 817 564 855 ad
592 816 800 868 infirmum
847 812 1119 863 inungendum
1159 811 1294 848 norta-

167 886 232 914 tur
250 907 260 924 ,
301 888 382 912 non
411 885 497 910 esse
545 878 704 907 tantum
734 866 971 905 Sacerdotes
1015 864 1065 902 ab
1095 864 1292 915 Episcopo

165 930 398 973 ordinatos,
428 924 497 963 sext
527 926 652 961 etiam
681 926 857 959 seniores
886 924 927 957 in
947 922 1084 970 quavis
1113 932 1293 956 commu-

166 988 322 1028 nitate,
351 978 526 1030 obithtie
542 978 741 1028 proprium
771 983 971 1012 extremae
1001 976 1197 1010 unctionis
1219 976 1293 1009 mi-

167 1040 337 1073 nistrum
367 1045 444 1070 non
477 1043 565 1068 esse
594 1030 723 1067 solum
754 1026 1015 1065 Sacerdotem
1035 1053 1047 1064 .

219 1088 285 1134 44.
315 1087 417 1125 Sane
454 1084 609 1123 nomine
638 1081 968 1133 Presbyterorum
998 1094 1020 1117 a
1048 1078 1193 1118 Jacobo
1220 1091 1294 1117 non

165 1141 329 1192 intelligi
361 1143 534 1178 seniores
556 1145 663 1174 aetate
685 1166 695 1184 ,
726 1137 789 1173 sed
809 1134 1030 1173 Sacerdotes
1046 1163 1056 1182 ,
1087 1132 1293 1183 multiplex

165 1197 262 1234 ratio
283 1194 447 1233 evincit.
479 1191 615 1228 Primo
630 1190 686 1228 ibi
704 1189 951 1226 nominantur
967 1185 1196 1238 Presbyteri
1212 1185 1293 1223 Ec-

167 1251 328 1293 clesioe5
360 1247 392 1283 St
423 1260 512 1283 cum
543 1244 644 1282 haud
675 1256 760 1281 raro
779 1241 990 1294 Episcopi,
1022 1250 1137 1293 atque
1158 1240 1294 1278 Sacer-

167 1304 271 1341 dotes
299 1314 374 1338 uon
406 1301 479 1337 sint
508 1306 620 1336 aetate
640 1297 833 1343 seniores,
864 1303 1109 1346 sequeretur,
1140 1294 1290 1331 eosdem

170 1371 249 1394 csse
279 1352 651 1406 praetermittendos,
695 1357 736 1387 ut
764 1348 856 1386 laici
887 1356 997 1385 aetate
1041 1349 1294 1399 provectiores

167 1411 473 1448 advocarentur.
515 1402 724 1450 Secundo,
771 1416 860 1439 eum
905 1401 976 1439 hoc
1005 1400 1294 1438 Sacramentum

167 1464 215 1501 sit
252 1461 495 1511 poenitentiae
537 1458 928 1502 consummativum,
978 1462 1017 1491 ut
1047 1452 1172 1491 Patres
1203 1453 1292 1490 Tri-

167 1516 272 1553 dent.
302 1514 538 1565 loquuntur,
569 1512 716 1556 immo,
748 1517 788 1545 nt
817 1509 917 1546 bene
945 1508 1106 1545 advertit
1136 1506 1298 1544 Sanctus

169 1569 341 1607 Thomas
370 1568 410 1605 in
428 1565 630 1615 Supplem.
659 1570 795 1614 quaest.
819 1562 883 1600 51.
903 1570 973 1599 art.
1001 1573 1058 1608 1.‚
1089 1558 1213 1597 iuhoc
1229 1560 1298 1597 Sa-

171 1629 366 1660 eramento
393 1619 461 1657 fiat
490 1619 662 1655 remissio
691 1625 959 1668 peccatorum,
990 1613 1200 1651 secundum
1230 1611 1301 1650 illa

175 1674 349 1727 Apostoli
379 1673 520 1711 verba:
563 1670 618 1708 Et
647 1673 680 1707 si
710 1673 751 1707 in
780 1671 955 1718 peccatis
971 1666 1104 1718 suerit
1124 1697 1134 1715 ,
1164 1671 1301 1704 remit-

172 1738 306 1767 tentur
333 1731 390 1775 ei,
435 1726 583 1764 nonnisi
613 1723 673 1763 illi
714 1732 867 1774 possunt
897 1735 976 1759 esse
1022 1719 1136 1771 hujus
1166 1719 1302 1757 Sacra—

169 1784 291 1822 menti
322 1779 516 1827 ministri,
547 1778 688 1831 quibus
719 1784 876 1829 potestas
898 1775 1070 1827 ligandi,
1101 1782 1212 1825 atque
1228 1773 1302 1811 sol-

172 1835 286 1874 vendi
315 1849 337 1873 a
366 1834 516 1872 Christo
535 1832 707 1871 Domino
735 1830 823 1868 data
851 1837 933 1878 est,
964 1842 1108 1880 nempe
1133 1827 1204 1865 soli
1231 1827 1303 1866 Sa-

175 1890 344 1928 cerdotes
364 1913 376 1925 .

230 1942 296 1987 45.
326 1939 606 1978 Difficultatem
654 1936 790 1989 ingerit
832 1935 994 1987 epistola
1029 1934 1241 1974 Innocentii
1269 1935 1302 1972 l.

175 1995 225 2035 ad
254 1994 467 2046 Episopum
496 1990 777 2042 Eugubinum.
819 1988 1024 2040 Postquam
1049 1990 1157 2026 <enim
1188 1987 1305 2025 dixis-

174 2057 232 2088 set
252 2079 264 2097 ,
299 2046 434 2085 Jacobi
462 2044 581 2084 verba
608 2044 655 2081 de
683 2041 953 2094 aegrotantibus
982 2040 1164 2078 fidelibus
1194 2039 1307 2077 intel-

177 2101 247 2153 ligi
277 2100 444 2148 debere,
488 2102 554 2148 qui
580 2104 724 2134 sancto
753 2095 839 2132 oleo
882 2093 1111 2131 chrismatis
1138 2097 1305 2145 perungi

177 2162 363 2208 possunt,
393 2151 544 2190 subdit:
572 2163 648 2201 quo
676 2148 727 2186 ab
755 2147 955 2197 Episcopo
984 2145 1168 2197 confecto
1186 2177 1195 2194 ,
1227 2160 1308 2184 non

178 2208 308 2246 solum
337 2201 615 2244 Sacerdotibus
634 2232 647 2250 ,
677 2200 747 2239 sed
773 2199 956 2238 omnibus
989 2199 1223 2237 Christianis
1253 2204 1309 2237 uti

180 2261 298 2309 licet,
328 2264 368 2297 in
396 2271 495 2306 sua,
525 2265 597 2295 aut
625 2268 787 2293 suorum
815 2256 1058 2292 necessitate
1076 2280 1086 2292 .
1118 2254 1232 2290 Hunc
1250 2254 1309 2290 Iu-

183 2315 350 2353 nocentii
381 2313 508 2350 locum
539 2317 726 2348 memorat
754 2308 872 2346 etiam
902 2307 1002 2345 Beda
1028 2309 1072 2346 in
1092 2307 1308 2345 Comment-

184 2369 231 2408 ἃᾶ
262 2367 386 2419 Epist.
415 2365 457 2403 S.
486 2364 622 2403 Jacobi
652 2363 766 2401 Tom.
787 2360 838 2399 V.
869 2361 958 2412 (a).

240 2420 308 2466 46.
337 2419 389 2457 Ut
406 2418 489 2457 haec
519 2416 722 2456 difficultas
751 2414 908 2453 tollatur
929 2445 940 2462 ‚
968 2412 1154 2465 Theologi
1184 2414 1224 2452 in
1246 2427 1312 2452 va-

185 2474 263 2514 rias
293 2474 471 2512 abierunt
499 2471 697 2511 sententias
714 2496 725 2509 .
754 2469 889 2508 Noster
916 2469 1034 2508 Dom.
1063 2468 1154 2507 Soto
1181 2476 1311 2520 putat,

231 2639 284 2675 (a)
308 2635 371 2669 His
393 2632 615 2674 Innocentii,
641 2634 672 2664 &
699 2630 798 2665 Bedae
823 2630 941 2664 verbis
966 2629 1130 2674 deceptus
1158 2628 1312 2663 Thomas

190 2680 412 2720 waldem&
445 2680 605 2724 egregius
643 2678 799 2722 alioquin
835 2677 1060 2721 Theologus‚
1099 2679 1131 2708 &
1166 2676 1311 2720 insignis

189 2728 402 2760 Wiclesmnm
428 2726 571 2759 haeresis
590 2724 803 2764 debellator,
830 2724 932 2756 Tom.
952 2726 994 2756 ΙΙ.
1022 2722 1076 2755 De
1097 2722 1311 2755 Sacrament-

191 2785 267 2816 (ιη).
292 2774 425 2816 penult.
450 2771 588 2817 putavit
604 2793 614 2811 ‚
640 2771 675 2803 in
701 2780 859 2804 extrema
886 2770 1092 2803 necessitate
1118 2768 1226 2801 etiarn
1245 2767 1311 2799 lai-

192 2829 249 2851 cos
275 2827 370 2861 posse
396 2819 460 2851 hoc
486 2819 751 2850 Sacramentum
778 2817 958 2850 conferre.
992 2816 1043 2848 At
1069 2827 1168 2852 vero,
1194 2813 1311 2856 inquit:

192 2864 301 2898 Dom.
327 2864 411 2896 soto
436 2865 468 2896 in
490 2864 549 2896 lV.
573 2864 667 2897 Dist.
689 2865 745 2896 23.
770 2870 896 2907 quaest.
913 2873 944 2894 2.
971 2870 1037 2895 art.
1061 2873 1112 2900 1.‚
1139 2860 1202 2892 hoc
1227 2871 1311 2902 prae-

193 2919 247 2943 ter
259 2913 401 2942 cluniam
412 2913 600 2951 opinionem
617 2912 788 2943 asseritur
802 2932 810 2940 .
838 2907 1017 2952 Launojus
1037 2915 1155 2941 autem
1170 2926 1180 2945 ‚
1206 2917 1311 2949 quem

193 2958 488 3000 'intemperantem
525 2956 689 2989 criticum
721 2967 840 2988 omnes
876 2962 1031 2994 norunt,
1073 2952 1128 2985 De
1155 2952 1311 2984 Sacram.

193 3011 286 3035 extr.
312 3010 403 3034 unct.
431 3011 509 3044 pag.
542 3001 619 3043 572.
646 3000 844 3034 Waldensis
869 3000 1107 3033 defensionem
1133 2998 1312 3042 suscepit,

194 3049 384 3082 observans
400 3068 410 3087 ‚
446 3057 557 3089 neque
584 3058 602 3077 a
628 3048 732 3086 Soio,
769 3059 880 3090 neque
906 3058 924 3079 a
948 3045 1163 3078 Bellarmino
1203 3045 1315 3077 ullum

196 3094 314 3128 afferri
334 3093 551 3135 ''l'lieologum
576 3091 650 3134 ipso
675 3094 926 3132 vetustiorem,
952 3093 1010 3135 qui
1037 3095 1316 3125 contrariantes:-

200 3153 318 3183 presse
343 3141 524 3176 docuerit;
549 3138 649 3181 quasi
675 3149 755 3170 vcro
780 3139 813 3169 S.
827 3138 981 3171 Thomas
1001 3150 1069 3171 non
1092 3137 1198 3170 suerit
1219 3137 1316 3169 Wal-

199 3187 298 3219 densi
324 3187 436 3218 multo
461 3183 636 3227 antiquior
652 3206 665 3224 ,
696 3187 733 3214 ’δι’
758 3184 870 3216 multo
895 3183 1039 3227 majoris
1066 3182 1285 3216 auctoritatis
1305 3206 1313 3214 .

200 3233 312 3275 'lili-get
336 3230 512 3274 Launojus
537 3230 672 3262 litteras
697 3229 844 3263 Martini
862 3229 905 3260 V.
923 3250 933 3268 ,
959 3228 1085 3272 quibus
1107 3228 1254 3268 asserit,
1279 3241 1314 3262 se

203 3280 364 3312 volumen
391 3275 580 3310 secundum
607 3274 804 3309 Waldensis
827 3286 888 3318 per
912 3277 1077 3308 solemnes
1105 3278 1196 3307 viros
1222 3277 1316 3308 oisle-

204 3329 236 3360 γι·
252 3346 263 3366 ,
291 3328 332 3358 &⁵
357 3325 549 3359 narniam-i
565 3323 706 3369 fecisse
722 3343 734 3364 ‚
763 3324 854 3357 sicut
877 3325 1043 3365 primum,
1069 3322 1157 3366 quod
1180 3325 1315 3366 parite»-

996 96 1266 140 DISSERT.
1288 95 1390 140 VH.
1425 95 1553 139 CAP.
1575 95 1630 138 Π.

1356 175 1495 212 nodam
1515 205 1525 223 ,
1555 173 1865 211 &innocentium
1896 172 2089 211 affirmare
2118 172 2340 220 dumtaxat,
2371 170 2476 224 quod

1355 230 1506 266 licitum,
1536 231 1586 265 sil:
1614 230 1806 265 sanitatis
1833 231 1971 279 gratia
1999 228 2084 266 oleo
2113 227 2177 265 illo
2206 226 2258 265 ab
2277 226 2475 277 Episcopo

1356 289 1590 319 consecrato
1619 279 1801 331 infirmos
1830 280 2024 325 delinire,·
2066 294 2147 318 non
2175 290 2315 318 tamen
2357 283 2480 316 senti-

1357 347 1427 382 re,
1458 333 1551 371 illud
1580 345 1666 370 esse
1696 331 2035 382 Sacramentum,
2065 337 2142 372 nisi
2170 347 2198 372 a
2228 331 2479 385 Presbjteris

1358 385 1567 436 informa
1587 384 1784 422 Ecclesiae
1812 384 1907 422 illud
1923 386 2010 436 fiat
2027 412 2037 425 .
2069 387 2204 439 Reipsa
2224 388 2365 440 saepius
2387 386 2480 423 fuis-

1358 453 1396 477 se
1425 453 1487 475 eas
1515 438 1589 475 olei
1617 437 1807 475 benedicti
1837 441 2032 477 unctiones
2059 440 2107 477 ad
2142 444 2312 492 corporis
2342 440 2482 478 sanita-

1358 501 1433 530 tem
1457 490 1736 541 impetrandam
1763 488 1954 528 adhibitas
1972 519 1982 538 ‚
2011 491 2190 542 pluribus
2210 494 2377 532 historiae
2401 504 2480 531 mo-

1359 545 1556 582 numentis
1585 551 1749 591 constat,
1778 542 1921 593 quibus
1949 551 2073 581 noster
2100 544 2142 582 S.
2171 546 2314 585 Doctor
2343 554 2480 598 quaest.

1358 597 1425 635 51.
1454 605 1525 634 art.
1553 610 1584 634 ι.
1617 596 1663 633 ad
1694 609 1731 634 2.
1762 596 1988 646 respondet,
2031 596 2132 647 quod
2160 598 2240 635 illoe
2277 605 2484 638 unctiones

1358 663 1441 687 non
1471 659 1588 687 erant
1618 648 1987 692 Sacramentales;
2029 649 2099 687 sed
2128 662 2181 687 ex
2209 652 2388 701 quadam
2419 652 2486 690 de-

1359 707 1509 747 rotione
1552 706 1826 753 recipientium
1873 702 2000 739 talem
2047 707 2310 752 unctionem,
2352 706 2401 745 <90
2430 718 2485 745 ex

1361 759 1512 794 meritis
1543 759 1760 808 ungcntiun
1778 785 1788 803 ,
1826 756 1884 793 vel
1913 755 2044 794 oleum
2074 759 2318 794 mittentium
2347 770 2483 797 conse-

1361 809 1552 862 quebatur
1573 809 1738 859 effectus
1763 812 1953 847 sanitatis
1982 810 2200 859 corporalis
2219 823 2289 860 per
2303 813 2486 862 gratiam

1360 867 1606 911 sanitatum,
1650 876 1732 900 non
1761 871 1898 901 antem
1927 875 1995 912 per
2021 867 2204 916 gratiam
2234 864 2484 902 Sacramen-

1361 918 1486 955 talem
1510 947 1520 965 ‚
1553 926 1592 954 ut
1622 930 1735 968 supra
1766 915 1846 967 jam
1876 916 2045 954 diximus
2076 917 2132 968 (b)
2157 943 2167 955 .

1415 971 1482 1021 47.
1513 970 1593 1008 Alii
1623 979 1748 1008 tamen
1779 971 2083 1021 praestantissimi
2114 969 2301 1023 Theologi
2330 978 2489 1024 putant,

1361 1025 1480 1063 verba
1511 1025 1719 1062 Innocentii
1737 1054 1747 1071 ,
1778 1023 1811 1059 δε
1842 1024 1954 1060 Bedae
1983 1036 2059 1060 non
2086 1023 2134 1062 de
2162 1028 2319 1072 activo,
2349 1025 2412 1063 sed
2442 1025 2490 1062 de

1360 1081 1516 1129 passivo
1564 1076 1679 1128 hujus
1708 1077 1946 1114 Sacramenti
1991 1091 2060 1115 usu
2109 1077 2336 1129 explicanda
2379 1091 2457 1115 esse
2479 1107 2490 1125 ,

1362 1146 1499 1184 nempe
1529 1143 1602 1168 non
1632 1130 1726 1168 solos
1754 1130 2000 1178 Sacerdotes,
2039 1131 2102 1168 sed
2129 1144 2263 1170 omnes
2290 1131 2422 1169 fideles
2453 1133 2491 1168 in

1362 1200 1429 1224 sua
1447 1215 1456 1232 ,
1487 1197 1722 1235 suorumque
1751 1185 1969 1222 necessitate
1998 1198 2075 1221 esse
2106 1184 2364 1237 inungendos.
2396 1185 2494 1222 Haec

1362 1237 1566 1291 explicatio
1595 1236 1794 1288 colligitur
1823 1249 1868 1274 ex
1898 1245 1972 1274 toto
2001 1246 2210 1287 contextu,
2242 1240 2308 1277 ubi
2331 1238 2490 1290 loquens

1363 1293 1410 1330 de
1441 1291 1685 1329 Sacramento
1713 1290 1846 1328 Jacobi
1896 1291 2007 1342 epist.
2051 1292 2294 1342 promulgato
2338 1293 2485 1342 inquit:

1366 1376 1393 1394 ,7
1427 1344 1539 1395 Quod
1569 1358 1642 1381 non
1674 1353 1725 1381 est
1746 1344 1909 1381 dubium
1931 1343 1976 1381 de
2006 1343 2187 1382 fidelibus
2217 1344 2492 1396 aegrotantibus

1364 1429 1392 1447 „
1423 1399 1570 1450 accipi,
1592 1397 1649 1436 vel
1675 1397 1839 1449 intelligi
1860 1397 1998 1434 debere
2013 1428 2023 1445 ,
2044 1399 2113 1449 qui
2129 1407 2258 1436 sancto
2275 1397 2359 1435 oleo
2374 1397 2495 1436 chris-

1366 1482 1393 1501 „
1426 1453 1535 1489 matis
1565 1452 1727 1502 perungi
1760 1460 1942 1501 possunt,
1972 1454 2073 1502 quod
2103 1450 2153 1488 ab
2183 1451 2375 1503 Episcopo
2404 1465 2492 1489 con·

1365 1535 1393 1553 „
1426 1506 1567 1543 sectum
1586 1534 1596 1552 ,
1628 1517 1700 1541 non
1730 1503 1852 1541 sotum
1883 1503 2178 1553 Sacerdotibus,
2215 1506 2279 1542 sed
2309 1505 2342 1541 &
2372 1505 2496 1542 omni-

1368 1588 1394 1607 „
1425 1559 1496 1596 bus
1527 1559 1581 1595 uti
1603 1557 1830 1595 ⁴Christianis
1860 1557 1951 1595 licet
1981 1558 2017 1594 in
2047 1571 2141 1606 sua,
2173 1568 2236 1597 aut
2268 1560 2306 1596 in
2336 1571 2494 1596 suorum

1367 1642 1394 1660 ,‚
1423 1612 1642 1650 necessitate
1674 1611 1889 1661 ungendum
1910 1611 1960 1648 ”0
1991 1611 2065 1649 Hic
2095 1612 2172 1663 agit
2201 1625 2275 1650 non
2305 1612 2351 1649 de
2382 1612 2497 1648 mini-

1365 1666 1481 1713 stris,
1510 1665 1573 1702 sed
1601 1664 1647 1700 de
1678 1665 1856 1714 aegrotis3
1887 1672 2015 1715 postea
2045 1678 2134 1701 vero
2163 1679 2274 1715 agens
2303 1666 2350 1702 de
2380 1665 2495 1701 mini-

1370 1720 1453 1757 stris
1471 1748 1480 1766 ,
1519 1732 1539 1754 e
1568 1731 1733 1768 quorum
1764 1730 1924 1754 numero
1954 1715 2076 1768 aliqui
2105 1717 2375 1768 expungebant
2405 1717 2501 1769 Epi-

1369 1785 1499 1823 scopos
1517 1801 1526 1819 ‚
1556 1772 1649 1823 quia
1680 1769 1881 1822 Apostolus
1911 1769 2006 1807 solos
2034 1771 2203 1809 nominat
2233 1770 2500 1824 PresbyterOS,

1366 1826 1522 1864 subdit:
1546 1854 1571 1872 „
1600 1825 1778 1861 Ceterum
1809 1823 1906 1860 illud
1947 1823 2189 1874 superfluum
2233 1826 2406 1864 videmus
2435 1824 2501 1861 ad-

1372 1909 1397 1928 „
1428 1878 1593 1930 jectum,
1625 1885 1664 1914 ut
1693 1877 1738 1914 de
1767 1876 1959 1927 Episcopo
1987 1876 2232 1930 ambigatur,
2261 1878 2364 1931 quod
2393 1876 2500 1915 Pres-

1368 1962 1399 1981 v„
1430 1932 1576 1984 byteris
1606 1931 1725 1968 licere
1753 1943 1825 1967 non
1855 1930 2018 1968 dubium
2051 1940 2136 1969 est.
2165 1931 2265 1969 Nam
2290 1932 2436 1970 idcirco
2455 1931 2501 1968 de

1373 2015 1401 2034 „
1430 1985 1665 2036 Presbyteris
1689 1985 1840 2021 ⁴dietum
1868 1992 1922 2021 cst
1941 2013 1951 2032 ,
1986 1985 2083 2036 quia
2112 1984 2295 2037 Episcopi
2325 1984 2411 2023 aliis
2439 1997 2504 2022 oc·

1375 2068 1402 2087 „
1431 2038 1700 2089 copationibus
1748 2037 1920 2087 impediti
1960 2037 2008 2074 ad
2044 2050 2176 2075 omnes
2217 2037 2416 2089 languidos
2446 2037 2503 2074 ire

1377 2119 1404 2139 ,‚
1432 2104 1509 2128 non
1539 2099 1719 2142 possunt3
1741 2089 1762 2105 '³
1785 2089 1851 2127 ubi
1882 2088 1977 2126 nihil
2006 2089 2177 2141 amplius
2203 2090 2252 2128 de
2270 2091 2357 2128 aliis
2386 2089 2502 2140 hujus

1375 2144 1613 2183 Sacramenti
1646 2143 1831 2180 ministris
1869 2143 2066 2181 innuitur.
2111 2143 2219 2181 Addo
2247 2153 2400 2196 propter
2430 2143 2501 2182 hoc

1374 2212 1498 2235 unum
1520 2197 1725 2234 admodum
1754 2195 1962 2233 obscurum
1996 2196 2210 2235 Innocentii
2239 2197 2502 2235 testimonium

1378 2250 1635 2288 universalem
1655 2248 1843 2287 Ecclesiae
1874 2249 2088 2287 doctrinam
2107 2277 2117 2296 ,
2148 2249 2182 2285 8t
2212 2251 2365 2301 praxim
2395 2249 2504 2288 labe-

1376 2305 1512 2342 factari
1555 2316 1632 2341 non
1662 2315 1793 2354 posse.
1838 2301 1927 2340 Vid.
1957 2301 2088 2339 Petrus
2115 2302 2306 2342 Constant.
2347 2304 2387 2342 in
2424 2312 2505 2342 not.

1378 2358 1423 2396 ad
1456 2356 1554 2395 hanc
1584 2355 1797 2394 innocentii
1822 2355 2028 2407 epistolam
2059 2355 2116 2407 (c)
2136 2381 2146 2395 ι

1434 2411 1501 2457 48.
1532 2410 1714 2463 Sequitur
1735 2439 1745 2457 ,
1788 2409 2025 2447 utbreviter
2065 2410 2240 2448 dicamus
2268 2410 2314 2448 de
2343 2422 2507 2448 numero

1378 2464 1696 2518 I'resbyterorum
1713 2462 1760 2501 ad
1776 2462 1847 2501 hoc
1866 2462 2158 2502 Sacramentum
2188 2465 2371 2516 requisito
2388 2493 2399 2513 ,
2428 2478 2507 2516 qua

2408 2530 2451 2556 lu

1369 2627 1448 2671 snit
1475 2628 1515 2659 ab
1540 2626 1692 2659 omnibus
1709 2624 1996 2658 commendatum.
2024 2622 2090 2656 Sed
2117 2624 2192 2657 istae
2207 2624 2384 2668 generales
2411 2635 2507 2658 com-

1379 2672 1618 2706 mendationes
1642 2683 1709 2705 non
1735 2671 1928 2710 evincunt,
1963 2671 2103 2703 nullum
2128 2682 2274 2715 prorsus
2301 2683 2440 2704 naevnm
2467 2672 2505 2704 in

1379 2718 1485 2763 hujus
1513 2719 1635 2752 eximii
1671 2718 1851 2762 scriptoris
1876 2717 2042 2762 operibus
2067 2718 2216 2762 reperiri
2238 2718 2359 2762 aliqua
2382 2729 2502 2762 repre-

1376 2765 1547 2798 hensione
1572 2764 1718 2809 (lignum
1733 2787 1741 2795 .

1430 2813 1477 2849 (b)
1501 2812 1617 2845 Multa
1651 2811 1777 2844 harum
1817 2809 2025 2844 unctionum
2064 2809 2228 2854 exempla
2264 2810 2457 2844 afferuntur
2482 2821 2502 2842 a

1377 2859 1432 2892 Jo·
1460 2859 1559 2902 Bapt.
1586 2857 1727 2890 Thiers.
1755 2856 1882 2890 Thom.
1912 2857 1973 2889 lV.
2011 2856 2067 2890 De
2093 2860 2331 2900 superstition.
2366 2857 2444 2889 Lib.
2471 2857 2505 2889 8.

1378 2916 1456 2949 cap.
1486 2916 1544 2944 1.;
1571 2905 1744 2949 praecipue
1769 2905 1803 2936 S.
1831 2904 2003 2943 Martini,
2035 2903 2076 2936 de
2101 2915 2172 2948 quo
2197 2904 2246 2936 ita
2272 2903 2397 2937 scribit
2423 2903 2504 2935 Sul-

1377 2951 1487 2996 pitius
1515 2952 1661 2984 Severus
1688 2951 1781 2984 Dial.
1802 2951 1884 2983 HL:
1925 2949 2091 2985 Pusillum
2116 2953 2186 2984 olei
2211 2962 2284 2983 cnm
2316 2950 2504 2984 exorcismi

1381 2998 1583 3042 praefatione
1610 2999 1809 3031 benedicit:
1847 3006 1946 3041 atque
1973 3002 2024 3031 ita
2050 3001 2085 3031 in
2111 3010 2150 3029 os
2182 2999 2302 3040 puellae
2326 3002 2339 3036 (
2364 3003 2469 3030 mutae
2491 2997 2504 3030 )

1385 3044 1638 3087 sanctificatum
1675 3047 1838 3088 liquorem
1857 3065 1867 3083 ‚
1906 3056 1978 3077 cnm
2004 3049 2044 3077 (T
2071 3046 2220 3088 linguam
2255 3046 2354 3077 illins
2377 3041 2506 3084 digitis

1383 3099 1543 3131 teneret,
1569 3091 1719 3135 infudit:
1749 3089 2110 3134 additque-nonnulla
2135 3089 2323 3123 admodum
2348 3088 2437 3121 mira
2451 3082 2502 3136 'de

1385 3137 1541 3182 ampulla
1565 3138 1631 3171 olei
1657 3137 1700 3171 ab
1721 3137 1795 3181 ipso
1808 3136 1963 3170 Martino
1985 3135 2160 3171 benedicti
2186 3135 2229 3170 ad
2254 3132 2422 3169 sanandos
2449 3141 2504 3162 m-

1382 3184 1524 3222 firmos;
1557 3196 1599 3217 ex
1625 3185 1753 3228 quibus
1777 3195 1928 3227 pronum
1963 3192 2015 3216 est
2042 3183 2198 3224 inferre,
2235 3183 2502 3215 Sacramentum

1381 3239 1548 3263 extremae
1573 3230 1750 3263 unctionis
1775 3231 1880 3263 fuisse
1906 3230 1949 3264 ab
1969 3230 2192 3264 unctionibus
2216 3227 2292 3261 istis
2317 3224 2506 3258 miraculo-

1381 3277 1430 3309 sis
1455 3276 1598 3310 omnino
1622 3275 1823 3309 diversum.

1428 3326 1475 3363 (c)
1500 3323 1575 3359 Nec
1612 3323 1760 3358 refutari
1795 3330 1952 3359 meretur
1988 3318 2300 3369 pseudo-minister
2326 3318 2508 3358 Dallaeus,
