2605 3624
608 149 688 195 DE
725 145 1018 202 MINISTRO
1053 147 1459 193 SACRAMENT}
1493 149 1734 193 otintxts
1756 178 1767 191 .

32 264 60 285 ‚,
90 237 205 274 etiam
248 245 379 273 omnes
406 227 648 281 Presbyteri,
696 229 764 280 qni
809 235 1009 278 praesentes
1038 235 1122 263 snut
1141 255 1152 270 ,

32 317 60 337 ‚‚
92 302 250 328 inanum
278 284 458 337 Episcopi
488 294 601 333 super
627 290 745 333 caput
794 281 898 318 illius
928 288 1076 316 teneant
1098 305 1108 316 .
1129 279 1150 294 ’'

33 342 148 389 Quod
194 348 318 392 postea
394 335 572 373 oliibetnr
615 336 654 372 in
691 333 925 372 ordinatione
956 333 1115 371 Diacoui
1139 362 1150 379 ,

32 395 73 434 in
102 408 177 447 qua
205 391 309 430 solus
338 349 579 441 lglpisoopus,
607 389 675 441 qui
692 387 909 436 benedicit,
941 400 1077 424 manns
1092 399 1152 424 su-

32 460 102 499 per
127 445 211 496 ejus
238 451 354 495 caput
384 444 575 494 imponit.

85 497 152 549 69.
183 496 324 550 Resp.‚
374 497 526 534 nomine
553 493 798 547 Preslzseeric'
842 507 918 532 nou
961 492 1154 545 simplices

30 549 300 604 Presbyteros‚
328 550 389 588 sed
421 551 544 602 potius
573 547 789 599 Epist-opos
818 563 839 585 a
868 546 986 584 Paulo
1016 548 1154 598 indigi-

29 605 130 650 tari;
179 604 279 641 unde
310 604 349 641 in
381 617 418 642 α.
448 603 557 654 epist.
587 616 674 654 cap.
696 602 725 639 l.
755 601 800 639 de
830 600 962 638 eadem
999 602 1153 638 ordina-

29 658 133 697 tione
162 655 356 696 Timothei
386 656 502 694 dicit:
531 668 602 707 per
629 658 922 706 imposicionem
954 666 1152 691 manuum

30 723 246 749 mearum.
276 709 410 763 Neque
430 710 648 748 mirandum
679 717 757 756 est,
788 709 903 747 fuisse
932 705 1023 745 huic
1052 707 1153 744 ordi-

29 765 172 803 nationi
201 764 251 802 ali
285 776 349 802 uos
377 763 585 815 Episcopos
615 771 844 814 praesentes.
880 763 921 799 ln
952 761 1086 811 primis
1116 774 1153 798 e-

30 820 111 856 nirn
159 816 237 856 illis
255 778 451 856 ‘iicclesiae
489 816 653 854 exordiis
697 825 849 867 propter
892 816 1155 852 ministrorum

29 872 290 922 paucitatem,
332 871 399 922 qui
430 869 646 921 Presbyteri
677 877 826 907 tantum
864 877 996 914 erant,
1041 867 1154 905 facile

29 924 77 962 ad
100 923 374 976 Episcopatum
406 923 752 975 promovebantur,
786 931 994 974 iit-possent
1025 921 1154 959 utilius

27 975 216 1016 Ecclesiae
248 977 457 1023 inservire,
487 977 581 1014 adeo
611 987 647 1013 ut
679 976 806 1027 plures
836 985 924 1013 tunc
954 983 1074 1012 esseut
1106 973 1155 1011 F,-

29 1031 179 1082 piscopi
197 1060 208 1078 ,
236 1043 354 1082 quam
375 1029 570 1080 simplices
585 1028 798 1081 Presbyteri
817 1056 827 1066 .
860 1029 972 1066 Addit
989 1029 1028 1065 S.
1051 1027 1154 1064 'stio-

29 1096 114 1121 mas
142 1085 182 1121 in
212 1081 313 1120 bunc
343 1081 418 1120 loc.
437 1111 447 1130 ‚
477 1083 632 1120 uomina
649 1081 877 1134 I'reslffrerc'
895 1111 904 1129 ,
935 1083 968 1118 8<
991 1079 1154 1137 Episco-

27 1138 68 1186 pi
97 1135 212 1174 fuisse
241 1135 484 1186 promiscua;
522 1135 623 1188 quod
656 1145 779 1187 postea
810 1135 940 1174 multis
971 1133 1156 1185 exemplis

26 1188 299 1228 demonstravit
327 1187 520 1227 Swicerus
550 1191 589 1227 in
620 1200 711 1227 voce
740 1190 984 1236 πρεσβύτερον
1002 1215 1012 1226 .
1061 1187 1154 1226 Haec

28 1242 288 1294 interpretatio
328 1241 528 1294 desumpta
569 1252 622 1280 est
657 1255 702 1280 ex
731 1242 771 1280 S.
800 1241 859 1278 Jo.
888 1242 1155 1294 Chrysostomo

27 1294 146 1333 Hom.
167 1294 278 1334 Xlll.
308 1295 347 1334 in
373 1307 407 1333 r.
435 1296 483 1334 ad
505 1294 677 1334 Timotb.
694 1326 705 1343 ,
735 1295 986 1347 eamdemque
1002 1295 1156 1346 adopta-

27 1357 119 1388 runt
138 1347 388 1387 OEcumenius
404 1378 415 1396 ‚
446 1347 771 1402 Theopliilactus‚
801 1347 946 1399 aliique
967 1347 1157 1386 nobilissi-

29 1403 86 1440 mi
118 1402 340 1453 interpretes
370 1400 456 1453 (b).

87 1468 152 1506 70.
182 1455 240 1493 Ad
270 1454 429 1497 alteram
458 1455 684 1507 objectionis
715 1463 862 1507 partem
893 1455 1089 1507 respondet
1115 1453 1156 1492 S.

31 1506 202 1547 'Thomas
223 1509 262 1546 in
291 1507 424 1560 Suppl.
445 1518 579 1561 quaest.
597 1508 661 1548 58.
683 1518 752 1547 art.
778 1522 810 1546 i.
840 1509 886 1546 ad
914 1522 946 1546 ι.
965 1538 975 1556 ,
1007 1538 1031 1557 „
1053 1507 1157 1560 quod

31 1589 59 1610 „
88 1562 128 1599 in
157 1562 398 1612 impositione
429 1577 614 1601 manuum
646 1575 718 1599 non
739 1562 852 1600 datur
871 1561 1066 1600 character
1086 1561 1157 1600 Sa-

31 1641 59 1663 „
88 1613 288 1652 cerdotalis
317 1615 499 1664 Ordinis,
528 1615 592 1654 sed
621 1617 770 1667 gratia,
800 1615 1007 1653 secundum
1038 1628 1156 1666 quam

31 1695 60 1716 ‚,
88 1667 136 1705 ad
166 1668 433 1720 exequendum
461 1669 634 1708 ordinem
665 1677 752 1706 sunt
782 1669 907 1707 idonei
930 1694 940 1706 .
988 1667 1036 1705 Et
1065 1668 1158 1720 quia

34 1748 60 1769 ,‚
90 1721 260 1772 indigent
288 1721 531 1773 amplissima
550 1724 671 1773 gratia
689 1751 699 1768 ,
730 1722 815 1759 ideo
828 1721 1047 1760 Sacerdotes
1078 1735 1159 1759 ma-

32 1802 60 1822 „
90 1787 161 1810 nus
189 1787 280 1811 cum
309 1773 501 1826 Episcopo
530 1775 731 1826 imponunt
761 1775 840 1822 eis,
870 1776 937 1825 qui
969 1776 1006 1812 iu
1027 1774 1160 1811 Sacer-

31 1855 60 1874 „
89 1827 191 1864 dotes
221 1837 520 1878 promoventur3
550 1828 614 1866 sed
643 1828 828 1865 Diacouis
857 1827 978 1865 solum
1003 1826 1160 1879 Episco-

31 1907 60 1927 ‚,
90 1879 224 1930 pus.’'
255 1879 454 1932 Quidquid
484 1890 609 1918 autem
626 1883 672 1919 sit
701 1881 747 1918 de
778 1881 876 1928 lioc,
907 1890 1052 1919 certum
1083 1889 1159 1930 est,

33 1933 185 1970 nonnisi
230 1946 349 1971 unum
379 1933 618 1986 Episcopum
665 1948 743 1972 esse
773 1933 886 1972 illum
917 1935 1160 1981 ministrum,

33 1986 103 2036 qui
133 1999 280 2025 sacram
310 1988 589 2026 ordinationem
622 1989 794 2039 peragit,
837 2001 928 2025 cum
961 1987 1029 2025 ille
1057 1987 1161 2025 solus

0 2053 1 2066 ¹
32 2037 277 2078 sacramenti
308 2040 516 2079 formulam
548 2043 801 2091 pronunciet.

123 2105 156 2130 i.
186 2092 262 2130 Ob.
292 2092 492 2132 secundo.
541 2093 625 2132 Non
653 2094 788 2132 desunt
817 2107 925 2132 exem
942 2093 993 2133 >la
1088 2094 1164 2132 uod

0 2123 4 2157 ι
32 2105 229 2197 siniplices
246 2144 461 2199 Presbyteri
490 2145 585 2185 alios
600 2146 846 2199 Presbyteros
873 2108 1160 2186 ordina’veiiim.

27 2196 134 2236 Nam
157 2198 374 2238 Concilium
401 2202 651 2253 Ancyranum
681 2200 918 2238 celebratum
949 2213 1051 2238 anno
1071 2201 1164 2246 514.

36 2264 126 2288 can.
152 2251 213 2290 1-5.
241 2253 295 2290 sic
324 2255 475 2291 statuit:
526 2251 698 2290 Vicarz'is
729 2252 1015 2301 Episcoporum
1036 2283 1046 2300 ‚
1086 2257 1166 2291 sive

41 2301 334 2354 ebor-episcopis
351 2333 362 2351 ,
391 2305 575 2343 nonlicet
593 2306 650 2343 vel
671 2304 930 2357 Presbyteros
947 2335 958 2353 ,
989 2306 1047 2342 vel
1065 2305 1166 2343 Diu,-

39 2368 160 2395 conos
188 2356 380 2395 ordinare
400 2383 456 2396 ....
486 2361 573 2396 sine
591 2368 789 2408 praecepto
810 2357 996 2407 Episcopi
1014 2384 1024 2395 .
1053 2358 1167 2406 Quod

37 2409 234 2449 decretum
263 2410 534 2450 confirmatum
565 2410 727 2463 legimus
765 2413 803 2450 in
829 2412 1004 2450 Concilio
1034 2412 1168 2451 Antio-

39 2462 163 2502 cheno
191 2477 278 2502 can.
305 2478 366 2503 ιο.
384 2493 396 2512 ,
423 2464 696 2517 Cliorepiscopi
727 2474 852 2503 autem
873 2495 883 2512 ‚
923 2474 961 2504 ut
991 2479 1167 2504 commu·

38 2516 100 2556 nis
127 2516 200 2555 fert
228 2519 438 2566 sententia,
467 2517 663 2570 simplices
691 2528 798 2556 eraut
828 2518 1065 2571 Presbyteri.

39 2611 48 2628 ε
98 2583 164 2622 72.
194 2569 336 2623 Resp.,
366 2580 572 2625 utrumque
601 2571 817 2610 Concilium
848 2587 924 2610 esse
955 2572 1166 2623 intelligen-

41 2621 135 2661 dum
166 2623 213 2662 de
240 2624 474 2675 quibusdam
501 2625 818 2678 Cliorepiscopis,
855 2626 924 2678 qui
949 2639 1046 2665 ‚vere
1070 2626 1166 2678 Epi-

43 2676 149 2728 scopi
179 2685 313 2722 eraut3
342 2685 507 2720 attamen
528 2689 679 2729 propter
700 2682 977 2730 persecutiones
994 2707 1004 2726 ,
1035 2679 1096 2718 vel
1125 2694 1167 2718 a·

40 2728 116 2769 lias
144 2743 276 2768 causas
304 2743 329 2767 a
356 2731 523 2782 propriis
551 2730 782 2770 dioecesibus
809 2732 966 2782 exules,
994 2733 1028 2770 8<
1058 2735 1097 2772 in
1127 2747 1167 2771 a·

43 2782 188 2822 liorum
218 2782 499 2835 Episcoporum
541 2784 732 2836 parochiis
760 2794 1063 2835 commorantes,
1111 2785 1169 2825 ibi

43 2835 362 2888 l'resbyterorum
391 2836 534 2874 muniis
564 2838 850 2890 fungebantur3
880 2838 1087 2892 aliquando
1115 2840 1169 2877 ta-'

46 2903 136 2929 men
168 2887 346 2928 facultate
375 2888 424 2928 ab
445 2889 646 2942 Episcopis
665 2892 817 2930 obtenta
834 2922 844 2939 ,
875 2893 988 2931 etiam
1011 2892 1168 2946 Episco-

45 2941 154 2995 pales
183 2943 393 2980 functiones
430 2944 681 2991 exercebant3
728 2946 795 2998 qni
827 2954 1024 2998 propterea
1067 2955 1168 2997 pote-

48 3004 142 3035 state
168 2994 318 3034 ordinis
347 2995 570 3049 pollebant,
618 2998 695 3036 sola
724 3009 902 3051 potestate
924 2998 1168 3052 jurisdictio-

47 3053 113 3088 nis
141 3058 309 3088 carentes
326 3076 335 3087 .
364 3049 478 3087 Clare
507 3051 545 3088 id
566 3051 733 3104 explicat
752 3051 970 3090 Concilium
995 3054 1168 3105 Ancyra-

50 3116 147 3143 num
176 3117 262 3143 can.
288 3117 348 3156 ¹7·
378 3103 429 3141 ita
457 3112 644 3144 statuens:
675 3135 701 3154 „
731 3105 773 3144 Si
802 3107 868 3155 qui
899 3105 1082 3158 Episcopi
1110 3119 1169 3144 or-

106 3246 156 3283 (a)
183 3244 288 3279 Dion.
314 3243 476 3278 petavius
503 3245 581 3279 Lib.
602 3245 628 3279 1.
675 3245 831 3280 Dissert.
856 3245 1068 3281 Ecclesiast.
1095 3257 1170 3292 cap.

54 3297 89 3330 3.
117 3290 239 3334 probat
253 3312 265 3332 ‚
292 3291 518 3337 Presbyter-os
533 3292 587 3324 vel
613 3303 732 3325 otum-s
753 3315 763 3332 ‚
787 3293 841 3325 vel
855 3304 973 3326 eorum
987 3295 1171 3338 plerosque

56 3335 182 3380 primis
207 3336 276 3371 illis
303 3338 517 3384 temporibus
543 3339 592 3372 sic
619 3337 795 3372 ordinatos
815 3338 920 3372 fusse
936 3360 948 3380 ‚
972 3349 1010 3373 ut
1029 3341 1173 3384 Episco-

59 3381 96 3427 pi
120 3383 253 3428 pariter
269 3404 280 3424 ,
305 3395 344 3417 ac
356 3385 557 3427 Presbyteri
578 3384 723 3430 gradum
742 3385 963 3420 obtinerent.
992 3386 1095 3421 Plura
1112 3384 1174 3421 da-

169 3427 406 3484 Gazzaniga
438 3430 572 3472 leeol.
604 3431 717 3472 Tom.
740 3430 809 3471 IX.

2197 167 2275 195 5101

1223 256 1249 275 „
1279 227 1396 264 dinati
1427 237 1538 274 sunt,
1587 242 1656 265 nec
1689 228 1830 280 recepti
1860 227 1908 266 ab
1942 229 2007 266 illa
2039 229 2250 281 parocbia,
2301 234 2338 273 iu

1221 309 1246 328 „
1275 293 1352 331 qua
1384 281 1530 318 ruerant
1559 282 1820 326 denominati,
1860 283 2124 335 voluerintque
2154 286 2248 324 alias
2276 300 2339 324 oc·

1220 362 1248 382 „
1277 345 1419 383 cupare
1449 332 1675 380 l'amcliias,
1706 334 1739 369 &
1769 336 1848 373 vim
1870 335 2101 373 l'rmsulibns
2131 352 2263 378 earum
2285 342 2341 378 iu-

1222 417 1248 435 „
1279 386 1405 432 ferre,
1437 385 1501 423 lios
1531 387 1648 433 abiici
1674 386 1845 436 placuit.
1876 388 1987 436 Quod
2019 391 2049 427 si
2081 391 2268 431 voluerint
2299 396 2336 430 ir

1221 470 1247 489 „
1278 439 1505 492 presbyterii
1536 440 1694 486 ordine,
1727 440 1791 476 nbi
1826 443 1930 490 prius
1962 443 2138 492 fuerant,
2185 455 2222 483 nt
2251 446 2338 484 l’rw

1223 524 1248 543 „
1278 493 1423 546 sbyteti
1455 493 1636 540 residere,
1667 505 1737 530 nott
1767 493 2002 539 abgiciantur
2033 499 2187 548 propria
2216 500 2341 552 digni-

1224 578 1248 586 ,,
1278 547 1416 585 tate.”
1466 547 1600 585 Adbuc
1630 545 1773 584 clarius
1816 540 1986 599 loquitur
2014 551 2234 590 Concilium
2266 555 2342 591 Au-

1222 600 1440 639 tiuclteuutu
1460 630 1470 647 ,
1503 600 1702 652 inquiens:
1734 629 1758 647 ,‚
1790 599 1866 647 Qui
1900 602 1937 637 in
1960 603 2079 649 vicis,
2111 604 2169 640 vel
2203 618 2343 656 pessos-

1223 685 1248 704 ,‚
1278 654 1450 692 sionibus
1465 654 1736 705 Cluorepiscopi
1760 655 2008 691 nominantur
2025 684 2035 702 ,
2064 660 2241 706 quamvis
2264 673 2344 696 nm-

1223 739 1248 756 „
1278 721 1343 747 nus
1376 709 1654 758 impositionem
1685 707 1964 759 Episcoporutn
1995 712 2261 759 perceperint,
2309 712 2342 748 8<

1225 791 1251 810 „
1284 770 1322 799 ut
1352 761 1533 813 Episcopi
1565 762 1772 798 consecrati
1816 761 1914 808 siut,
1963 771 2090 799 tamen
2122 762 2163 801 S.
2193 763 2346 817 Synodo

1224 843 1250 863 „
1280 815 1451 866 placuit,
1483 824 1521 852 ut
1551 814 1707 852 modum
1740 816 1940 865 proprium
1971 826 2220 868 cognoscant,
2252 818 2346 856 idest

1224 898 1250 916 ‚,
1282 877 1320 905 ut
1352 869 1549 906 ministerii
1579 869 1637 905 sui
1669 869 1822 904 modum
1855 882 1926 906 non
1958 869 2140 907 excedant
2162 900 2173 919 ,
2222 885 2347 923 nequo

1225 951 1250 969 „
1280 922 1455 959 ordinent
1479 921 1695 969 Diaconos,
1727 921 1760 958 &
1781 921 2024 975 l’resbyteros
2052 923 2197 976 absque
2226 924 2345 965 liceu-

1224 1003 1249 1022 „
1280 976 1329 1012 tia
1361 975 1544 1026 Episcopi
1574 976 1763 1013 civitatis.
1785 976 1805 991 ’'

1279 1028 1343 1079 75.
1374 1029 1463 1066 lust.
1491 1032 1620 1079 primo
1637 1055 1646 1066 .
1676 1028 1716 1065 S.
1740 1029 1815 1066 Leo
1838 1043 1993 1080 magnus
2011 1029 2346 1082 Epist.CLXV11.

1222 1080 1267 1118 ad
1303 1081 1497 1119 Rusticum
1531 1082 1760 1133 respondeus
1790 1083 1837 1120 ad
1869 1086 2035 1135 primatu
2067 1088 2263 1135 inquisit„
2312 1087 2347 1122 8<

1223 1134 1381 1186 loquens
1401 1135 1446 1172 de
1466 1134 1695 1186 quibusdam
1721 1136 2052 1188 pseudoepiscopis
2071 1139 2218 1190 inquit:
2251 1169 2276 1187 „
2305 1139 2349 1178 Si

1225 1217 1250 1237 „
1280 1189 1348 1239 qui
1378 1198 1504 1226 autem
1524 1186 1666 1226 Clerici
1697 1190 1746 1226 ab
1777 1191 1854 1227 istis
1885 1189 2213 1243 pseudoepiscopis
2245 1193 2350 1230 iniis

1225 1271 1249 1290 „
1281 1240 1462 1279 Ecclesiis
1489 1241 1654 1278 ordinati
1683 1251 1793 1290 sunt,
1822 1243 1890 1294 qui
1921 1243 1966 1279 ad
1999 1245 2170 1294 proprios
2193 1245 2350 1296 Episco-

1226 1324 1251 1344 „
1283 1308 1351 1346 pos
1379 1293 1646 1345 pertinebant,
1691 1293 1724 1330 ἃ
1755 1295 1944 1332 ordinatio
1974 1308 2106 1333 eorum
2136 1309 2317 1336 consensu
2342 1327 2352 1344 ,

1225 1378 1250 1397 „
1281 1348 1314 1384 δε
1344 1347 1490 1395 indicio
1520 1346 1812 1386 Praesidentium
1864 1348 1960 1386 facta
1991 1357 2065 1397 est,
2115 1359 2234 1401 potest
2273 1362 2353 1389 rata

1225 1431 1250 1450 „
1280 1400 1412 1440 baberi
1432 1432 1442 1449 ,
1473 1402 1525 1438 ita
1546 1409 1585 1438 ut
1614 1401 1705 1453 ipsis
1722 1401 1905 1439 Ecclesiis
1926 1412 2191 1454 perseverent:
2214 1404 2234 1419 ’'
2265 1419 2353 1442 ceu-

1224 1456 1298 1493 suit
1328 1467 1416 1506 ergo
1445 1455 1700 1492 sanctissimus
1722 1454 1894 1492 Pontifex
1914 1485 1923 1501 ,
1955 1465 2050 1494 ratas
2082 1455 2217 1495 baberi
2248 1471 2353 1509 posse

1224 1509 1476 1546 ordinationes
1508 1507 1626 1545 factas
1655 1521 1676 1545 a
1706 1509 2069 1561 pseudoepiscopis,
2098 1512 2168 1563 qui
2199 1513 2277 1549 veri
2299 1511 2352 1550 E-

1225 1563 1371 1615 piscopi
1403 1575 1477 1599 non
1507 1569 1618 1608 sunt,
1648 1561 1818 1613 adeoque
1849 1562 1919 1598 διε.

1281 1615 1345 1666 74.
1378 1613 1489 1667 Resp.
1507 1644 1518 1661 ‚
1548 1627 1594 1652 ex
1623 1623 1795 1652 contextu
1819 1629 2033 1668 apparere,
2063 1617 2356 1670 pseudoepisco-

1226 1681 1293 1721 pos
1324 1667 1410 1715 ilios
1453 1683 1475 1705 a
1504 1667 1547 1705 S.
1576 1667 1704 1706 Leone
1734 1671 1946 1707 nominatos
1976 1683 2082 1708 veros
2114 1671 2227 1709 fuisse
2258 1671 2354 1724 Epi-

1226 1734 1383 1774 scopos‚
1431 1721 1560 1760 valide
1588 1730 1842 1771 consecratos,
1888 1736 1959 1760 nou
1989 1732 2115 1762 tamen
2146 1725 2321 1777 Iegitz'me
2342 1754 2353 1774 ,

1228 1777 1319 1827 qnia
1348 1788 1422 1813 nec
1451 1789 1479 1813 a
1513 1775 1676 1813 Clericis
1705 1785 1823 1813 erant
1853 1776 1965 1814 electi
1987 1807 1997 1825 ,
2026 1790 2101 1815 nec
2131 1791 2158 1816 a
2186 1777 2357 1828 plebibus

1229 1832 1418 1879 expetiti,
1446 1841 1522 1866 nec
1552 1842 1578 1866 a
1608 1829 1907 1878 provincialibus
1929 1830 2136 1882 Episcopz's
2157 1844 2248 1869 cnm
2263 1831 2358 1870 Me-

1228 1883 1463 1931 impolitam·
1485 1882 1638 1934 judicio
1667 1888 1922 1928 consecrati;
1961 1898 2048 1935 quae
2081 1885 2221 1936 regulae
2253 1894 2360 1924 erant

1228 1937 1524 1988 prudentissime
1554 1935 1603 1973 ab
1620 1935 1795 1974 Ecclesia
1825 1938 2039 1974 constitutae
2057 1967 2067 1984 ,
2097 1938 2161 1975 sed
2190 1951 2359 1990 quarum

1230 1989 1386 2027 violatio
1415 1987 1628 2027 invalidam
1650 2000 1723 2026 non
1754 1989 1933 2027 reddebat
1949 1989 2131 2042 Episcopi
2161 2004 2360 2030 cousecra-

1230 2043 1396 2091 tiouem,
1425 2056 1470 2080 ac
1500 2041 1661 2093 proinde
1689 2055 1757 2080 nec
1788 2042 1978 2081 invalidas
2006 2041 2178 2095 ejusdem
2207 2046 2361 2083 ordina-

1231 2104 1379 2133 tiones.

1289 2150 1354 2200 75.
1386 2149 1477 2188 lust.
1507 2148 1706 2188 secundo.
1737 2148 1974 2188 Theodoreto
2004 2149 2187 2188 referente
2216 2151 2306 2189 Lib.
2328 2140 2360 2189 Γ.

1234 2201 1342 2240 Hist.
1364 2201 1480 2239 Eccl.
1509 2215 1596 2253 cap.
1617 2215 1657 2252 9.
1686 2203 1726 2239 in
1745 2202 1919 2241 Concilio
1940 2202 2102 2240 Nicaeno
2118 2234 2128 2250 ‚
2160 2212 2361 2254 postquam

1234 2254 1361 2292 Patres
1391 2253 1576 2301 Meletio,
1606 2254 1639 2289 ἃ
1669 2255 1847 2293 omnibus
1877 2255 1926 2293 ab
1954 2268 1998 2292 eo
2027 2256 2208 2293 ordinatis
2236 2256 2361 2294 Cleri-

1233 2309 1289 2346 cis
1316 2314 1472 2344 omnem
1503 2321 1640 2345 manus
1670 2307 1918 2358 imponendi,
1962 2317 2027 2346 ant
2055 2308 2219 2361 eligendi
2258 2319 2363 2362 pote-

1234 2369 1364 2398 statem
1396 2360 1618 2412 ademptam
1661 2374 1739 2398 esse
1767 2361 2038 2408 declararunt3
2089 2365 2137 2400 ita
2168 2372 2362 2414 pergunt:

1235 2413 1300 2452 Illi
1327 2426 1443 2462 vero,
1473 2412 1632 2465 quiDei
1654 2415 1822 2466 juvante
1836 2418 2001 2468 gratia,
2032 2417 2138 2454 nullo
2167 2429 2362 2467 umquam

1235 2471 1276 2505 in
1306 2466 1522 2506 schismate
1551 2466 1782 2518 deprehensa·
1810 2478 1928 2516 sunt,
1957 2468 2028 2506 sed
2057 2474 2098 2508 in
2127 2469 2327 2508 catholica,
2346 2499 2359 2519 ,

1235 2530 1356 2571 atque
1385 2521 1604 2572 apostolica
1633 2519 1821 2560 Ecclesia
1868 2521 2015 2574 absque
2043 2522 2133 2561 labe
2162 2524 2244 2561 ulla
2274 2535 2361 2575 per-

1234 2583 1447 2621 severant,
1493 2583 1732 2624 potestatem
1762 2574 1937 2614 habeant
1979 2577 2030 2616 ὠ·
2060 2590 2205 2615 manns
2234 2581 2361 2626 impo-

1234 2627 1356 2666 nendi
1387 2629 1401 2677 (
1434 2624 1579 2677 ε’ξυσίαν
1610 2626 1709 2676 {xm
1749 2633 1782 2678 κ’,
1808 2626 2131 2681 προχειρίζεσᾶαι
2162 2631 2176 2677 )
2207 2632 2255 2670 (¹9-
2274 2643 2364 2682 pro-

1235 2680 1406 2733 ponendi
1433 2682 1602 2718 nomina.
1629 2692 1767 2718 eorum
1784 2709 1797 2727 ‚
1825 2684 1890 2731 qui
1918 2685 1959 2718 in
1979 2682 2129 2719 clerum
2158 2683 2250 2737 eIIgc'
2278 2697 2366 2724 me-

1236 2739 1387 2773 ruerint
1404 2760 1415 2773 .
1443 2732 1591 2772 Eadem
1622 2732 1734 2772 habet
1754 2734 1922 2772 Socrates
1943 2734 2032 2773 Lib·
2055 2735 2084 2772 l.
2114 2750 2201 2788 cap.
2222 2750 2262 2790 9.
2293 2738 2364 2777 Po-

1237 2797 1358 2828 terant
1387 2798 1476 2840 ergo
1503 2785 1647 2825 Clerici
1676 2785 1854 2825 catholici
1887 2801 1954 2840 per
1983 2801 2120 2827 manus
2149 2791 2365 2843 impositio-

1237 2856 1326 2881 nem
1357 2853 1480 2880 sstcros
1508 2840 1659 2879 ordines
1688 2841 1863 2879 conferre
1880 2867 1891 2880 .

1296 2894 1359 2946 76.
1391 2894 1503 2945 Resp-
1550 2907 1635 2945 neg.
1683 2906 1812 2939 cons.;
1859 2908 1984 2947 neque
2033 2896 2136 2935 euim
2185 2911 2259 2937 vox
2296 2898 2364 2938 illa

1239 2945 1468 2998 προχειρίζω
1497 2960 1647 2998 semper
1666 2947 1835 2998 designat
1862 2961 2011 2986 manus
2040 2953 2271 3001 Imponere,
2299 2952 2361 2989 sed

1240 3014 1368 3051 strpe,
1397 3002 1518 3038 imino
1547 3002 1667 3053 magis
1697 3002 1851 3054 proprie
1871 3002 2061 3054 significat
2090 3005 2236 3056 eligere
2255 3033 2266 3052 ,
2295 3003 2362 3041 de-

1240 3057 1430 3105 signare,
1479 3068 1542 3092 seu
1561 3084 1572 3101 ‚
1621 3063 1662 3091 ut
1692 3056 1744 3092 ait
1774 3055 1971 3107 Scapula,
2015 3057 2195 3095 omnibus
2223 3065 2362 3094 notum.

1228 3107 1407 3159 jacere,
1454 3108 1503 3148 <9¹
1532 3111 1646 3160 quasi
1675 3116 1772 3147 ante
1802 3122 1951 3149 manus
1987 3111 2213 3152 colloc‹zre,·
2261 3108 2363 3147 unde

1328 3169 1333 3175 ’
2251 3172 2309 3199 re·

1241 3242 1330 3283 bunt.
1354 3247 1584 3284 eruditissimi
1609 3249 1676 3284 viri
1705 3251 1740 3284 Ρ.
1766 3249 1986 3286 Mamacliins
2004 3250 2140 3290 Origirr.
2158 3267 2168 3286 ‚
2194 3250 2234 3279 Θ
2254 3247 2361 3280 Anti—

1240 3298 1347 3374 Ὲιὶηε.
1373 3297 1571 3332 Christian.
1589 3296 1649 3330 W.
1685 3308 1761 3342 pag.
1782 3298 1864 3341 337.
1879 3319 1890 3337 ,
1935 3299 1971 3346 ec.
1991 3291 2076 3327 [nid.
2105 3290 2358 3326 Thornassin·is

1278 3355 1297 3376 e
1319 3355 1393 3380 ›iov-
1416 3356 1471 3379 ac·
1496 3352 1560 3380 vet·
1587 3345 1732 3389 discipl.
1759 3344 1862 3377 Toni.
1880 3344 1906 3375 1.
1933 3340 2010 3375 Lib·
2032 3341 2056 3374 l·
2083 3338 2119 3372 P.
2141 3341 2164 3373 l.
2191 3349 2265 3383 cap.
2288 3338 2345 3377 54Ἰ

1782 3431 1830 3473 25]
