2605 3624
600 112 906 158 EXTREMA
940 111 1172 154 UNCTIO
1204 109 1319 153 EST
1354 108 1853 154 SACRAME-NTUM.

129 197 167 236 5.
197 195 380 235 Probatur
408 199 593 246 praetcrea
623 204 667 229 ex
715 191 912 229 traditione
943 189 1161 242 Apostolica
1183 219 1194 237 ,

71 263 190 302 quam
211 250 335 288 Patres
356 248 531 284 'frid-snt.
562 245 752 284 insinuant
774 271 785 282 .
815 244 1060 296 Quamquam
1092 244 1193 280 enim

71 304 115 342 in
142 301 380 356 paucissimis
409 299 485 338 illis
515 300 801 345 monumentis,
847 311 935 350 quae
972 310 1017 335 ex
1046 296 1194 334 duobus

71 357 206 414 primis
234 352 388 392 saeculis
415 353 463 390 ad
492 366 559 390 nos
579 360 866 404 pervenerunt,
895 349 1005 390 nulla
1035 349 1101 389 fiat
1123 348 1192 387 hu-

69 421 131 458 Jus
159 406 399 445 Sacramenti
428 407 594 450 menum
636 406 802 444 occurrit
831 414 957 442 tamen
987 405 1095 441 tertio
1123 417 1194 441 εἱε-

67 458 156 496 culo
185 460 444 498 testimonium
475 460 648 509 Origenis
667 488 677 506 ,
706 459 774 511 qui
806 457 951 495 Homil.
974 458 1019 495 ll.
1052 459 1090 495 in
1121 456 1193 495 Le-

68 512 138 550 vit.
167 522 367 566 postquam
388 513 681 552 Sacramentum
713 512 943 563 paenitentias
972 511 1192 562 descripsit,

66 578 216 605 sacram
245 568 491 614 unctionem,
537 580 627 618 quas
670 564 843 616 eiusdem
886 566 995 617 quasi
1023 563 1193 616 coinple-

70 629 243 657 mentum
275 618 514 666 habebatur,
543 621 668 658 statim
700 627 884 656 memorat
916 619 1113 668 inquiens:
1144 616 1194 654 In

65 685 143 724 quo
157 672 403 723 impletur&
418 672 534 721 illud,
557 672 659 724 quoti
675 671 880 720 Apostolus
896 670 988 707 <licit
1004 684 1017 707 .·
1047 670 1088 708 St
1109 674 1195 720 quis

65 735 206 763 autem
235 728 469 779 infirmatur
497 727 585 768 ὡς.
612 725 763 764 Clarius
804 724 920 762 locuti
953 733 1036 761 sunt
1065 723 1191 762 Patres

64 781 307 831 sequentium
344 779 604 819 saeculorum.
651 778 750 816 'Nam
780 776 1070 829 Chrysostomus
1101 777 1191 815 Lib.

67 832 138 870 Ill.
167 831 232 871 De
261 832 494 872 Sacertlott'o
520 833 773 884 dignitatem,
820 831 854 867 ἃ
887 830 1091 868 utilitatem
1121 830 1190 868 Sa-

64 886 262 945 qerdounn
291 886 502 934 extollens,
545 899 626 924 non
654 886 810 932 solum,
853 885 995 936 inquit,
1026 896 1098 920 nos
1128 897 1189 921 re-

64 948 287 992 generant,
315 939 386 978 seit
413 949 550 992 postea
579 942 703 977 etiam
734 937 1090 975 contlonanaelorum
1119 951 1189 974 no·

65 992 123 1030 bis
148 1001 405 1041 peccatorum
419 993 673 1044 fucultatem
692 990 897 1029 obtinent:
928 990 1189 1044 Infirmatur,

69 1048 195 1096 inquit
223 1046 462 1095 Apostolus,
491 1049 595 1083 inter
623 1058 689 1082 vos
718 1045 860 1095 aliquis
889 1044 976 1084 (ἕνα.
1007 1044 1065 1082 En
1095 1057 1190 1095 quo-

62 1098 180 1135 modo
220 1099 337 1136 ambo
377 1101 437 1138 isti
468 1098 653 1137 Ecclesiae
683 1111 821 1148 graecae
853 1096 977 1135 Patres
1016 1098 1055 1134 in
1083 1110 1190 1135 sacra

63 1149 134 1189 illa
164 1153 337 1190 unctione
365 1161 573 1204 agnoscunt
598 1164 672 1190 non
701 1150 823 1189 solum
854 1152 1021 1202 corporis
1051 1152 1189 1187 sanita-

62 1213 170 1252 tem,
198 1205 261 1243 sed
291 1206 405 1244 etiam
438 1214 679 1259 peccatorum
710 1205 1000 1251 remissionem,
1037 1205 1104 1255 qui
1135 1204 1189 1240 ef-

62 1257 187 1297 fectus
214 1258 426 1310 spiritualis
455 1260 602 1298 nonnisi
631 1272 699 1311 per
729 1258 1021 1298 Sacramentum
1051 1257 1192 1308 produ-

60 1311 101 1350 ci
132 1320 279 1362 potest.

119 1364 159 1403 6.
188 1365 248 1404 Ex
278 1366 425 1405 Latinis
465 1366 631 1405 occurrit
668 1365 915 1403 Innocentius
944 1364 1004 1412 L,
1050 1364 1119 1416 qui
1150 1364 1189 1401 in

63 1431 86 1456 e
116 1418 176 1456 ist.
204 1419 252 1456 ad
281 1419 508 1458 Decentium
551 1427 675 1466 vetat,
725 1417 999 1470 poenitentibus
1035 1431 1189 1456 sacrum

60 1483 88 1508 o
103 1485 191 1508 eum
213 1472 368 1511 infundi
385 1503 397 1522 ,
426 1476 658 1525 quingentis
674 1479 732 1509 est
748 1471 1032 1519 sacramenti,
1065 1474 1079 1521 (
1098 1471 1190 1508 idest

61 1537 187 1562 mium
215 1537 262 1562 ex
291 1525 552 1565 sacramentis
580 1527 622 1574 >3
671 1537 773 1562 nam
815 1538 844 1562 a
873 1523 1008 1575 quihus
1036 1526 1190 1575 reliqua

59 1575 338 1616 Smramenca
360 1589 564 1632 negantur
579 1609 590 1628 ,
619 1577 814 1630 quomodo
830 1591 952 1616 unum
976 1591 1101 1629 gentes
1120 1591 1191 1628 pu-

57 1639 172 1669 tatur
197 1643 312 1682 posse
339 1631 542 1671 concedi?
587 1634 713 1685 Atque
743 1631 829 1670 haec
871 1646 994 1683 pauca
1023 1633 1190 1669 testiino-

57 1685 127 1725 nia
154 1683 329 1723 sufficere
370 1687 545 1725 videntur
587 1686 633 1723 ad
677 1685 982 1723 confirmandam
1018 1685 1189 1722 traditio-

58 1750 179 1785 nem,
217 1751 307 1790 quae
338 1739 454 1777 etiam
484 1752 553 1791 per
580 1739 843 1791 quotidianam
873 1739 1188 1776 consuetudinem

59 1789 238 1829 fidelium
268 1791 316 1828 ad
344 1804 410 1830 nos
440 1792 559 1844 potuit
588 1793 815 1844 pervenire.
862 1790 911 1828 Et
942 1793 1063 1843 reipsa
1101 1805 1189 1843 per—

27 1890 33 1894 ,
58 1845 234 1892 venisse,
263 1844 324 1883 vel
355 1857 400 1883 ex
429 1858 473 1883 eo
487 1845 611 1883 solum
640 1854 740 1882 certo
755 1842 936 1896 colligere
964 1858 1186 1897 possumus,

58 1897 163 1949 quod
191 1910 325 1936 ornnes
353 1907 538 1951 quotquot
564 1906 649 1936 sunt
685 1899 974 1936 communiones
1002 1898 1186 1937 Christia-

57 1963 121 1987 πει·
139 1979 150 1997 ,
179 1952 268 1989 licet
298 1966 321 1990 a
349 1951 458 1990 nobis
488 1951 707 2003 longissime
735 1951 877 1989 dissitre
895 1980 906 1999 ,
936 1950 1082 2002 linguis
1101 1982 1112 2000 ,
1142 1966 1188 1990 ac

54 2003 233 2042 moribus
261 2005 469 2043 admodum
499 2005 691 2053 divers-1³,
736 2019 781 2043 ac
809 2005 894 2042 diro
934 2004 1136 2044 schismate
1165 2019 1188 2042 a

55 2056 196 2106 nobis,
227 2056 261 2093 8¹:
289 2058 340 2096 ab
371 2059 538 2097 invicem
569 2066 778 2110 separatae,
807 2058 847 2095 in
870 2057 942 2095 hoc
971 2067 1097 2097 tamen
1117 2058 1188 2096 Sa-

56 2119 250 2149 cratnento
290 2125 367 2150 una
395 2125 484 2150 cum
515 2110 601 2150 aliis
646 2111 866 2162 recipiendo
901 2111 1002 2150 mire
1027 2125 1186 2154 consen,—

55 2164 180 2213 tiunt,
226 2165 328 2217 quod
358 2165 552 2203 evidenter
581 2165 881 2204 demonstratum
929 2165 1002 2205 fuit
1031 2165 1132 2204 Diss.
1153 2166 1186 2204 Ι.

54 2230 96 2257 n.
120 2229 212 2255 221.
240 2231 348 2269 seq.,
377 2220 431 2256 ita
459 2227 499 2255 ut
528 2218 697 2256 hodierni
719 2218 924 2256 Novatores
951 2218 1021 2256 soli
1040 2248 1050 2266 ,
1082 2217 1114 2254 ἃ
1135 2218 1187 2256 ab

57 2269 240 2312 omnibus
268 2272 356 2309 aliis
372 2270 601 2309 Christianis
628 2269 700 2309 hac
729 2272 768 2308 in
799 2279 903 2322 parte
931 2273 1097 2323 separati
1127 2272 1186 2308 iu-

64 2332 268 2361 ventantur
285 2349 298 2360 .

115 2389 152 2426 7.
181 2376 339 2415 Accedit
368 2375 434 2415 illa
464 2375 678 2429 theologica
705 2377 830 2424 ratiO,
872 2389 990 2428 quam
1021 2375 1185 2415 Sanctus

58 2427 231 2468 Thomas
258 2432 297 2468 in
325 2429 528 2481 Supplem.
557 2444 625 2482 qu.
649 2442 712 2481 29.
743 2439 813 2468 art.
842 2443 873 2467 ι.
905 2431 954 2467 ita
986 2431 1184 2481 proponit:

57 2481 107 2521 In
136 2481 197 2520 his
215 2512 226 2531 ,
256 2496 347 2534 quce
375 2482 564 2522 Ecclesia),
594 2482 787 2522 visibiliter
817 2491 1028 2533 operatur,
1073 2496 1181 2532 quoe·

57 2534 156 2573 dam
183 2545 274 2574 sunt
304 2536 607 2585 Sacramenta,
637 2546 679 2574 ut
707 2535 948 2587 baptismus,
991 2535 1181 2587 qteoeilam

56 2587 390 2639 Sacramentalia
409 2621 420 2639 ,
451 2600 491 2628 ut
511 2594 783 2629 exorcismus.
817 2589 994 2640 Quorum
1016 2599 1073 2627 est
1096 2589 1181 2628 lzaec

58 2639 290 2688 differentur.
306 2672 318 2690 ,
345 2642 448 2693 quod
464 2643 778 2681 Sacramentum
799 2642 942 2681 (licitur
972 2642 1042 2681 illi:
1071 2650 1182 2681 actio

57 2693 258 2733 Ecclestae
274 2724 285 2742 ,
314 2708 404 2746 quce
432 2700 593 2750 attingit
612 2695 669 2734 ad
695 2695 883 2745 effectum
912 2699 1186 2747 principaliter

55 2752 288 2790 intentum,·
334 2747 405 2786 setl
431 2747 745 2788 sacramentale
792 2750 936 2788 ‹licitur
977 2752 1046 2788 illa
1076 2755 1186 2789 actii>

58 2814 149 2852 quoe
177 2804 357 2852 quamvis
384 2815 464 2839 non
492 2807 691 2855 pertingat
733 2802 790 2840 aa?
817 2804 927 2841 illum
956 2803 1146 2852 effectum
1169 2833 1182 2853 ,

56 2864 199 2892 tamen
228 2853 437 2905 ordtnatur
451 2857 583 2906 aliquo
613 2855 728 2893 modo
749 2856 807 2894 ‹zsl
833 2857 948 2894 illam
978 2862 1182 2895 actionem

56 2907 342 2960 principalem.
390 2906 572 2958 Effectus
600 2919 738 2947 autem
768 2913 941 2948 intentus
979 2914 1020 2948 ἱη
1048 2910 1183 2948 (ulmi-

59 2964 298 2999 nistratione
312 2959 675 3001 Sacramentorum
690 2971 750 3000 est
777 2966 933 3001 curatt'o
951 2963 1076 3001 morbi
1090 2977 1181 3014 pec-

57 3018 215 3054 catim.
260 3012 318 3052 Ec
345 3013 434 3054 ideo
461 3029 554 3055 cum
589 3015 646 3054 ad
672 3015 778 3054 hunc
803 3014 991 3066 effectum
1031 3022 1182 3069 pertin-

61 3179 185 3214 posse,
210 3170 359 3214 probare
377 3178 523 3204 conatus
547 3169 680 3203 snei-it.
706 3170 882 3204 Excusat-1·
906 3178 1024 3203 tamen
1043 3169 1187 3214 Cajeta-

58 3226 127 3248 nus
151 3219 367 3260 aliquatenus
391 3226 503 3261 potest
519 3238 530 3256 ,
556 3215 650 3261 quod
675 3215 709 3249 id
734 3217 915 3260 scripserit
941 3226 1023 3250 ante
1047 3218 1183 3250 Concil-

62 3260 165 3294 Trid·
191 3264 312 3297 Minus
350 3261 570 3296 excusandus
595 3262 834 3302 Gathar-inus,
876 3261 968 3306 quod
1004 3263 1184 3296 memorias

60 3307 238 3352 piissimi,
279 3322 322 3344 ac
346 3308 537 3343 doctissimi
564 3308 762 3342 Car-(linaiis
788 3309 893 3341 nimis
919 3309 1048 3342 acriter
1075 3309 1186 3342 insul·

62 3355 192 3397 caverit
204 3366 218 3397 3
253 3357 435 3404 precipue,
455 3367 536 3392 cum
555 3355 745 3402 cajetanus
763 3364 881 3401 aperte
906 3357 1087 3391 confessus
1109 3356 1188 3391 fue*

2247 121 2257 145 ι
2278 122 2327 161 79

1261 197 1333 240 gat
1364 199 1550 228 extrema
1580 193 1738 234 unctio,
1776 196 1813 223 ut
1846 197 1898 223 ex
1927 182 2047 221 verbis
2075 181 2212 221 Jitcossn·
2240 191 2351 231 pacet
2375 213 2385 229 ,

1262 254 1337 279 nec
1365 242 1566 280 ordinetur
1595 241 1649 279 ad
1678 240 1787 278 ιι.ἰίιί
1816 239 2128 277 Sacramentum
2152 267 2162 284 ,
2204 241 2320 286 ‹juitst'
2348 241 2385 274 el

1262 307 1472 332 annexum
1492 324 1502 342 ,
1551 303 1708 332 constat
1727 324 1737 341 ,
1786 292 1886 343 qual
1915 301 2100 328 extrema.
2143 294 2274 327 wicilo
2303 303 2383 327 non

1262 358 1321 387 est
1350 347 1688 394 Stzcrtzmentiile,
1717 346 1787 384 sed
1808 345 2121 382 Sacramentum
2141 371 2151 381 .
2180 344 2254 381 Sei
2286 356 2385 395 pra:-

1261 410 1329 440 stat
1361 400 1513 452 legere,
1558 400 1590 437 &
1623 400 1719 438 bene
1749 398 1956 450 ponderare
1987 396 2086 434 hanc
2119 400 2237 448 ipsam
2270 399 2383 434 ratio-

1262 469 1346 493 nem
1368 455 1418 493 ab
1439 454 1570 492 eodem
1588 454 1627 492 S.
1640 453 1800 491 Doctore
1831 451 2039 503 expositam
2064 450 2151 488 Lib.
2169 450 2236 488 IV.
2269 449 2386 488 Cont-

1265 508 1386 547 Gent.
1418 522 1504 560 cap.
1529 507 1593 558 75.

1315 563 1354 600 8.
1385 562 1461 600 Ob.
1491 571 1620 600 contra
1651 558 1767 596 verba
1785 557 1824 596 S.
1845 554 1976 595 Jacobi
1995 585 2006 602 ,
2036 569 2124 606 qnae
2156 564 2272 593 totum
2295 556 2384 593 sun-

1261 615 1482 654 damentum
1510 615 1696 653 continent
1726 612 1840 650 nostri
1871 609 2081 661 dogmatis.
2113 608 2274 657 Primo,
2305 623 2386 646 cer—

1261 677 1341 707 tum
1372 682 1445 708 non
1474 679 1553 716 est,
1583 681 1667 706 eam
1699 665 1896 718 epistolam
1929 676 2005 700 esse
2035 663 2284 700 canonicam:
2316 662 2387 700 hoe

1261 724 1363 760 enim
1382 722 1569 761 Lutherus
1586 752 1597 770 ,
1627 720 1659 757 ἃ
1690 718 1863 758 nonnulli
1883 716 1951 755 alii
1975 714 2134 754 inficiati
2157 724 2239 751 sunt
2261 718 2275 764 (
2295 714 2387 752 vid.

1259 776 1360 814 dicta
1390 775 1504 814 Toni.
1527 775 1593 813 Vl.
1625 774 1736 812 P.11.
1766 771 1934 810 Diss.ll.
1963 769 2009 806 ad
2040 782 2079 806 n.
2108 781 2167 805 ro.
2200 768 2244 815 ).
2277 767 2387 806 Prte-

1258 838 1398 878 terea,
1447 829 1552 868 locus
1582 828 1649 866 ille
1678 825 1810 865 Jacobi
1854 823 2123 873 intelligendus
2159 830 2210 858 est
2239 821 2284 858 de
2316 835 2386 858 un-

1257 883 1382 921 ctione
1412 883 1510 921 sacta
1541 882 1587 920 ad
1615 879 1860 919 obtinendam
1905 878 2065 930 gratiam
2096 875 2303 913 curationis
2331 875 2382 913 ab

1258 936 1484 974 infirmitate
1512 936 1680 987 corporis
1698 964 1708 981 ,
1739 933 1783 970 de
1799 946 1874 984 qua
1895 931 2065 982 loquitur
2087 928 2227 966 Paulus
2250 928 2277 965 Ι.
2307 928 2382 966 Co-

1258 989 1375 1028 rinth.
1397 989 1482 1027 ΧΗ.
1505 1002 1571 1040 9.,
1601 988 1635 1024 ἃ
1665 989 1876 1038 expressius
1907 983 2064 1022 Marcus
2095 980 2162 1019 Vl.
2199 981 2259 1019 13.
2289 983 2387 1018 rese-

1258 1056 1372 1092 rens,
1410 1043 1511 1095 qnod
1545 1040 1714 1091 Apostoli
1746 1041 1783 1077 in
1814 1039 1939 1090 prima
1968 1037 2025 1074 sui
2056 1037 2237 1073 missione
2265 1047 2388 1087 unge-

1257 1094 1353 1132 bant
1381 1097 1466 1134 oleo
1496 1096 1666 1142 multos,
1713 1093 1763 1133 (θ’
1792 1089 2073 1130 sanabantur.
2128 1089 2226 1126 Cum
2258 1099 2386 1126 autem

1256 1151 1377 1200 gratia
1408 1149 1475 1186 illa
1505 1149 1749 1186 curationum
1779 1144 1927 1196 jamdiu
1956 1145 1995 1180 in
2017 1141 2190 1180 Ecclesia
2221 1155 2387 1179 evanue-

1262 1204 1337 1249 rit,
1368 1203 1497 1240 unctio
1527 1203 1641 1238 etiam
1671 1199 1917 1238 infirmorum
1947 1209 2091 1233 cessare
2119 1195 2280 1242 debuit,
2328 1205 2387 1232 ut-

1260 1264 1350 1307 pote
1377 1269 1465 1307 quae
1494 1269 1516 1292 a
1536 1253 1682 1293 Jacobo
1711 1261 1903 1304 praecepta
1935 1250 2048 1286 suerit
2071 1260 2138 1299 pro
2168 1260 2212 1284 eo
2240 1257 2387 1299 tempo·

1259 1321 1303 1345 re
1329 1308 1453 1346 solum
1471 1339 1482 1356 ,
1524 1321 1602 1359 quo
1631 1304 1852 1356 hujusmodi
1882 1303 1956 1341 Dei
1988 1301 2246 1339 benedictione
2285 1302 2386 1337 irue-

1257 1361 1372 1400 batur
1400 1361 1601 1400 Ecclesia.
1648 1360 1785 1408 Certe,
1814 1357 1937 1409 inquit
1965 1354 2176 1401 Calvinus,
2206 1367 2279 1391 non
2310 1356 2386 1391 mi-

1257 1429 1326 1452 nus
1355 1415 1495 1454 frustra
1525 1414 1782 1452 aedificaretur
1810 1411 1994 1450 natatoria
2014 1407 2119 1447 Siloe
2148 1408 2194 1444 ad
2225 1408 2384 1444 iinmer-

1257 1469 1397 1519 gendos
1427 1468 1530 1508 male
1560 1468 1768 1514 habentes,
1816 1463 1876 1502 vel
1909 1463 2067 1500 mortuis
2104 1459 2351 1499 incubaretur
2373 1490 2387 1510 ,

1257 1532 1297 1560 ut
1327 1523 1625 1568 reviviscerent,
1676 1518 1733 1559 vel
1764 1518 1869 1565 luto,
1918 1516 1952 1552 &
1982 1525 2091 1567 sputo
2126 1515 2228 1551 oculi
2260 1527 2386 1552 coeco·

1256 1589 1343 1614 rum
1375 1576 1672 1628 intingerentur,
1704 1583 1742 1611 ut
1771 1574 1898 1610 visum
1928 1571 2168 1620 reciperent.
2219 1565 2350 1604 Tertio
2371 1597 2385 1615 ‚

1256 1629 1421 1668 Jacobus
1435 1642 1566 1667 omnes
1583 1628 1754 1666 infirmos
1773 1624 1856 1664 vult
1872 1625 2004 1674 inungi
2024 1636 2034 1667 3
2063 1634 2127 1659 nos
2143 1628 2271 1659 antem
2292 1634 2386 1658 non-

1257 1684 1327 1720 nisi
1357 1684 1397 1722 in
1429 1684 1607 1720 extremis
1636 1681 1716 1732 jain
1746 1694 1834 1718 cuin
1865 1686 1985 1715 morte
2014 1675 2223 1713 luctantes.
2253 1673 2295 1712 Si
2316 1689 2384 1711 au—

1256 1743 1331 1773 tem
1363 1751 1496 1775 verum
1527 1744 1645 1783 esset,
1684 1734 1754 1771 hac
1787 1733 1962 1771 unctione
1991 1729 2051 1767 vel
2081 1728 2205 1766 morbi
2234 1727 2385 1765 acerbi-

1257 1798 1371 1827 tatem
1401 1790 1541 1838 leniri,
1591 1787 1651 1827 vel
1680 1787 1813 1826 saltem
1844 1784 2002 1837 aliquod
2031 1783 2172 1820 animae
2203 1781 2381 1819 solatium

1256 1844 1427 1892 adferri,
1456 1842 1629 1882 crudeles
1659 1842 1801 1887 forent,
1831 1840 1899 1892 qui
1928 1847 2138 1875 extremam
2170 1833 2305 1872 horam
2336 1835 2385 1874 ad

1253 1895 1325 1935 hoc
1356 1897 1571 1934 remedium
1602 1904 1831 1948 expectant.
1864 1891 2046 1942 Quarto,
2076 1890 2233 1935 unctio,
2263 1901 2386 1939 quam

1253 1952 1431 2001 praecipit
1460 1949 1624 1987 Jacobus
1642 1978 1651 1996 ,
1683 1949 1717 1983 &
1745 1961 1823 2000 qua
1852 1945 2056 1983 utebantur
2087 1940 2276 1992 Apostoli,
2307 1953 2386 1979 non

1255 2013 1333 2042 erat
1363 2005 1433 2042 nisi
1451 2002 1524 2040 olei
1547 2002 1736 2054 vulgaris,
1766 2014 1811 2038 ac
1831 1996 2126 2037 communioris:
2157 2007 2226 2032 nos
2255 2003 2386 2032 autem

1254 2056 1485 2095 adhibemus
1513 2055 1643 2095 oleum
1672 2054 1722 2092 ab
1742 2053 1935 2105 Episcopo
1962 2057 2226 2089 consecratum
2245 2050 2259 2098 (
2278 2047 2382 2100 quod.

1254 2110 1438 2149 Calvinus
1468 2111 1624 2162 impura
1652 2123 1720 2147 sua
1750 2107 1882 2159 lingua
1911 2113 2019 2144 vocat
2049 2102 2174 2140 multo
2204 2115 2384 2139 murmu-

1254 2177 1299 2202 re
1328 2168 1584 2202 incantatum
1615 2163 1630 2211 )
1660 2163 1812 2200 diversa
1840 2168 1892 2198 est
1921 2159 2037 2209 igitur
2065 2156 2138 2194 ἃς.

1307 2231 1350 2268 q.
1379 2218 1497 2268 Hesp.
1527 2217 1572 2254 ad
1594 2219 1768 2266 primum
1787 2243 1797 2261 ,
1828 2212 2051 2251 canonicam
2073 2221 2150 2246 esse
2179 2206 2380 2257 epistolam

1252 2261 1456 2308 S.‘Jacobi
1476 2299 1486 2316 ‚
1516 2284 1596 2319 jani
1626 2278 1797 2307 constare
1824 2264 1926 2316 apud
1956 2276 2086 2300 omnes
2103 2291 2114 2309 ,
2143 2270 2257 2312 atque
2277 2261 2381 2311 apud

1250 2323 1353 2372 ipsos
1381 2321 1541 2360 Lutheri
1583 2321 1798 2372 gregarios,
1847 2327 1887 2354 ut
1916 2317 2094 2368 temporis
2131 2314 2380 2363 dispendium

1251 2375 1347 2413 foret
1376 2376 1415 2413 in
1457 2375 1514 2412 his
1557 2375 1786 2412 immorari.
1834 2369 1988 2417 Hodie,
2038 2368 2161 2419 inquit
2190 2368 2384 2405 Huddaeus

1251 2430 1382 2480 magui
1404 2428 1567 2466 nominis
1583 2427 1684 2479 apud
1702 2425 1936 2464 Lutherauos
1952 2453 1963 2472 ,
1993 2427 2095 2459 inter
2123 2433 2264 2458 omncs
2283 2433 2378 2457 corz·

1249 2490 1333 2519 stat
1351 2512 1361 2530 ,
1409 2482 1461 2522 ὠ·
1488 2479 1679 2518 Iacobum
1710 2479 1938 2529 Apostolum
1967 2488 2055 2514 esse
2083 2473 2197 2526 liujus
2238 2478 2380 2524 episto-

1250 2535 1302 2572 !oe
1331 2546 1538 2572 auctorem
1556 2563 1566 2581 ,
1613 2535 1663 2574 (9⁶
1691 2532 1870 2570 ‹lis-inam
1911 2533 1999 2583 ejus
2028 2541 2115 2567 esse
2157 2532 2380 2565 auctorita-

1249 2597 1360 2626 tem.
1391 2589 1431 2626 ld
1463 2589 1589 2640 ipsum
1620 2586 1805 2626 Calvinus
1835 2587 2001 2624 fatetur.
2049 2581 2141 2620 vid.
2170 2581 2285 2619 Tom.
2306 2581 2381 2619 VI.

1251 2641 1294 2679 P.
1316 2643 1364 2679 lt.
1396 2642 1496 2680 Diss.
1519 2641 1567 2679 lt.
1597 2655 1684 2693 cap.
1711 2654 1745 2678 ι.
1775 2654 1815 2678 n.
1843 2653 1903 2678 ιο.

1311 2709 1374 2732 io.
1404 2695 1462 2732 Ad
1490 2693 1707 2732 secundum
1741 2702 1868 2746 patet,
1897 2689 2075 2743 pluribus
2103 2688 2150 2726 de
2178 2688 2301 2725 causis
2330 2685 2382 2725 il-

1250 2747 1336 2786 lum
1355 2747 1489 2786 Jacob}
1522 2747 1650 2785 locum
1679 2761 1755 2785 non
1786 2759 1891 2798 posse
1919 2742 2085 2793 intelligi
2101 2742 2148 2778 de
2176 2743 2296 2792 gratia
2311 2755 2380 2778 cu-

1249 2804 1469 2850 rationum,
1499 2801 1547 2839 de
1573 2815 1650 2853 qua
1681 2801 1887 2852 loquuntur
1917 2797 2082 2843 Paulus,
2124 2795 2158 2831 ἃ
2186 2795 2344 2834 Marcus
2363 2810 2378 2841 ς

1248 2860 1404 2908 primo,
1452 2856 1543 2907 qnia
1574 2854 1661 2892 haec
1688 2855 1807 2905 gratia
1837 2864 1914 2890 non
1941 2849 2123 2889 omnibus
2158 2849 2379 2900 promiscue

1248 2911 1336 2948 data
1366 2918 1469 2956 erat,
1519 2908 1582 2946 sed
1613 2907 1844 2960 quibusdam
1875 2904 1997 2943 solum
2028 2904 2137 2955 juxta
2165 2904 2378 2941 divisiones

1247 2965 1457 3014 gratiarum
1488 2976 1509 2999 a
1530 2960 1648 2999 Paulo
1676 2968 1991 3016 commemoratas
2024 2970 2061 3002 ι.
2088 2955 2262 2995 Corinth.
2285 2955 2376 2993 ΧΗ.

1247 3017 1416 3056 Jacobus
1432 3024 1559 3054 autem
1587 3014 1816 3067 generaliter
1835 3013 2041 3066 praecipit,
2070 3019 2110 3049 ut
2137 3010 2377 3097 addulcautut

2264 3074 2321 3097 rc-

1251 3171 1322 3212 rit,
1347 3180 1543 3205 extremam
1569 3168 1772 3203 unctionem
1791 3179 1866 3202 esse
1889 3167 2113 3202 verissimum
2139 3169 2264 3212 rio-strae
2292 3158 2378 3191 reli·

1251 3218 1364 3261 gionis
1392 3221 1685 3256 Sacrainentum3
1713 3228 1753 3249 ac
1779 3213 1820 3248 de
1847 3217 1920 3260 ipsa
1946 3224 2061 3247 nostri
2088 3205 2374 3258 religione—miil-

1253 3271 1289 3297 ιο
1313 3266 1423 3309 magis
1451 3265 1596 3297 meritus
1622 3263 1693 3303 sit,
1717 3274 1824 3307 qnam
1843 3260 2079 3296 Cadmrinus,
2104 3265 2165 3299 qut
2189 3264 2317 3297 sat-ptus
2336 3262 2375 3284 in

1253 3311 1358 3345 rebus
1383 3310 1589 3356 theologicis
1613 3309 1826 3355 cespitavit-
