2605 3624
232 104 328 163 194*

171 185 333 224 calicem
363 195 451 221 cum
481 182 570 218 vino
598 178 852 231 porrigentem
882 177 1061 214 accedere
1102 176 1286 227 neglexis-

172 249 253 284 set,
295 250 400 274 sacra
428 234 673 284 Congregatio
702 230 867 269 Concilii
905 239 1033 267 totam.
1071 229 1286 267 ordinatio·

172 304 266 327 nem
296 288 363 326 sub
392 287 613 325 conditione
642 283 897 331 iterandam,
943 284 1152 335 praecepit.
1201 283 1288 330 Qua

172 343 481 394 Congregationis
502 341 686 378 decisione
709 338 906 375 manifeste
926 338 1128 374 edocemur
1149 367 1158 383 ,
1188 335 1287 373 hanc

172 398 323 433 tertiam
353 396 574 446 opinionem
605 407 682 429 esse
703 392 878 429 tutiorem
897 415 906 427 .
938 389 1027 428 Alia
1054 389 1190 427 similis
1220 391 1288 426 ite-

173 450 331 487 rationis
362 447 535 499 exempla
565 446 692 483 afferri
722 453 893 495 possent.

229 505 294 541 50.
324 502 524 552 Objicinut
553 500 697 550 aliqui,
727 499 827 549 quod
857 504 983 535 narrat
1011 495 1053 532 S.
1083 493 1289 544 Gregorius

174 555 365 607 Eyssenns
396 556 434 592 in
458 552 550 592 Vita
574 553 754 603 Gregorii
773 549 1072 599 t‹⁷2azimatw·gi,
1103 561 1189 584 enm
1219 547 1290 582 sci-

176 608 265 648 licet
294 609 485 646 absentem
503 637 513 654 ,
544 606 576 642 8<
606 606 720 643 tridui
752 601 950 640 intervallo
977 601 1175 637 distantem
1199 599 1290 634 fuis-

172 676 210 700 se
252 677 274 700 a
316 661 512 699 l'haedimo
542 658 838 697 Amasercnsium
883 655 1054 691 Antistite
1096 664 1290 688 consecra-

174 724 252 753 tam
282 715 516 766 Episcopum
548 710 913 752 Neocaesarieusexn,
944 706 1073 755 utique
1101 705 1181 740 sine
1211 717 1290 740 ma-

173 771 278 807 teriae
309 768 563 819 applicatione
581 794 591 811 ,
621 764 654 798 ἃ
676 763 809 799 formae
831 757 1038 808 prolatione
1056 784 1066 794 .
1098 757 1188 793 ltcm
1208 756 1290 792 Me-

173 822 378 874 taphrastes
408 819 505 870 apud
537 817 693 854 Surium
726 815 761 850 in
793 810 887 848 Vita
917 809 1100 847 Danielis
1131 809 1290 860 Sae'Jlitae

175 884 328 921 narrat,
361 874 460 909 hunc
492 871 600 906 mirae
631 866 834 905 sanctitatis
865 866 991 902 virum
1015 864 1129 900 fuisse
1150 863 1289 899 aGen-

172 928 286 966 uadio
314 925 550 962 Sacerdotem
581 921 751 967 factum,
782 932 870 956 cum
901 926 992 954 esset
1020 917 1182 953 absens.

228 980 292 1017 51.
324 977 436 1028 Resp.
466 976 512 1013 ad
541 979 734 1025 primum,
765 984 808 1009 ex
839 970 878 1008 S.
908 970 1092 1021 Gregerio
1122 969 1291 1021 Nysseno

174 1040 320 1069 tantum
350 1029 510 1076 haberi,
548 1027 781 1078 Gregorium
811 1023 1120 1074 thaumaturgum
1154 1021 1289 1074 procul

171 1085 367 1122 absentem
397 1099 419 1121 a
447 1082 647 1120 Phoedimo
676 1080 790 1116 fuisse
828 1091 872 1115 ex
907 1076 1094 1128 peculiari
1123 1076 1289 1124 Spiritus

171 1139 212 1176 S.
245 1138 422 1176 instinctu
449 1136 683 1186 designatum
702 1162 712 1181 ,
751 1132 784 1167 8<
823 1129 1100 1182 proclamatum
1130 1129 1289 1180 Episco-

172 1206 266 1244 pum
296 1190 637 1228 Neocaesarieusem
655 1217 664 1234 ,
703 1199 793 1223 cnm
824 1186 904 1236 ipse
932 1183 1067 1221 absens
1096 1182 1289 1219 delitesce-

170 1255 253 1293 ret,
297 1258 340 1281 ne
371 1250 563 1294 cogeretur
592 1241 866 1292 Episcopatum
897 1245 1120 1288 acceptare3
1162 1243 1289 1286 postea

170 1312 262 1336 vero
291 1298 524 1348 Gregorium
552 1295 728 1340 cessisse,
758 1305 802 1329 ac
831 1291 1014 1328 consuetis
1045 1289 1180 1326 ritibus
1198 1318 1208 1335 ,
1247 1301 1291 1324 ac

170 1352 407 1390 eaeremoniis
436 1350 552 1386 fuisse
567 1344 788 1398 Episcopali
816 1344 994 1394 dignitate
1023 1351 1197 1380 ornatum
1215 1367 1225 1377 .
1259 1342 1291 1377 I-

170 1405 336 1455 demque
377 1402 583 1440 dicendnm
626 1399 672 1436 de
702 1397 866 1436 Daniele
896 1396 1061 1447 Stylita3
1105 1396 1291 1431 nimirum

170 1471 258 1509 quae
288 1456 334 1493 de
363 1457 444 1507 i‘pso
472 1462 599 1493 narrat
619 1450 895 1502 Metaphrastes
913 1479 923 1497 ,
953 1449 1149 1485 dumtaxat
1178 1447 1224 1483 de
1253 1461 1293 1482 e·-

170 1510 356 1557 lectione,
395 1521 467 1546 non
497 1515 624 1544 autem
653 1505 699 1542 de
728 1504 1010 1541 consecratione
1040 1515 1118 1538 esse
1150 1498 1290 1537 intelli-

171 1564 318 1614 genda.
347 1562 523 1600 Ceterum
541 1589 552 1608 ,
582 1560 621 1596 in
650 1557 719 1595 hoc
749 1556 1014 1603 saci-amento,
1043 1554 1153 1592 sicuti
1183 1554 1223 1590 in
1253 1567 1294 1589 a-

170 1617 234 1654 liis
261 1615 530 1667 quibuslibet,
574 1611 826 1650 necessariam
870 1623 946 1646 esse
989 1608 1216 1654 materiam,
1260 1605 1294 1640 8<

171 1671 336 1708 formam
355 1698 366 1716 ,
396 1667 555 1706 ostendit
584 1666 624 1703 S.
654 1664 823 1702 Thomas
853 1663 893 1699 in
924 1660 1126 1712 Supplem.
1157 1674 1196 1712 q.
1226 1659 1293 1704 54.

176 1732 247 1761 art.
269 1723 308 1768 4.
330 1721 362 1756 8(
386 1723 451 1767 5.;
480 1734 549 1758 nec
581 1719 617 1756 id
647 1731 742 1769 opus
770 1725 822 1753 est
852 1714 981 1753 multis
1011 1715 1294 1758 demonstrare3

172 1775 362 1828 quidquid
394 1783 519 1826 postea
549 1773 593 1810 sit
621 1772 666 1808 de
698 1770 894 1815 materias,
939 1768 971 1803 8<
1009 1768 1143 1805 forma:
1175 1766 1296 1803 deter-

172 1830 408 1876 minatione,
451 1840 540 1879 quae
571 1826 678 1865 varia
702 1837 783 1863 esse
812 1829 930 1874 potest
968 1822 1009 1860 in
1046 1819 1206 1872 singulis
1233 1831 1295 1856 or-

173 1882 356 1920 dinibus.

227 1935 385 1981 Quaeres
414 1931 584 1971 secundo
601 1962 612 1981 ,
641 1944 699 1969 an
726 1942 850 1969 sacra
868 1927 1066 1967 ordinatio
1083 1925 1294 1965 characte-

174 2000 262 2025 rem
290 1985 530 2035 imprimat?

231 2041 297 2079 52.
327 2039 440 2091 Resp.
471 2036 743 2085 affirmatit‘e;
784 2048 908 2085 neque
937 2033 1008 2074 hac
1036 2033 1083 2070 de
1112 2046 1152 2069 re
1181 2030 1296 2070 dubi-

174 2095 247 2132 tari
275 2109 297 2132 a
326 2093 419 2131 viris
447 2089 643 2129 catholicis
671 2102 776 2139 posse
794 2118 805 2136 ,
849 2096 1047 2139 postquam
1077 2084 1295 2123 Concilium

176 2145 445 2184 Tridentinum
473 2144 573 2182 Sess.
601 2140 750 2179 XXIII.
779 2155 863 2178 can.
881 2141 918 2185 4.
949 2142 998 2177 ita
1027 2138 1225 2176 definivit:
1255 2135 1297 2173 Si

176 2203 261 2250 quis
290 2198 462 2244 dixerit,
491 2208 559 2246 per
587 2207 753 2232 sacram
777 2193 1084 2230 Ordinationem
1113 2204 1193 2227 non
1223 2188 1294 2226 (Za-

175 2257 211 2290 'ri
240 2252 429 2303 Spiritum
457 2257 702 2287 sanctum...
733 2255 802 2284 aut
832 2259 899 2297 per
928 2258 1021 2283 eam
1052 2257 1132 2281 non
1161 2245 1295 2292 impri-

178 2309 236 2343 mi
265 2305 544 2344 characterem
561 2332 572 2350 ,
602 2301 660 2339 vel
688 2313 780 2337 eum
797 2329 807 2347 ,
851 2302 916 2351 qui
945 2296 1143 2336 Sacerdos
1172 2295 1296 2333 semel

163 2356 282 2413 juti,
325 2359 474 2396 laicum
502 2368 636 2393 rursus
653 2354 754 2407 fieri
783 2366 921 2404 posse,
966 2350 1190 2388 anathema
1219 2352 1295 2386 sit.

178 2413 221 2452 S.
251 2412 419 2450 Thomas
448 2420 572 2447 antem
604 2410 644 2446 in
674 2408 874 2457 Supplem.
905 2420 943 2457 q.
966 2405 1031 2444 55.
1061 2412 1130 2442 art.
1162 2417 1198 2441 2.
1229 2415 1296 2439 no-

178 2475 258 2513 tat,
290 2467 403 2503 fuisse
432 2463 504 2501 hac
534 2463 580 2500 de
610 2475 649 2499 re
678 2461 872 2512 triplicem
901 2459 1147 2510 antiquorum
1169 2455 1294 2493 Theo-

178 2518 351 2569 logornm
380 2518 628 2568 opinionem.
674 2514 843 2561 Quidam
873 2515 975 2550 enim
1007 2512 1212 2558 dixerunt,
1256 2509 1294 2546 in

178 2572 255 2610 solo
276 2572 416 2608 Ordine
446 2567 667 2607 sacerdotali
697 2567 872 2618 imprimi
902 2566 1158 2603 characterem
1177 2589 1187 2600 .
1218 2561 1296 2600 Sed

179 2625 250 2662 hoc
278 2638 358 2661 non
379 2632 436 2661 est
457 2635 590 2660 rerum
608 2651 618 2670 ,
649 2622 772 2673 inquit
794 2620 1022 2671 Angelicus,
1051 2621 1144 2669 qnia
1160 2625 1298 2653 actum

181 2678 359 2716 Diaconi
387 2677 515 2714 nullus
544 2683 667 2727 potest
696 2686 885 2712 exercere
916 2673 1017 2709 licite
1035 2702 1045 2720 ,
1087 2673 1166 2707 nisi
1193 2669 1297 2706 Dia-

181 2744 330 2779 aeoniis,
371 2731 420 2770 &
451 2734 508 2767 ita
538 2737 673 2780 patet,
703 2727 803 2778 quod
833 2725 948 2764 habet
977 2726 1157 2774 aliquam
1186 2724 1297 2772 spiri-

181 2786 332 2820 tualem
360 2791 596 2833 potestatem
625 2785 666 2818 in
696 2781 991 2830 dispensatione
1013 2778 1298 2816 Sacramento-

183 2848 295 2882 rum,
325 2850 447 2886 quam
476 2837 546 2873 alii
574 2848 655 2872 non
684 2834 854 2872 habent.

241 2889 306 2927 53.
338 2888 423 2925 Alia
452 2890 582 2939 opinio
610 2888 706 2936 fuit,
743 2889 784 2926 in
812 2887 900 2925 solis
928 2888 1056 2924 sacris
1088 2879 1299 2921 Ordinibus

184 2942 363 2993 imprimi
391 2940 645 2978 characterem
665 2971 675 2989 ,
719 2955 793 2980 non
830 2949 955 2978 autem
991 2943 1032 2976 in
1053 2933 1272 2974 *minoribus
1289 2959 1299 2971 .

186 2995 265 3033 Seii
295 2993 364 3031 hoc
395 2997 534 3029 iterum
563 2993 658 3029 mhi!
687 3003 771 3042 est,
800 2994 927 3031 subdit
948 2993 988 3030 S.
1010 2993 1176 3036 Doctor,
1207 2991 1301 3038 quia

188 3060 258 3100 per
286 3044 492 3097 quemlibet
521 3045 700 3082 ordinem
730 3049 870 3097 aliquis
900 3047 1146 3084 constituitur
1181 3053 1303 3092 supra

187 3100 338 3154 plebem
367 3103 407 3136 in
437 3099 567 3148 aliquo
595 3098 724 3148 gradu
753 3103 982 3149 potestatis,
1025 3096 1224 3135 ordinatae
1251 3092 1306 3131 ad,

189 3155 548 3193 Sacramentorum
568 3149 904 3201 dispensationem
919 3178 932 3190 .
961 3152 1024 3190 Sic
1040 3151 1196 3189 demum
1213 3160 1304 3186 con-

241 3292 289 3327 (ιι)
315 3288 397 3320 Haec
423 3285 581 3331 Angelici
615 3284 822 3319 documenta
860 3284 926 3317 nisi
961 3284 1154 3328 ignorasset
1181 3282 1298 3316 Calvi-

190 3346 254 3368 nus
269 3357 280 3376 ,
304 3346 407 3368 ausus
434 3342 526 3369 certe
552 3345 621 3369 non
644 3340 733 3368 esset
758 3331 889 3366 insulsa
915 3342 974 3366 sua
994 3330 1199 3376 garrulitate
1218 3330 1302 3364 istos

966 95 1231 140 DISSERT.
1266 98 1388 141 VIII.
1436 95 1564 139 CAP.
1597 97 1653 141 II.

1355 176 1474 214 cludit
1503 177 1543 214 S.
1573 175 1808 226 Praeceptor:
1860 174 1958 213 Cum
1987 174 2201 214 character
2230 179 2279 214 sit
2307 179 2467 229 signum

1355 229 1620 266 distinctis-unz
1651 227 1701 264 ab
1730 228 1820 265 aliis
1838 259 1848 277 ,
1877 238 2028 278 oportet
2047 259 2058 277 ,
2087 230 2189 280 quod
2217 233 2256 267 in
2286 231 2467 269 omnibus

1358 281 1616 332 (ordinibus)
1647 280 1858 318 character
1887 286 2170 332 imprimatur:
2199 284 2312 334 cujus
2341 287 2468 321 etiarn

1355 339 1512 386 signnm
1535 342 1592 370 esc
1607 363 1618 380 ,
1648 331 1749 379 quod
1766 343 1948 383 perpetuo
1969 345 2136 373 manent
2152 367 2162 383 ,
2191 337 2241 376 ᾧ·
2260 350 2470 387 nimquam

1356 391 1578 424 iterantur.
1621 383 1675 422 Et
1705 383 1790 422 liceo
1818 395 1875 428 est
1904 391 2021 425 tertia
2047 393 2204 441 opinio,
2242 403 2330 442 quoe
2359 403 2468 428 corn·

1356 443 1514 477 munior
1542 446 1598 475 est
1615 463 1628 477 .

1412 491 1476 535 54.
1505 491 1639 541 «Reque
1666 489 1790 537 obest,
1828 489 1977 541 aliquos
2012 505 2058 529 ex
2087 495 2299 534 minoribus
2327 496 2472 533 ordini-

1357 544 1429 582 bus
1459 556 1533 581 non
1565 543 1780 593 respicere,
1811 544 1881 580 nisi
1910 552 2012 580 actus
2033 547 2214 596 quosdam
2236 548 2470 601 corporales,

1359 606 1398 633 ut
1429 597 1671 634 Ostiariatus.
1703 594 1910 644 Respondet
1939 597 2041 633 enim
2070 597 2111 635 S.
2141 598 2306 648 Doctor,
2336 616 2471 652 quem.-

1358 648 1447 688 libet
1476 648 1657 686 ordinem
1687 649 1743 686 wel
1771 647 1915 686 halvere
1943 658 2081 686 act-tim
2109 654 2220 688 circa
2248 656 2375 702 ipsum
2395 656 2473 692 Sa-

1359 715 1598 740 cramenum
1620 731 1630 749 ,
1661 702 1718 739 wel
1745 701 1933 739 ordinare
1962 702 2017 739 ad
2037 702 2395 743 sacramentorum
2415 708 2472 746 (Zi-

1358 760 1688 806 spensatl'one'?n;
1731 758 1829 791 sicut
1858 758 2011 793 ostiarii
2055 755 2198 794 habent
2238 765 2376 794 actum
2405 761 2477 797 ad-

1358 808 1540 847 mittendi
1570 807 1748 845 homines
1777 808 1831 845 ad
1867 807 2087 846 divinorum
2116 810 2479 849 &erameniorum

1359 866 1672 913 inspectionem,
1701 861 1750 901 Q?
1780 865 1835 898 sic
1865 861 1912 900 de
1941 863 2056 906 aliis,·
2085 863 2134 903 ὅ)
2164 862 2249 901 ifleo
2278 866 2319 900 z'n
2347 868 2477 901 omni-

1358 915 1425 953 bus
1447 918 1655 966 requiritur
1674 915 1888 965 spiritualis
1906 924 2083 966 potestas
2101 942 2111 954 .
2143 915 2232 955 Vid.
2253 916 2354 955 dicta
2374 918 2476 956 Diss.

1360 970 1390 1007 I.
1421 983 1507 1020 cap.
1535 981 1595 1005 12.

1413 1023 1478 1060 55.
1514 1023 1591 1060 Art.
1620 1029 1746 1058 autem
1778 1021 1815 1059 5.
1854 1021 1952 1060 bene
1980 1021 2087 1060 docet
2116 1023 2217 1061 idem
2248 1023 2479 1074 Angelicus‚

1357 1074 1403 1113 ad
1422 1075 1684 1125 recipiendum
1707 1073 1963 1112 characterem
1981 1076 2132 1113 Ordinis
2149 1079 2357 1115 necessario
2378 1091 2479 1128 prae-

1358 1129 1518 1184 supponi
1537 1126 1796 1165 characterem
1818 1127 2084 1179 baptismalem
2102 1158 2112 1177 ,
2142 1131 2234 1180 qnia
2263 1131 2476 1181 baptismus

1358 1191 1410 1219 est
1439 1195 1555 1232 janna
1575 1181 1934 1227 Sacrameutornm3
1965 1182 1998 1218 8(
2029 1196 2095 1233 per
2116 1181 2375 1220 characterem
2406 1184 2477 1221 ba-

1359 1235 1490 1287 ptismi
1522 1235 1706 1286 recipitur
1735 1250 1756 1272 a
1777 1234 1963 1286 baptizato
1985 1236 2148 1286 potentia
2172 1237 2379 1288 recipiendi
2403 1235 2480 1273 alia

1360 1288 1630 1325 Sacramenta.
1667 1286 1804 1324 Obviae
1834 1297 1961 1326 autem
1991 1287 2237 1337 difficultati,
2266 1291 2366 1340 qnod
2398 1303 2482 1339 pos-

1361 1350 1412 1378 set
1443 1342 1686 1391 contingere,
1717 1340 1887 1392 aliquem
1919 1354 1989 1380 non
2020 1341 2251 1392 baptizaturi}
2286 1354 2482 1392 promove-

1361 1395 1394 1431 ri
1424 1395 1470 1431 ad
1499 1408 1620 1431 sacros
1650 1393 1838 1441 Ordines,
1883 1404 1995 1445 atque
2039 1397 2153 1432 etiam
2187 1395 2234 1432 ad
2268 1395 2479 1446 Episcopa-

1362 1456 1442 1485 tum
1461 1477 1471 1494 ,
1501 1447 1723 1498 respondet,
1754 1460 1883 1484 onmes
1911 1449 1995 1484 istos
2023 1449 2174 1485 ordines
2202 1457 2265 1486 aut
2289 1457 2482 1499 receptos,

1362 1509 1427 1538 aut
1456 1501 1557 1537 datos
1575 1530 1585 1547 ,
1615 1498 1740 1538 nullos
1767 1502 1923 1538 omnino
1951 1514 2057 1538 esse.
2087 1501 2166 1538 Sed
2193 1510 2334 1538 tamen
2352 1531 2362 1548 ,
2393 1501 2483 1537 sub-

1361 1554 1442 1600 dit,
1471 1557 1532 1603 pie
1562 1551 1669 1590 credi
1697 1562 1821 1601 potest
1844 1583 1854 1600 ,
1884 1553 1988 1602 quod
2015 1563 2209 1604 qnantum
2240 1553 2295 1591 ad
2323 1556 2481 1590 ultimos

1360 1605 1528 1653 effectus
1549 1606 1906 1643 Sacramentorimz
1923 1637 1934 1654 ,
1963 1620 2144 1644 summus
2166 1606 2362 1644 Sacerdos
2390 1619 2482 1655 sicp-

1363 1661 1482 1709 pleret
1514 1658 1713 1710 defectum
1731 1670 1744 1695 .·
1792 1661 1840 1698 (9⁴
1870 1659 1972 1707 quod
2001 1674 2081 1697 non
2110 1663 2382 1709 permitteret,
2412 1658 2482 1696 hoc

1363 1717 1422 1750 ita
1451 1713 1576 1750 latere
1594 1742 1605 1761 ,
1647 1711 1748 1764 quod
1778 1711 1976 1749 Ecclesiae
2003 1722 2132 1764 posset
2161 1713 2379 1765 periculum
2408 1715 2483 1749 im-

1361 1778 1517 1804 minere
1535 1791 1546 1803 .

1712 1871 1993 1911 CAPUT
2067 1873 2136 1912 III.

1471 1979 1535 2018 De
1564 1977 1813 2017 distinctione
1831 2009 1841 2027 ,
1871 1978 1920 2020 ξφ
1949 1991 2116 2018 numero
2150 1978 2375 2019 Ordinum.

1419 2083 1483 2122 56.
1499 2060 1589 2124 De
1619 2083 1689 2123 hac
1718 2085 1956 2122 distinctione
1985 2086 2060 2135 agit
2080 2084 2121 2123 S.
2143 2085 2312 2123 Thomas
2333 2085 2370 2122 in
2388 2083 2484 2134 Sap..

1360 2137 1482 2186 plem-
1512 2148 1550 2185 q·
1569 2138 1632 2187 57.
1650 2167 1660 2184 ,
1692 2136 1725 2173 8<
1753 2147 1824 2175 art.
1848 2151 1881 2175 1.
1909 2139 2096 2186 ostendit,
2139 2139 2319 2175 ordinum
2351 2137 2482 2176 multi-

1361 2191 1539 2228 tudinem
1569 2191 1682 2227 fuisse
1705 2191 1896 2228 inductam
1919 2192 1956 2228 in
1978 2190 2189 2228 Ecclesiam
2215 2198 2365 2242 propter
2387 2193 2456 2228 tria
2471 2217 2481 2229 .

1365 2272 1392 2291 „
1423 2243 1560 2279 Primo
1589 2244 1743 2294 quidem
1775 2253 1926 2295 propter
1944 2244 2016 2281 Dei
2038 2245 2260 2295 sapientiam
2290 2257 2484 2281 commen-

1365 2325 1391 2345 „
1421 2296 1585 2334 dandam
1603 2325 1613 2342 ,
1642 2310 1730 2347 quae
1748 2297 1787 2334 in
1808 2297 2046 2334 distinctione
2068 2311 2196 2334 rernm
2211 2297 2381 2334 ordinata
2404 2311 2484 2334 ma-

1365 2377 1392 2397 „
1422 2351 1525 2387 xime
1555 2349 1724 2397 relucet,
1754 2358 1830 2387 tam
1861 2351 1898 2387 in
1927 2349 2186 2398 naturalibus,
2214 2364 2332 2402 quam
2356 2352 2393 2388 in
2409 2351 2485 2400 spi-

1364 2431 1392 2451 ,‚
1421 2401 1652 2448 ritualibns3
1694 2402 1796 2454 quod
1824 2403 2062 2454 significatur
2091 2404 2129 2441 in
2159 2402 2256 2450 hoc,
2284 2404 2385 2455 qnod
2416 2402 2487 2439 Re-

1366 2485 1392 2504 „
1420 2458 1507 2506 gina
1538 2455 1640 2493 Saba
1670 2455 1802 2493 ridens
1834 2455 2016 2493 ordinem
2060 2459 2376 2493 ministrantium
2407 2455 2484 2493 Sa-

1365 2537 1392 2557 „
1423 2511 1599 2557 lomoni,
1641 2522 1722 2546 non
1751 2507 1919 2546 habebat
1960 2509 2065 2545 ultra
2094 2513 2301 2560 spiritum,
2346 2510 2383 2547 5.
2416 2508 2486 2546 Re-

1365 2591 1392 2611 „
1421 2577 1512 2614 gum
1534 2562 1585 2599 X.
1607 2562 1644 2606 4.
1663 2592 1673 2610 ,
1718 2562 1897 2600 deficiens
1936 2563 1974 2598 in
2005 2562 2256 2599 admiratione
2289 2563 2486 2614 sapientiae

1366 2645 1392 2664 „
1424 2615 1558 2653 illius.
1595 2614 1775 2652 Secundo
1803 2615 1851 2652 ad
1879 2615 2186 2653 subveniendum
2217 2615 2397 2653 humanas
2430 2616 2489 2652 in-

1367 2697 1393 2716 „
1423 2669 1624 2715 firmitati,
1651 2669 1747 2719 quia
1777 2681 1844 2719 per
1874 2681 1993 2706 unum
2024 2681 2098 2706 non
2128 2677 2302 2720 poterant
2327 2669 2483 2715 onmia,

1366 2749 1394 2770 „
1423 2735 1512 2773 quae
1541 2720 1589 2758 ad
1617 2722 1766 2760 diversa
1809 2722 1991 2773 mysteria
2034 2721 2298 2773 pertinebant,
2340 2721 2488 2773 expleri

1367 2802 1394 2822 :a
1424 2777 1504 2813 sine
1535 2787 1670 2825 magno
1704 2776 1954 2826 gravamine3
1998 2774 2032 2810 &
2076 2775 2158 2812 ideo
2200 2775 2488 2826 distinguuntur

1368 2855 1395 2875 „
1423 2828 1574 2865 ordines
1603 2828 1744 2866 diversi
1773 2828 1820 2865 ad
1849 2829 1999 2866 diversa
2026 2827 2179 2874 officia3
2222 2828 2256 2865 ἃ
2286 2828 2356 2865 hoc
2389 2835 2489 2877 patet

1369 2909 1396 2928 „
1427 2894 1493 2934 per
1522 2881 1619 2928 hoc,
1649 2882 1748 2932 quod
1779 2882 1968 2919 Dominus
1994 2881 2199 2920 Num.XI.
2228 2881 2329 2919 dedit
2357 2880 2490 2933 Moysi

1369 2962 1396 2982 aa
1425 2948 1491 2985 70.
1522 2947 1626 2971 senes
1657 2936 1695 2971 in
1724 2934 1959 2986 adjutorium
1977 2962 1988 2973 .
2022 2934 2177 2984 Tertio,
2210 2944 2248 2972 ut
2277 2936 2340 2973 via
2368 2934 2487 2986 profi-

1370 3016 1396 3035 „
1427 2987 1552 3025 ciendi
1582 2986 1802 3025 hominibus
1831 2987 1995 3038 amplior
2022 2988 2158 3037 detur,
2187 2988 2279 3026 dum
2302 2987 2428 3040 plures
2449 2989 2487 3024 in

1374 3070 1399 3088 2,
1428 3041 1586 3079 diversis
1613 3040 1750 3078 officiis
1792 3041 2099 3090 distribuuntur,
2142 3055 2270 3080 omnes
2312 3042 2383 3079 sint
2413 3039 2484 3077 Dei

1372 3123 1400 3142 „
1429 3102 1701 3146 cooperatores,
1731 3108 1807 3145 quo
1834 3094 1930 3131 nihil
1961 3104 2018 3132 esc
2047 3094 2239 3143 divinitis,
2270 3103 2308 3134 ut
2337 3095 2484 3142 Diony-

1372 3176 1400 3196 „
1429 3149 1505 3189 sins
1533 3148 1626 3185 dicit
1655 3162 1741 3199 cap.
1758 3148 1797 3186 5.
1827 3147 1941 3187 Eccl.
1958 3147 2072 3188 Hier.
2088 3153 2114 3171 ‘⁶
2137 3149 2230 3201 (a).

2362 3196 2428 3247 57⁰

1365 3281 1518 3316 Ordines
1546 3283 1806 3318 Sacramentum
1832 3297 1980 3325 vocare3
2022 3284 2146 3319 deinde
2173 3281 2395 3325 septenarium
2419 3290 2484 3312 nn-

1369 3341 1506 3366 merum
1531 3329 1701 3373 irrideoe,
1726 3332 1825 3377 quasi
1850 3346 1893 3368 ex
1917 3345 2078 3378 perversa
2103 3331 2286 3373 Scripcarae
2313 3328 2482 3369 interpre-
