2605 3624
639 152 720 195 DE
754 149 1084 193 EXTREMAE
1122 152 1453 194 UNCTIONIS
1491 152 1892 195 EFFECTIBUS.

66 265 95 286 „
121 235 221 288 quod
252 234 320 273 ills
347 238 470 271 motus
499 229 614 268 liberi
655 230 807 268 arbitrii
840 231 877 267 in
908 240 1106 281 peccatum
1136 231 1182 267 sit

66 318 93 339 „
123 290 328 333 contritio,
369 286 465 323 sicut
494 285 606 322 etiam
639 285 678 321 in
709 283 980 330 Eucharistia,
1022 284 1055 320 8<
1083 285 1180 321 Con-

66 371 93 391 „
123 341 339 379 firmatione
382 345 497 389 potest
526 336 699 375 accidere
719 363 730 374 .
775 335 963 375 Similiter
1005 337 1117 373 etiam
1150 335 1182 371 ἃ

121 400 267 430 reatum
299 404 426 442 poenae
459 390 680 443 temporalis
707 390 908 434 diminuit3
937 390 1001 428 setl
1030 402 1074 427 ex
1095 402 1182 426 con-

65 423 93 444 „
117 445 311 497 sequenti,
334 446 558 496 inquantum
574 443 809 482 debilitatem
827 443 946 490 tollit,
967 444 1058 495 qnia
1079 457 1182 481 eam-

61 474 89 547 Ξῖ
117 499 204 536 dem
234 511 388 551 poenam
420 497 543 535 levius
575 506 696 549 portat
725 498 858 545 sortis,
887 510 1003 548 qnam
1019 497 1180 534 debilis:

59 580 88 601 ‚,
119 552 216 590 unde
245 564 319 589 non
346 558 518 603 oportet,
560 549 661 603 qnod
691 559 844 602 propter
873 549 943 586 troc
987 551 1181 587 minuatur

60 633 88 654 „
115 604 379 644 satisfactionis
409 617 612 642 mensura.
658 602 848 654 Reliquiae
879 611 1003 640 autem
1037 604 1180 654 peccati

56 686 84 706 „
115 670 190 697 non
219 659 403 696 dicuntur
446 656 507 696 hic
535 657 797 708 dispositiones
827 669 873 693 ex
902 656 1049 693 actibus
1093 659 1180 693 reti-

57 740 85 760 „
113 721 214 758 ctae,
261 724 350 762 quae
392 719 476 748 sunt
516 711 673 762 quidam
716 709 866 746 babitus
909 708 1075 747 inchoati
1118 710 1181 746 sed

56 793 84 814 „
113 766 294 817 quaedam
322 762 530 816 spiritualis
549 762 727 800 debilitas
759 765 794 800 in
817 765 898 815 ipsa
929 771 1051 799 mente
1081 765 1178 800 exis-

56 847 84 866 „
113 828 220 866 tens,
258 831 336 869 qua
362 817 514 854 sublata
542 818 656 854 etiam
687 817 828 854 eisdem
861 815 1054 852 habitibus
1076 845 1085 862 ,
1117 814 1178 853 vel

56 900 83 919 ,‚
112 869 423 922 dispositionibus
463 870 730 917 manentibus,
781 882 852 906 non
886 871 934 906 ita
974 878 1089 919 potest
1121 871 1179 906 in-

57 951 84 971 „
115 921 255 962 clinari.
285 937 391 962 mens
419 923 467 961 ad
485 933 680 974 peccatum
701 948 710 960 .
733 922 754 937 ‘'
786 923 867 960 Hoc
884 921 1074 960 voluimus
1092 936 1179 973 pro-

55 978 150 1028 priis
170 977 212 1014 S.
230 976 402 1014 Doctoris
431 976 558 1014 verbis
589 977 830 1026 exprimere,
861 988 904 1012 ex
936 974 1076 1026 quibus
1095 988 1178 1026 pos-

55 1039 140 1068 sunt
183 1028 376 1067 nonnullae
419 1030 718 1076 controversiae,
757 1042 846 1081 qnae
885 1044 906 1067 a
935 1028 1178 1066 Scholasticis

53 1083 227 1120 excitatae
257 1091 369 1130 sunt,
392 1081 514 1119 >facile
546 1080 710 1119 resolvi.

106 1134 174 1173 62.
204 1134 260 1172 De
289 1135 460 1186 corporis
489 1143 616 1172 autem
653 1136 811 1173 sanitate
829 1164 838 1182 ,
881 1149 969 1187 quae
1001 1144 1052 1172 est
1080 1133 1177 1172 alter

52 1197 234 1226 extremae
267 1189 452 1226 uncticnis
473 1187 629 1226 effectus
645 1218 656 1236 ,
688 1189 736 1225 ita
752 1187 911 1226 Sanctus
930 1189 1069 1226 Doctor
1091 1201 1176 1239 pro-

52 1243 210 1280 nunciat
239 1242 348 1279 artic.
367 1253 428 1280 2.:
450 1271 476 1289 „
499 1241 682 1279 Extrema
712 1243 840 1279 unctio
869 1255 942 1279 non
974 1242 1062 1279 facit
1093 1254 1176 1279 cor-

53 1324 82 1344 „
114 1295 285 1346 poralem
314 1297 550 1333 sanationem
582 1308 626 1332 ex
648 1295 880 1347 proprietate
910 1294 1070 1332 naturali
1095 1308 1173 1332 ma-

54 1377 84 1396 „
113 1349 242 1395 teriae,
271 1349 334 1386 sed
364 1361 409 1386 ex
430 1351 568 1386 virtute
597 1349 756 1395 divina,
786 1361 873 1400 qure
895 1348 1173 1386 rationabiliter

54 1429 82 1450 ,‚
110 1411 315 1452 operatur3
346 1401 377 1437 ἃ
398 1403 490 1454 quia
521 1402 616 1439 ratio
644 1414 805 1453 operans
835 1414 1031 1452 nunqnam
1063 1401 1173 1439 indn-

52 1483 80 1502 „
109 1455 161 1491 cit
189 1455 460 1492 secundarium
490 1454 696 1502 effectum,
733 1454 806 1492 nisi
836 1454 1044 1492 secundnm
1074 1454 1175 1506 quod

51 1536 80 1556 „
110 1508 264 1558 expedit
292 1509 339 1545 ad
370 1508 655 1559 principalem3
685 1506 767 1544 ideo
797 1520 841 1544 ex
865 1507 932 1545 hoc
949 1508 1175 1546 Sacramen-

53 1588 80 1608 „
113 1569 148 1596 to
177 1574 248 1598 non
277 1574 428 1612 semper
457 1563 629 1612 seqnitur
657 1559 866 1612 corporalis
895 1563 1040 1599 sanatio
1061 1591 1071 1609 ,
1112 1562 1175 1599 sed

50 1641 78 1661 „
107 1614 260 1665 quando
300 1614 453 1666 expedit
482 1615 528 1652 ad
558 1614 797 1666 spiritualem
840 1616 1103 1659 sanationem5
1143 1615 1176 1650 ἃ

55 1694 85 1714 „
115 1675 206 1706 tunc
235 1681 387 1718 semper
429 1681 513 1706 eam
556 1668 737 1714 inducit,
779 1668 988 1705 dnmmodo
1029 1681 1100 1705 non
1131 1669 1177 1706 sit

51 1746 80 1766 „
111 1720 430 1769 impedimentum
474 1733 518 1757 ex
563 1730 669 1768 parte
717 1722 958 1771 recipientis.
980 1721 1000 1736 ''
1031 1721 1108 1757 Hos
1136 1733 1174 1757 o·

48 1785 158 1809 mnes
187 1772 343 1810 effectus
371 1773 532 1825 quidam
560 1771 671 1811 Poeta
701 1771 773 1811 hoc
802 1773 978 1826 distycho
1021 1776 1172 1827 elegan-

48 1831 106 1862 ter
134 1825 359 1878 complexus
387 1834 441 1864 est
461 1852 473 1865 .

158 1930 297 1982 Ungor
325 1936 366 1971 in
395 1936 612 1981 extremis,
641 1941 682 1970 ut
700 1933 788 1986 jiczt
815 1938 954 1986 grana
982 1935 1140 1986 major,

205 1984 263 2024 Et
291 1985 450 2025 morbus
478 1987 623 2034 levior,
661 1987 710 2031 <9¹
740 2001 833 2025 meu.
862 1989 981 2039 culpa
1010 1993 1167 2028 minor·

99 2091 167 2131 65.
198 2092 276 2131 Has
303 2093 493 2131 doctrinas
513 2093 553 2132 S.
585 2091 755 2131 Thomas
783 2095 898 2133 etiam
928 2096 1099 2146 exposuit
1129 2096 1167 2134 in

42 2144 135 2184 Lib.
155 2145 224 2184 tv,
258 2144 370 2184 Cont.
403 2145 524 2184 Gent.
553 2160 640 2198 cap.
665 2147 751 2198 75.,
783 2148 849 2185 ubi
879 2148 984 2186 addit
1012 2162 1166 2201 qnoque

41 2200 230 2237 rationem
252 2229 264 2247 ‚
300 2213 420 2251 quare
450 2199 520 2238 hoc
548 2200 841 2238 Sacramentum
871 2201 1006 2239 iisdem
1037 2202 1166 2253 subje-

42 2253 114 2288 ctis
130 2280 142 2298 ,
168 2255 204 2288 si
231 2253 522 2299 convaluerint,
553 2254 687 2289 iterato
701 2253 866 2290 conferri
885 2256 1022 2304 possit3
1044 2283 1069 2302 „
1091 2267 1165 2292 non

45 2332 73 2352 „
101 2305 230 2351 enim,
261 2306 299 2341 in
331 2306 384 2342 uit
406 2334 418 2352 ,
463 2303 578 2355 hujus
606 2306 845 2343 Sacramenti
878 2308 1006 2343 unctio
1035 2317 1086 2344 est
1115 2308 1164 2345 ad

43 2385 70 2405 „
99 2319 424 2405 consecrandum,
454 2358 550 2396 sicut
582 2359 710 2395 unctio
739 2358 1062 2408 confirmationis,
1092 2360 1160 2397 ab·

37 2438 66 2458 „
95 2409 191 2447 lntio
219 2410 432 2461 baptismi,
461 2411 494 2447 8<
515 2412 695 2462 quaedatn
711 2411 800 2448 aliae
825 2412 1039 2460 unctiones,
1070 2427 1159 2465 quae

38 2491 67 2511 „
96 2463 181 2500 ideo
209 2477 406 2516 nunqnam
438 2465 646 2512 iterantur,
683 2466 776 2516 qnia
805 2465 1035 2503 consecratio
1063 2480 1161 2504 sem-

39 2544 68 2564 „
99 2530 165 2566 per
193 2527 347 2564 manet,
377 2518 469 2554 dum
508 2531 566 2555 res
594 2528 810 2555 consecrata
839 2518 976 2567 durat,
1008 2530 1162 2570 propter

38 2597 65 2617 ,‚
94 2568 310 2608 efficaciam
338 2571 483 2608 divinae
515 2572 666 2609 virtutis
685 2573 935 2610 consecrantis
957 2597 967 2609 .
996 2573 1158 2612 Ordina-

39 2649 67 2669 „
96 2631 156 2658 tur
183 2632 310 2660 antem
341 2622 456 2673 hujus
482 2623 719 2662 Sam-amenti
753 2627 924 2663 inunctio
952 2625 997 2661 ed
1029 2641 1159 2664 sanan-

37 2702 65 2722 „
93 2674 214 2719 dum3
245 2675 435 2712 medicina
464 2686 589 2713 autem
621 2680 790 2716 sanativa
811 2679 916 2715 toties
946 2680 1071 2716 inei-..ri
1094 2682 1158 2716 de-

40 2755 67 2775 „
97 2726 157 2764 bet
175 2757 185 2774 ,
226 2728 371 2779 quoties
400 2727 601 2766 infirmitas
631 2731 788 2768 iteratur
809 2758 819 2768 .
842 2732 863 2746 ⁵'
896 2731 1086 2769 usonem,
1114 2733 1160 2771 de

38 2788 209 2819 extrema
239 2781 440 2819 unctione:
469 2795 571 2820 nunc
599 2783 646 2820 de
673 2783 923 2822 sacramento
951 2786 1131 2825 Ordinis.

318 2886 718 2932 DISSERTATIO
752 2889 875 2933 VIII.

289 2990 354 3030 De
395 2992 665 3032 Sacramento
710 2994 906 3035 Ordinis.

95 3111 128 3136 1.
148 3069 318 3138 Stoma.
348 3098 394 3136 T,
408 3100 458 3139 id.
487 3101 663 3153 Synodns
693 3110 891 3154 postquam
907 3103 1005 3141 Sess-
1024 3103 1154 3142 XXII.

35 3150 233 3191 catholicae
263 3151 447 3191 Ecclesiae
477 3154 685 3192 doctrinam
716 3156 762 3192 de
791 3156 994 3193 Sacrificio
1023 3156 1153 3193 Mis-22

35 3216 169 3244 novem
199 3216 315 3258 capit.
337 3234 348 3252 ‚
392 3207 622 3259 totidemque
651 3221 786 3246 canon.
816 3218 945 3247 contra
983 3222 1153 3260 grassan-

35 3265 87 3296 tes
108 3257 340 3298 Novatonnn
371 3260 529 3298 interese*
559 3263 817 3312 exposuisset,
846 3261 879 3298 &
902 3263 1148 3307 vindicasset,

28 3310 76 3348 de
107 3309 350 3352 qacrarnento
369 3315 524 3352 Ordinis
554 3314 649 3352 Sexus.
672 3314 818 3352 XXlil.
841 3316 1147 3366 pertractati-lum

27 3364 203 3416 censuit,
240 3369 424 3418 quoniam
452 3367 699 3422 sacrficium.
715 3397 726 3418 ,
756 3367 1088 3410 &sacerdotium
1117 3372 1148 3408 i-

2225 154 2307 204 ¹39

1248 239 1291 266 tu.
1323 230 1399 266 Dec
1426 230 1675 267 ordinatione
1703 233 1921 281 conjuncta
1950 233 2069 274 sunt,
2099 233 2366 275 uinctumque

1249 287 1290 320 in
1318 287 1426 319 omni
1443 285 1526 334 lege
1555 288 1753 320 extiterit.
1785 281 2008 320 Scliolastici
2031 289 2154 317 tamen
2177 310 2185 325 ,
2216 292 2367 316 eorum-

1250 350 1325 388 que
1369 338 1546 388 princeps
1575 336 1614 373 S.
1645 336 1811 372 'l'homas
1841 336 1886 372 de
1915 335 2167 371 sacramentis
2205 341 2367 370 tractare

1250 399 1527 427 consueverunt
1556 389 1662 439 juxta
1694 396 1857 426 veterem
1887 386 2106 423 eorumdem
2137 387 2300 431 seriem,
2331 398 2369 422 e-

1250 444 1341 480 tiam
1371 442 1420 479 ab
1443 442 1612 492 Eugenio
1631 440 1694 477 iV.
1726 442 1765 477 in
1796 441 1966 477 instruct.
1992 439 2249 476 Armenorutu
2281 450 2368 489 pro-

1252 495 1378 533 batam
1397 525 1407 542 ,
1430 496 1468 533 iu
1499 507 1575 547 qua
1605 495 1708 532 Ordo
1737 502 1881 530 sextum
1914 492 2058 529 obtinet
2090 493 2244 537 lccum3
2273 503 2367 543 quo-

1250 562 1337 588 rum
1368 550 1589 601 exemplum
1617 561 1684 585 nos
1713 559 1864 599 quoque
1895 546 2091 584 imitamur
2109 571 2118 583 .

1690 651 1862 691 CAPUT
1894 651 1922 689 1.

1385 761 1448 800 De
1479 764 1667 809 nomine,
1697 773 1747 798 ac
1776 758 2008 812 definitione
2039 756 2202 795 Ordinis
2224 784 2233 795 .

1304 843 1536 909 2.Nomen
1569 867 1730 905 Ordinis
1760 866 1861 919 apud
1892 865 2069 917 profanos
2098 863 2279 902 latissime
2301 880 2366 916 pa-

1247 928 1322 969 tet,
1354 923 1386 957 ὅ(
1416 924 1575 959 orimum
1608 923 1699 959 soret
1722 952 1732 968 ,
1763 934 1890 957 onmes
1920 918 2089 970 ejusdem
2122 918 2367 969 significatio-

1247 987 1312 1012 nes
1343 977 1545 1026 persequi.
1582 975 1655 1013 Sed
1684 975 1784 1027 apud
1810 985 1933 1010 sacros
1961 972 2172 1022 Scriptores
2200 971 2368 1023 duplici-

1247 1036 1301 1064 ter
1331 1030 1516 1076 sumitur,
1548 1029 1731 1066 nimirnm
1759 1031 1888 1076 primo
1917 1027 1962 1062 ad
1985 1027 2256 1075 designandum
2285 1038 2367 1061 cer-

1246 1089 1326 1117 tum
1359 1081 1559 1119 hominum
1589 1091 1729 1118 cceunn
1753 1111 1763 1127 ,
1793 1093 1870 1132 q·1o
1899 1092 2007 1116 sensu
2028 1077 2285 1115 Tertullianus
2303 1076 2366 1115 De

1246 1133 1376 1171 idolol.
1407 1148 1493 1185 cap,
1525 1149 1560 1184 7.
1595 1133 1764 1172 homines
1794 1131 1978 1170 Ecclesiae
2009 1132 2164 1169 servitio
2199 1131 2366 1168 addictos

1246 1188 1394 1225 vocavit
1427 1187 1622 1224 Ordinem
1651 1189 1992 1225 ecclesiasticum.
2039 1183 2126 1220 Alio
2155 1198 2263 1221 sensu
2295 1187 2364 1221 Or-

1243 1240 1291 1277 do
1319 1240 1508 1292 significat
1538 1240 1861 1284 Sacramentum,
1904 1251 1981 1290 quo
2011 1237 2176 1274 homines
2206 1238 2365 1288 quidemr

1242 1306 1378 1340 sacro,
1422 1292 1455 1329 8(
1486 1292 1648 1331 solemni
1692 1295 1767 1330 ritu
1797 1291 1909 1329 certis
1939 1293 1976 1328 in
2007 1288 2179 1327 Ecclesia
2221 1292 2367 1328 muniis

1242 1346 1429 1384 obeundis
1457 1347 1506 1384 ab
1526 1346 1720 1398 Episcopo
1747 1346 1982 1384 destinantur
2001 1370 2011 1381 .
2041 1342 2165 1394 Atque
2197 1342 2263 1381 troc
2286 1357 2368 1380 ‹en-

1243 1413 1285 1436 su
1307 1414 1327 1437 a
1349 1398 1587 1438 Tridentinis
1604 1399 1778 1438 Patribus
1808 1407 2007 1450 acceptum
2041 1396 2111 1432 fuit
2140 1396 2244 1433 laud.
2265 1396 2365 1435 Sess.

1244 1452 1496 1505 XX111.cap.
1520 1466 1556 1491 2.
1591 1452 1688 1490 Cum
1714 1462 1851 1490 autem
1869 1481 1879 1498 ,
1911 1451 2091 1502 inquiunt
2113 1477 2123 1495 ,
2153 1448 2284 1486 ‹tls-Ana
2301 1463 2366 1489 res

1243 1509 1291 1543 sit
1320 1515 1406 1543 tum
1424 1509 1555 1544 sancti
1584 1505 1796 1544 sacerdotii
1826 1507 2090 1541 ministerium
2109 1531 2119 1548 ,
2149 1512 2365 1540 consenta-

1242 1573 1364 1597 neum
1380 1559 1467 1612 fuit
1488 1590 1499 1608 ‚
1541 1573 1616 1610 quo
1645 1559 1801 1611 dignius
1822 1587 1833 1606 ‚
1871 1564 1920 1598 ’(9·
1950 1557 2098 1607 mujorc'
2128 1567 2218 1593 cum
2250 1569 2365 1594 rene-

1244 1617 1401 1651 ratione
1430 1618 1609 1651 exerceri
1636 1616 1757 1663 possit
1778 1643 1788 1660 ,
1832 1621 1872 1648 ut
1901 1614 1941 1648 in
1971 1609 2159 1647 Ecclesia
2202 1609 2366 1648 ordum-

1244 1670 1404 1704 tt'ssimtz
1433 1667 1684 1716 dispositione·
1710 1667 1861 1718 plnres,
1890 1665 1939 1704 Θ
1961 1663 2100 1702 diversi
2128 1673 2261 1700 essent
2290 1667 2364 1701 mi-

1244 1725 1458 1758 nistrorum
1484 1720 1682 1767 Ordines,
1712 1724 1776 1771 qui
1804 1717 2029 1757 sacerdotio
2058 1730 2111 1754 ex
2139 1715 2270 1764 officio
2297 1717 2364 1756 ‹ie-

1243 1778 1432 1812 sert-irem
1451 1804 1461 1821 ,
1492 1778 1550 1811 itu.
1564 1773 1754 1811 <Il-<tributi
1772 1803 1783 1821 ,
1813 1782 1852 1809 ut
1882 1775 1946 1822 qui
1970 1773 2064 1823 jam
2085 1770 2363 1808 clericalc'ton-

1243 1841 1338 1865 sura
1368 1831 1545 1878 insigniti
1575 1837 1706 1866 essent
1728 1857 1739 1876 ‚
1779 1839 1850 1877 per
1879 1829 2055 1864 minores
2098 1822 2155 1863 ad
2183 1826 2363 1876 majores

1237 1881 1502 1919 ascenderent
1524 1907 1535 1919 .

1292 1935 1330 1974 5.
1363 1935 1447 1985 lpsa
1476 1945 1603 1972 antem
1646 1933 1762 1984 liujus
1791 1933 2028 1972 Sacramenti
2066 1930 2220 1971 collatio
2242 1961 2253 1979 ,
2297 1945 2363 1970 sen

1239 1987 1452 2026 Ordinatio
1481 2003 1502 2026 a
1523 1989 1674 2026 Graecis
1701 1989 1802 2025 dicta
1830 1994 1881 2023 est
1910 1986 2129 2041 χριοτονιά
2146 2013 2157 2031 ,
2188 1984 2220 2020 ἃ
2242 1991 2361 2035 xmo-

1234 2039 1376 2081 θεσία.
1407 2041 1534 2080 Prima
1557 2054 1628 2080 vox
1658 2039 1847 2091 significat
1876 2050 2023 2076 munus
2051 2040 2326 2075 extensionem
2343 2053 2361 2082 ‚-

1235 2092 1268 2127 &
1286 2123 1296 2140 ,
1329 2104 1366 2131 ut
1393 2094 1568 2133 observat
1596 2093 1780 2133 Justellus
1808 2093 1855 2131 ad
1885 2105 1969 2130 can.
1992 2089 2042 2127 V.
2072 2089 2360 2140 Laodicen-am,

1233 2146 1283 2183 ab
1314 2160 1381 2185 usu
1413 2149 1572 2200 profano
1602 2148 1831 2186 electionum
1855 2175 1865 2193 ,
1895 2158 1984 2197 quae
2014 2142 2158 2182 fiebant
2178 2159 2246 2195 per
2276 2160 2358 2182 ma-

1233 2213 1302 2237 nus
1351 2205 1624 2250 porrectionem
1645 2231 1655 2248 ,
1704 2202 1743 2238 in
1781 2197 1996 2238 Ecclesiam
2040 2197 2217 2234 translata
2266 2199 2358 2235 tuit:

1235 2250 1455 2300 χωροᾶισία
1491 2267 1579 2291 vero
1620 2253 1810 2305 significat
1852 2263 2001 2288 munus
2036 2253 2358 2300 impositionem,

1232 2316 1320 2352 quae
1351 2303 1393 2340 fit
1423 2306 1473 2342 ab
1493 2306 1684 2359 Episcopo
1703 2306 1902 2342 ordinante
1924 2329 1936 2341 .
1966 2302 2137 2352 Utraque
2168 2303 2250 2341 baec
2283 2317 2356 2342 vox

1230 2356 1433 2406 synonima
1464 2369 1684 2410 reputatum
1715 2357 1893 2410 quamvis
1920 2366 2045 2394 noster
2074 2356 2294 2394 nunnius
2314 2359 2356 2396 in

1230 2418 1305 2446 not.
1353 2410 1400 2447 ad
1430 2413 1524 2450 ΟΜ.
1565 2413 1794 2451 Diaconatus
1824 2426 1862 2464 p.
1893 2424 1947 2448 m.
1984 2409 2075 2448 213.
2118 2408 2354 2463 Euchologii

1230 2472 1361 2514 putat,
1408 2464 1646 2514 χειροθεσίαν
1671 2466 1783 2503 fuisse
1823 2462 2035 2502 adhibitam
2066 2464 2104 2500 in
2137 2464 2356 2502 Ordinatio-

1231 2529 1280 2550 ne
1309 2517 1562 2565 subdiaconi,
1606 2522 1844 2567 χωροθονιὶκν
1874 2527 1999 2554 autem
2032 2519 2070 2555 in
2101 2517 2355 2555 ordinatione

1228 2567 1391 2608 Diaconi
1409 2600 1419 2616 ‚
1450 2571 1482 2606 ὅ(
1513 2583 1556 2608 eo
1584 2569 1776 2621 majorum
1807 2573 1822 2620 (
1846 2569 1959 2608 Plura
1989 2571 2034 2609 de
2056 2569 2115 2607 his
2130 2571 2357 2610 nominibus

1227 2622 1332 2660 dabit
1377 2624 1435 2660 vir
1472 2638 1644 2662 summus
1677 2623 1815 2661 Franc-
1845 2623 1994 2662 Hallier
2023 2623 2088 2662 De
2115 2628 2245 2661 sacris
2274 2624 2354 2663 ele·-

1227 2679 1346 2713 ction.
1376 2676 1424 2716 <9⁰
1457 2676 1645 2715 Ordimzt.
1678 2676 1716 2714 P.
1740 2677 1768 2714 Ι.
1798 2690 1884 2729 cap.
1906 2677 1943 2722 4.
1977 2678 2019 2725 ).
2064 2677 2191 2714 Latini
2219 2686 2354 2716 autem

1228 2740 1309 2779 post
1349 2731 1425 2767 dno
1453 2730 1624 2769 concilia
1667 2733 1936 2778 oecumenica,
1982 2729 2277 2778 Florentinum,
2313 2730 2350 2767 ἃ

1229 2781 1402 2820 Tri-ient.
1422 2813 1433 2830 ,
1470 2783 1502 2818 &
1534 2793 1613 2835 post
1644 2793 1785 2821 veteres
1814 2782 2066 2821 Scholasticos
2096 2797 2171 2822 non
2201 2783 2278 2822 alio
2307 2797 2354 2821 u-

1226 2845 1356 2874 tuntur
1378 2839 1529 2874 nomine
1546 2866 1557 2883 ‚
1587 2851 1703 2890 quam
1719 2835 1978 2874 Stet-umenti
1997 2835 2191 2890 Ordinis(
2213 2851 2350 2889 qnam-

1227 2891 1285 2927 vis
1313 2889 1432 2942 aliqui
1474 2890 1632 2928 mallent
1669 2891 1796 2927 dicere
1825 2891 2142 2928 Sacramentum
2174 2889 2351 2928 Ordina-

1226 2947 1370 2991 tionis,
1398 2945 1488 2995 quia
1521 2944 1587 2982 hoc
1618 2944 1910 2982 Sacramentum
1940 2945 2109 2982 consistit
2140 2945 2178 2982 in
2208 2946 2288 2997 ipsa
2307 2959 2349 2982 a·

1227 2999 1351 3034 ctione
1388 2997 1565 3050 Episcopi
1600 2996 1864 3046 Ordmunn's,
1893 2997 1953 3035 vel
1988 2996 2269 3035 consecrantis
2296 2995 2346 3043 ).

1219 3052 1480 3089 Catechi-nnns
1498 3060 1623 3088 antem
1645 3050 1803 3088 Roman.
1835 3064 1942 3089 num.
1959 3065 1999 3104 9.
2030 3051 2125 3089 bene
2143 3050 2339 3097 observat,

1221 3113 1354 3152 recte,
1397 3106 1446 3145 <9⁶
1474 3102 1683 3142 commode
1714 3103 1783 3142 hoc
1822 3105 2053 3143 vocabulum
2087 3102 2246 3141 Ordinis
2274 3102 2342 3140 ad-

1219 3157 1386 3196 hibitum
1418 3158 1556 3204 fut-se,
1586 3172 1678 3211 quta
1711 3159 1747 3195 in
1779 3158 1848 3196 hoc
1879 3160 2088 3197 utini-iterio
2106 3167 2192 3192 cum
2224 3155 2338 3192 multi

1219 3212 1289 3248 sint
1319 3212 1485 3263 gntus,
1515 3210 1549 3248 ἆ
1569 3215 1684 3249 variae
1715 3212 1950 3258 functiones,
1979 3211 2117 3246 omnia
2137 3216 2248 3245 certa
2269 3220 2336 3245 ra-

1218 3267 1321 3302 tione
1350 3264 1558 3302 ‹listrtbum
1588 3274 1678 3303 sunt
1699 3295 1711 3314 ,
1739 3269 1787 3305 (9-
1817 3266 2039 3303 collocata.
2067 3261 2168 3298 Satis
2196 3260 2241 3297 de
2271 3273 2337 3298 no-

1216 3318 1320 3356 mine
1341 3347 1353 3365 ,
1382 3333 1485 3356 inune
1514 3320 1561 3356 de
1592 3319 1836 3356 <anternacum
1866 3320 1970 3367 ipso-

1268 3370 1309 3417 4,
1337 3371 1615 3412 Πεῆυίιίουεω
1642 3370 1881 3412 sacramenti
1909 3366 2067 3407 Ordinis
2094 3366 2192 3407 hanc
2221 3365 2338 3460 tigidit

2271 3444 2285 3460 .
