2605 3624
890 140 969 184 DE
1006 140 1291 184 BAPTISMI
1326 139 1648 184 MlNlSTno.

126 255 138 278 ,
166 229 332 278 pertInet
357 225 543 263 assistere
560 250 570 269 ‚
607 220 657 261 ἂν
687 222 918 257 ministrare
947 218 1225 257 Sacerdotibus

109 257 138 331 :a
171 286 213 318 in
239 276 440 324 omnibus,
468 287 558 326 quoe
577 282 750 325 aguntur
765 276 805 309 in
821 272 1098 310 Sacramentis
1118 272 1224 310 Clari-

109 364 138 383 „
165 337 215 371 sti
231 362 242 380 ,
271 336 312 370 in
340 329 536 380 baptismo
554 329 728 375 scilicet,
757 330 798 364 in
819 325 1034 364 chrismate
1053 356 1062 374 ‚
1093 330 1132 363 in
1152 340 1225 376 pa-

109 416 138 437 „
165 395 288 433 cena,
316 383 366 424 (9⁶
394 381 520 420 calice
536 406 548 418 .
569 383 595 402 “
628 381 721 418 Haec
754 379 869 418 verba
886 379 1059 431 leguntur
1082 381 1117 417 in
1138 380 1223 417 Lib.

112 439 162 478 Π.
191 436 254 476 De
282 434 421 484 officiis
441 448 529 486 cap.
552 433 615 479 24.
633 464 643 483 ,
676 433 709 469 ὅ(
739 435 955 472 referuntur
977 433 1074 472 Dist.
1092 432 1223 472 XXV.

106 505 194 543 cap.
219 503 252 529 1.
282 488 469 527 Praelacts
487 513 497 525 .

161 543 253 596 575.
282 542 358 580 Ob.
386 545 540 594 primo.
587 541 756 579 Christus
795 541 983 579 Dominus
1025 538 1224 587 conjunxit

106 595 222 636 simul
251 594 422 634 officium
455 595 691 648 praedicandi
722 594 975 645 Evangelium
997 625 1007 642 ,
1038 594 1070 630 8<
1101 594 1224 646 bapti-

104 650 240 698 zandi;
282 650 388 702 atqui
419 658 568 702 possunt
599 649 761 687 Diaconi
793 648 877 699 jure
918 663 984 686 suo
1015 648 1225 700 praedicare

106 702 375 756 evangelium:
404 714 491 754 ergo
520 703 633 740 etiam
663 701 882 754 baptizare.

167 757 261 809 574.
293 755 504 808 Respondet
533 756 574 794 S.
590 754 758 794 Thomas
786 756 833 793 ad
870 769 901 793 ι.
919 784 930 802 ,
961 755 1148 807 pertinere
1177 754 1226 792 ad

107 809 324 849 Diaconum
353 813 524 848 recitare
551 807 819 859 Evangeiium
849 813 889 846 in
919 807 1134 855 Ecclesia,
1175 808 1224 848 θ’

108 863 334 916 proetlicare
353 867 479 914 ipsum
495 875 565 913 per
585 861 746 899 modum
769 860 1063 899 Catechizantis
1147 860 1225 898 Sett

109 916 249 954 docere
269 941 281 963 ‚
309 916 406 955 itlest
420 929 620 967 exponere
641 913 906 967 lsi-angelium
923 945 933 963 ,
953 918 1122 965 pertinet
1136 927 1225 966 pro-

106 974 191 1022 prie
217 969 274 1008 ad
301 968 542 1021 Episcopum
558 995 569 1006 .

163 1023 256 1074 575.
285 1022 360 1060 Ob.
389 1021 563 1060 secundo
591 1020 812 1073 exemplum
843 1021 883 1059 S.
914 1022 1109 1060 Laurentii
1134 1021 1226 1058 Dia-

107 1077 222 1123 coni,
261 1076 329 1128 qui
357 1074 578 1123 Lucillum,
624 1074 907 1127 Hippolytum,
956 1084 1146 1127 totamque
1179 1074 1224 1111 il-

105 1128 181 1167 lius
211 1128 401 1167 familiam
431 1128 660 1180 baptizavit,
689 1141 802 1180 aquo
818 1128 1059 1166 detinebatur
1089 1130 1224 1166 incar-

107 1195 194 1222 cere
214 1212 225 1232 ,
256 1191 295 1220 ut
323 1181 506 1221 discimus
535 1195 580 1219 ex
610 1179 693 1232 ejus
724 1183 827 1220 Actis
848 1208 859 1220 .

161 1235 256 1288 576.
286 1234 496 1288 Respondet
527 1235 732 1287 Angelicus
760 1236 807 1273 ad
826 1236 885 1284 5.,
915 1235 1015 1286 quod
1043 1239 1135 1286 quia
1155 1233 1224 1272 luz-

105 1292 272 1342 ptismus
298 1298 357 1328 est
384 1288 700 1328 Sacramentum
743 1292 994 1327 necessitatis
1033 1292 1225 1341 permitti-

106 1352 172 1381 tur
187 1340 380 1381 [liaconis
408 1346 646 1382 necessitate
675 1352 839 1395 urgente
867 1347 908 1380 in
928 1342 1112 1380 absentia
1134 1356 1224 1379 ma-

104 1397 241 1448 jorum
284 1395 511 1448 baptizare.
554 1395 609 1434 Et
647 1394 717 1434 hoc
759 1396 876 1435 modo
904 1395 951 1435 B.
983 1395 1224 1435 Laurentius

106 1448 316 1488 Diaconus
344 1455 521 1489 existens
549 1449 778 1500 baptizavit.
1114 1496 1123 1502 .

162 1503 254 1555 577.
283 1503 360 1542 Ob.
377 1507 490 1542 tertio
506 1530 517 1542 .
549 1504 589 1542 ln
605 1504 697 1541 Can.
721 1518 785 1555 77.
813 1502 978 1542 Concilii
1002 1503 1224 1542 Elliberita-

107 1556 148 1595 ni
180 1556 262 1594 liaec
293 1555 503 1597 habentur:
536 1556 577 1595 Si
597 1552 806 1595 Diaconus
836 1571 978 1610 regens
1007 1558 1158 1608 plebem
1174 1561 1226 1596 si-

106 1621 158 1648 ne
179 1607 371 1661 Episcopo
388 1641 400 1659 ‚
429 1611 487 1650 vel
502 1610 740 1663 Presbytero
769 1612 919 1662 aliquos
948 1610 1221 1660 baptizaverit,

106 1662 326 1715 Episcopus
353 1677 423 1715 per
450 1664 759 1702 benedictionem
789 1677 856 1703 eos
892 1665 1082 1717 perficere
1110 1663 1222 1703 debe-

107 1715 159 1754 bit
175 1743 188 1753 .
217 1717 407 1767 Supponit
432 1730 522 1769 ergo
549 1716 766 1755 Concilium
783 1747 794 1765 ‚
826 1717 1014 1755 Diaconos
1035 1732 1111 1756 esse
1142 1730 1223 1769 pos-

107 1781 147 1806 se
170 1767 341 1806 Rectores
371 1770 652 1821 paroeciarum3
683 1783 759 1822 quo
789 1771 827 1807 in
851 1785 1006 1808 munere
1035 1780 1134 1809 certe
1164 1771 1222 1821 ju-

107 1834 148 1860 re
179 1823 334 1875 proprio·
360 1821 552 1874 baptizare
595 1832 784 1874 poterant.
828 1823 1035 1862 Praeterea
1075 1825 1111 1861 in
1142 1826 1223 1876 ipsa.

107 1873 369 1913 Diaconorum
395 1876 630 1915 ordinatione
660 1876 871 1929 Episcopus
912 1878 1030 1925 dicit,
1073 1877 1222 1915 Diaco-

111 1939 211 1964 num
223 1937 376 1978 *oportet
391 1933 644 1975 ministrare,
665 1928 865 1977 baptizare
880 1959 891 1978 ‚
907 1931 955 1970 ζ’)
974 1930 1196 1982 praedicare
1211 1957 1221 1968 .

163 1981 257 2033 578.
288 1981 432 2034 Hesp.,
480 1981 558 2020 illis
599 1982 802 2030 Diaconis,
849 1985 916 2035 qui
959 1985 998 2022 in
1042 1983 1222 2022 Ecclesiis

113 2035 286 2086 regendis
323 2035 622 2073 extraordinaria
651 2044 828 2086 potestate
855 2035 949 2073 olim
991 2036 1228 2078 destinaban-

107 2095 170 2126 tur
190 2117 201 2137 ,
246 2088 362 2127 fuisse
399 2088 513 2127 etiam
543 2087 754 2139 delegatam
785 2088 1003 2128 facultatem
1034 2090 1228 2142 baptizan-

107 2140 172 2180 di.
219 2141 261 2180 ln
289 2142 541 2181 ordinatione
569 2155 659 2180 vero
685 2143 912 2195 deputantur
943 2153 981 2181 ut
1025 2148 1229 2189 ministri,-

111 2194 284 2247 adeoque
321 2196 410 2247 ipsis
437 2196 630 2234 confertur
659 2210 703 2234 ea
732 2204 913 2247 potestas,
943 2211 1059 2249 quam
1089 2211 1134 2235 ex
1163 2211 1230 2236 suo

108 2246 326 2287 charactere
366 2261 443 2287 non
486 2248 652 2298 habent,
701 2258 740 2287 ut
769 2263 854 2302 sup.
883 2265 924 2288 n.
945 2251 1038 2302 572.
1067 2265 1157 2290 cum
1187 2251 1228 2290 S.

111 2299 264 2339 Thoma
291 2300 521 2353 explicatum
548 2311 627 2340 est.

169 2353 258 2406 579.
292 2354 367 2393 Ob.
397 2365 537 2406 quarto
565 2355 762 2408 probando
783 2387 793 2405 ‚
825 2357 1016 2396 Diaconos
1044 2372 1114 2397 nec
1142 2371 1227 2409 pos-

111 2419 150 2445 se
177 2409 225 2445 ad
253 2407 520 2460 baptizandum
550 2410 723 2462 delegare
744 2437 755 2448 .
783 2410 825 2448 S.
854 2411 1097 2463 Epiphanius
1126 2410 1226 2449 Hoe-

108 2463 188 2498 resi
210 2473 274 2514 79.
302 2475 343 2499 n.
372 2462 412 2508 4.
441 2471 638 2516 postquam
671 2463 948 2514 Diaconissis‚
976 2466 1026 2506 (9⁶
1057 2464 1225 2518 Presby-

108 2513 200 2552 tidis
229 2523 448 2566 potestatem
477 2515 695 2570 baptizandi
727 2518 953 2570 denegavit,
997 2521 1046 2557 ita
1076 2519 1224 2558 subdit:

115 2565 229 2605 Nam
259 2581 384 2621 neque
411 2568 608 2609 Diaconis
632 2570 792 2623 quidem
822 2575 914 2621 ipsis
943 2573 1065 2610 ullum
1094 2577 1136 2610 in
1164 2585 1227 2610 ec-

118 2619 340 2659 clesiastico
365 2622 503 2663 ordine
522 2624 836 2664 Sacramentum
866 2626 1058 2679 perficere
1088 2639 1229 2665 conce·

120 2670 224 2710 ditur
239 2687 254 2718 ;
281 2674 350 2713 sed
377 2674 448 2713 hoc
475 2675 677 2716 duntaxat
694 2709 705 2726 ,
734 2688 774 2717 ut
803 2691 962 2729 eorum,
992 2694 1082 2730 quae
1109 2679 1227 2734 perfi-

116 2728 296 2777 ciuntur,
323 2731 494 2769 ministri
521 2735 626 2773 sint.
663 2731 853 2772 Similiter
881 2733 922 2773 S.
952 2733 1151 2774 Maximus
1180 2734 1229 2773 ad

160 2909 210 2958 (a)⁴
237 2906 405 2943 Calvinus
431 2910 506 2945 Lib.
534 2912 592 2946 tv.
618 2912 734 2950 Instit.
760 2927 835 2961 cap.
867 2916 920 2950 15.
949 2928 1045 2951 num.
1076 2929 1128 2951 10.
1155 2917 1230 2952 haec

115 2951 250 3006 effutire
274 2965 341 2987 non
368 2964 418 2989 est
444 2958 575 2992 veritus
597 2974 604 2990 τ
633 2962 734 3006 Quod
758 2971 867 2996 antem
890 2966 1006 2997 multis
1026 2965 1148 2998 abhinc
1168 2978 1228 2997 sae-

116 3000 232 3038 culis,
268 3002 416 3046 adeoque
441 3005 483 3035 ab
508 3002 583 3046 ipso
607 3007 691 3049 sere
717 3008 883 3042 Ecclesia
921 3012 1065 3043 exordio
1089 3024 1149 3044 usn
1177 3024 1231 3044 re-

115 3053 245 3088 ceptum
261 3046 365 3088 filil,
389 3052 478 3081 utin
502 3055 655 3091 periculo
681 3058 798 3086 mortis
825 3057 909 3088 laici
935 3057 1170 3099 baptizarent,
1199 3059 1232 3090 si

62 3114 75 3123 ³
113 3094 272 3124 minister
299 3097 333 3126 in
361 3103 506 3137 tempore
532 3109 596 3128 non
622 3099 787 3138 adesset,
831 3112 896 3132 non.
923 3104 1046 3142 video,
1079 3116 1141 3146 qna
1157 3103 1232 3147 fir-

112 3149 167 3171 ma
191 3143 323 3172 ratione
349 3142 493 3184 (ἰν-[εικῆ
520 3150 640 3186 ‹luent-
677 3143 807 3176 Totum
845 3153 962 3178 autern
987 3148 1123 3180 Calvini
1152 3150 1232 3181 fun-

112 3180 319 3218 damentum
345 3185 409 3220 hoc
434 3197 508 3221 erat
526 3209 536 3227 ‚
578 3186 674 3232 qnod
699 3190 793 3221 nulla
820 3189 864 3222 sit
889 3190 1054 3235 baptismi
1081 3195 1232 3226 necessi-

118 3234 170 3279 238
195 3229 237 3263 ad
261 3231 432 3265 salutem.
461 3233 646 3268 Debuisset
664 3244 780 3268 autem
807 3235 932 3279 impius
951 3236 1233 3282 lta‘resiarcapo-

115 3280 186 3307 tius
210 3288 227 3308 e
253 3288 418 3313 converso
443 3281 603 3324 colligere
620 3303 629 3321 ,
669 3293 841 3314 snnnnatn
878 3292 952 3314 esse
978 3281 1082 3326 hujus
1109 3284 1232 3318 Sacra-

119 3321 228 3373 menti
253 3326 515 3366 necessitatem,
542 3339 619 3360 cum
643 3328 799 3361 Ecclesia
826 3327 869 3361 ab
896 3327 973 3372 ipso
1000 3339 1063 3362 sno
1085 3332 1230 3364 exordio

117 3368 312 3409 permiserit
336 3371 435 3425 Lg'cis
472 3384 595 3418 pueros
622 3375 655 3406 in
681 3382 840 3407 extremo
867 3374 1023 3417 periculo
1060 3376 1230 3410 constitu-

223 3411 460 3480 Gazzaniga
493 3417 622 3460 Theol.
652 3419 766 3460 Tom.
795 3419 901 3460 Vm.

1287 1939 1360 1982 gat
1373 1960 1385 1979 ,

2276 152 2358 205 197

1293 234 1378 271 cap.
1402 220 1465 257 lll.
1499 219 1677 271 Dionysii
1712 221 1896 274 Areopag.
1930 224 1990 262 De
2026 227 2174 266 calesti
2205 226 2317 267 Hier.
2347 243 2411 267 ex-

1294 287 1419 325 presso
1450 274 1586 320 tradit,
1616 274 1715 325 quod
1746 275 1838 311 sicut
1872 277 2081 317 Pin-„tmesi
2114 292 2265 332 ponunt
2296 282 2411 320 ‘ioce-

1294 340 1338 364 re
1356 355 1366 373 ,
1395 327 1444 366 ἔν’
1465 325 1614 363 donum
1643 325 1788 374 offerre
1805 357 1814 373 ,
1846 340 1923 364 non
1945 325 2080 376 aunem
2110 348 2153 370 or
2169 335 2298 373 hadre
2318 367 2328 384 ,
2361 338 2411 374 112

1294 379 1459 418 Diaconi
1490 389 1639 429 possunt
1670 379 1809 417 (locere
1830 410 1839 427 ,
1870 394 1949 418 non
1978 394 2114 421 autern
2144 386 2343 435 naptham»
2364 417 2374 427 .

1352 431 1444 471 580.
1476 431 1587 484 Resp.
1606 463 1616 480 ,
1647 433 1913 486 Epiplianinm
1945 450 2022 472 csse
2041 437 2334 481 'intellituemluin
2364 443 2411 480 «lu

1291 485 1483 537 baptismo
1516 486 1734 524 solemniter
1763 485 1813 530 ab
1844 486 2058 539 Episcopo,
2099 491 2156 527 vel
2191 492 2410 539 Presbytero

1291 539 1428 578 collato
1444 570 1455 587 ‚
1487 541 1617 592 inqua
1639 540 1871 577 solemnitate
1890 542 2144 580 Diacouormn
2177 541 2313 583 :nunni
2334 561 2412 586 crat

1294 594 1554 634 tantummodo
1590 593 1802 645 Episcopo,
1835 594 1894 630 vel
1918 595 2138 647 Presbytero
2174 599 2410 638 ministrare.

1348 646 1440 685 581.
1470 647 1510 685 S.
1542 647 1739 686 Maximus
1767 657 1893 684 autem
1927 649 2075 686 videtur
2114 649 2219 702 loqui
2249 653 2294 688 de
2326 668 2410 703 pei--

1294 700 1393 738 fecto
1422 700 1639 752 baptismo,
1687 701 1842 752 quando
1871 702 1905 739 ei
1949 702 2249 753 conjunge-bitur
2278 705 2412 744 Sacra..-

1294 763 1463 791 mentum
1495 753 1820 802 confirmationis,
1864 756 1964 806 quod
1997 758 2145 794 nonnisi
2177 759 2226 796 ab
2257 758 2412 809 Episco-

1293 820 1344 859 po
1371 808 1535 845 conferri
1566 817 1707 859 potest.
1749 809 1802 845 lta
1831 810 1934 846 enim
1964 809 2004 846 S.
2037 809 2189 862 Martyr
2219 815 2414 864 prosequi-

1295 870 1376 898 tur:
1408 860 1500 898 Non.
1529 866 1638 899 enim
1667 859 1817 898 dabunt
1845 862 2032 912 Spiritum
2063 874 2250 903 sancnim
2268 896 2277 913 ,
2316 870 2415 903 sicul:

1294 927 1420 964 neque
1450 913 1643 967 Philippus
1673 914 1880 953 Diaconus
1924 919 1964 952 in.
1996 917 2103 955 Actis
2141 917 2281 957 Sauct.
2313 920 2415 970 Apo-

1297 968 1483 1005 stolorum
1501 994 1511 1007 .

1658 1021 1959 1061 I'ROPOSlTlO
1990 1025 2055 1062 lll.

1299 1128 1541 1166 Imminente
1567 1129 1737 1178 periculo
1759 1133 1895 1167 mortis
1924 1134 2048 1168 etiam
2070 1131 2186 1170 Laici
2215 1138 2414 1185 utriusque

1345 1192 1497 1226 sexus‚·
1540 1186 1664 1219 immo
1683 1212 1692 1229 ,
1729 1184 1777 1222 Θ·
1807 1182 1964 1232 λαλεεί,
1994 1186 2051 1222 vel
2083 1186 2262 1227 Gentiles
2290 1187 2415 1239 bapti-

1349 1247 1443 1272 zare
1471 1245 1633 1285 possunt
1664 1236 1727 1285 (a)
1746 1261 1755 1273 .

1347 1341 1438 1381 582.
1457 1318 1594 1386 Proh.
1622 1345 1752 1393 primo
1781 1344 2001 1383 auctoritate
2030 1353 2201 1385 veterum
2232 1347 2387 1386 Patrum
2406 1379 2417 1396 ‚

1292 1395 1552 1436 Tertullianus
1596 1397 1634 1433 in
1664 1410 1767 1449 saepe
1808 1397 1969 1449 allegato
1997 1413 2084 1451 cap.
2112 1414 2171 1452 17.
2202 1400 2266 1440 De
2308 1402 2417 1452 bapt.

1291 1450 1344 1487 ita
1372 1450 1525 1489 subdit:
1558 1449 1738 1501 Alioquin
1768 1455 1892 1488 etiam
1909 1453 2022 1489 laicis
2045 1454 2114 1504 jus
2134 1464 2214 1492 est.
2248 1456 2293 1493 Et
2316 1466 2417 1507 post-

1292 1517 1408 1555 quam
1439 1504 1617 1550 dixisset,
1661 1504 1710 1540 ab
1742 1503 1812 1542 hoc
1842 1503 1926 1554 jure
1970 1508 2182 1544 exercendo
2220 1509 2418 1547 abstinen-

1293 1558 1385 1593 dum
1418 1557 1463 1594 iis
1491 1570 1569 1594 esse
1585 1566 1739 1608 propter
1767 1557 1936 1594 debitam
1954 1561 2250 1609 verecundiam,
2282 1562 2316 1598 δι
2336 1576 2416 1600 mo-

1291 1610 1448 1647 destiam
1466 1639 1477 1657 ,
1508 1612 1557 1647 ita
1587 1609 1810 1646 concludit:
1839 1609 2023 1659 Sufficiat
2037 1614 2183 1651 scilicet
2205 1619 2246 1651 in
2276 1630 2414 1654 neces-

1290 1661 1469 1700 sitatibus
1505 1672 1545 1699 ut
1573 1666 1699 1700 utaris
1717 1693 1727 1709 ,
1757 1668 1856 1700 sicut
1886 1674 1955 1701 aut
1971 1666 2071 1714 loci,
2102 1677 2172 1704 aut
2201 1674 2417 1720 temporis,

1289 1726 1360 1754 aut
1388 1729 1569 1765 personae
1598 1715 1769 1754 conditio
1799 1719 2021 1767 compellit:
2058 1729 2151 1758 tunc
2180 1726 2292 1760 enim
2322 1737 2416 1761 con-

1290 1773 1442 1808 stantia
1469 1774 1734 1808 succurrentis
1749 1774 1966 1819 excipitur,
1996 1785 2088 1810 cum
2109 1785 2220 1826 urget
2243 1781 2415 1815 circum-

1291 1827 1445 1861 stantia
1476 1824 1737 1875 periclitantis
1754 1850 1764 1861 .
1795 1824 1835 1861 S.
1859 1824 2116 1878 Hieronymus
2137 1830 2176 1866 in
2194 1829 2306 1868 Dial.
2327 1831 2419 1869 adr.

1291 1875 1578 1927 Luciferianos
1593 1878 1743 1928 inquit:
1776 1875 2011 1928 Baptizare,
2042 1884 2074 1918 si
2103 1887 2325 1921 necessitas
2355 1895 2418 1922 co·

1428 1933 1576 1967 scimus
1605 1934 1729 1967 etiam
1760 1930 1878 1968 licere
1907 1932 2048 1971 laicis.
2093 1934 2140 1972 Et
2168 1935 2209 1974 S.
2243 1938 2421 1990 Augusti-

1295 1997 1369 2021 nus
1397 1983 1486 2022 Lib.
1516 1984 1564 2021 11.
1602 1993 1744 2022 contra
1787 1986 1996 2034 epistolam
2030 1987 2295 2028 Parmeniani
2333 2005 2419 2045 cap.

1302 2037 1364 2076 15.
1393 2038 1440 2075 de
1468 2037 1696 2090 baptismoa
1718 2038 1826 2076 laicis
1854 2039 1941 2077 dato
1971 2039 2151 2093 loquens,
2181 2042 2330 2093 Nulla,
2362 2047 2421 2083 in-

1296 2092 1408 2143 quit,
1437 2094 1677 2130 necessitate
1700 2102 1866 2144 cogente
1894 2097 1927 2131 si
1945 2094 2060 2147 fiat,
2089 2097 2213 2134 alieni
2242 2103 2421 2137 muneris

1297 2149 1502 2195 usurpatio
1530 2153 1588 2183 est
1609 2159 1622 2182 .·
1660 2149 1694 2183 .ςί
1722 2155 1859 2184 autem
1890 2152 2109 2187 necessitas
2138 2161 2278 2203 urgeat
2296 2183 2306 2200 ‚
2350 2161 2422 2190 aut

1297 2199 1477 2248 nullum,
1508 2209 1580 2237 aut
1609 2200 1762 2238 veniale
1792 2199 1977 2238 delictum
2007 2212 2085 2240 est.
2117 2204 2285 2242 Demum
2317 2205 2423 2242 mul-

1296 2260 1334 2290 to
1362 2263 1471 2290 antea
1502 2254 1538 2290 in
1566 2253 1742 2290 Concilio
1773 2252 2023 2292 Elliberitano
2053 2270 2152 2294 anno
2194 2259 2286 2294 circ.
2324 2259 2418 2296 500.

1296 2319 1383 2344 can.
1402 2306 1469 2344 58.
1498 2314 1676 2343 statutum
1708 2307 1856 2354 fuerat,
1891 2307 2063 2359 filelem
2094 2309 2301 2357 quemlibet
2329 2324 2418 2360 pos-

1295 2372 1365 2408 se,
1395 2363 1428 2396 si
1459 2358 1648 2396 Ecclesia
1677 2362 1718 2396 in
1747 2364 1932 2408 proximo
1961 2374 2042 2398 non
2057 2361 2216 2412 suerit,
2245 2368 2420 2416 peregri-

1294 2422 1463 2450 nantem
1493 2411 1826 2450 cateclzumenum
1855 2417 1896 2450 in
1926 2419 2165 2454 necessitate
2203 2417 2421 2470 infirmita-

1297 2470 1349 2504 tis
1376 2470 1544 2515 positum
1576 2464 1776 2517 baptizare
1799 2494 1810 2504 .

1350 2519 1442 2558 585.
1471 2520 1510 2557 S.
1543 2519 1710 2557 Thomas
1741 2520 1779 2558 in
1812 2519 1881 2559 hac
1910 2532 2045 2574 quaest.
2071 2521 2137 2573 67.
2167 2533 2238 2562 art.
2270 2525 2308 2564 5.
2341 2534 2423 2577 post

1298 2571 1500 2625 allegatam
1543 2575 1805 2611 auctoritatem
1834 2574 1979 2613 Gelasii
2013 2575 2148 2628 Papae,
2192 2579 2225 2614 ἃ
2260 2579 2420 2628 Isidori,

1295 2627 1362 2678 qui
1393 2626 1431 2664 id
1460 2628 1651 2678 conceptis
1681 2627 1807 2665 verbis
1837 2629 2014 2676 tradunt,
2046 2631 2095 2667 ita
2129 2631 2315 2681 profunde
2339 2646 2420 2670 mo-

1296 2692 1337 2717 re
1365 2692 1432 2718 suo
1462 2681 1730 2718 ratiocinatur:
1751 2711 1776 2728 „
1802 2682 1856 2719 Ad
1882 2683 2180 2720 misericordiam
2213 2684 2318 2735 ejus,
2349 2687 2419 2738 qui

1296 2731 1378 2773 vult
1405 2747 1536 2773 omnes
1567 2733 1742 2773 homines
1769 2733 1893 2774 salvos
1922 2735 2035 2785 fieri,
2085 2738 2271 2788 pertinet,
2311 2748 2349 2775 ut
2380 2741 2418 2776 in

2278 2790 2339 2830 his
2356 2822 2367 2840 ,

1299 2925 1352 2952 tos
1378 2917 1581 2964 baptizare5
1607 2917 1727 2965 utique
1755 2929 1822 2954 non
1849 2918 1916 2953 alia
1941 2914 1983 2953 de
2012 2930 2138 2962 causa,
2163 2919 2229 2954 nisi
2257 2919 2292 2954 in
2315 2927 2418 2953 aeter-

1300 2977 1384 2999 num
1413 2978 1479 2999 non
1515 2966 1697 3011 perirent.
1733 2966 1920 2999 Calvinum
1959 2967 2119 3012 seqnitur
2145 2968 2226 3000 Ger.
2252 2969 2306 3001 Jo·
2334 2967 2421 2999 Vos-

1299 3012 1370 3045 sius
1390 3036 1400 3054 ,
1425 3013 1486 3057 qui
1514 3021 1629 3046 tamen
1656 3013 1785 3045 fatetur
1809 3025 1851 3046 ex
1880 3012 1945 3046 fide
1970 3014 2023 3046 Jo.
2051 3014 2248 3048 Casauboni
2266 3035 2277 3055 ,
2304 3025 2320 3045 a
2338 3013 2421 3046 Cal<

1299 3058 1438 3092 vinistis
1467 3059 1588 3103 Anglis
1624 3057 1717 3092 aliud
1751 3058 1898 3092 doceri.
1937 3060 2058 3093 Petrus
2085 3059 2260 3093 Arc-udins
2289 3059 2364 3092 Lib.
2393 3060 2418 3089 l·

1303 3103 1360 3137 De
1385 3106 1550 3149 baptismo
1577 3116 1652 3150 cap.
1683 3117 1735 3138 ιι.
1763 3107 1908 3139 Graecos
1933 3105 2108 3151 quosdam
2135 3114 2301 3144 accusat,
2328 3101 2419 3148 quod

1300 3151 1459 3192 malint,
1495 3163 1620 3196 pueros
1646 3151 1719 3184 sine
1746 3152 1922 3197 baptismo
1945 3153 2059 3197 perire
2076 3173 2088 3194 ,
2123 3163 2229 3197 (stiam
2255 3164 2272 3184 a
2302 3150 2413 3183 [micis

1299 3194 1470 3241 baptizari
1487 3220 1495 3229 .
1538 3196 1706 3242 Ejusdum
1733 3199 1860 3232 erroris
1886 3207 2094 3232 accusantur
2122 3198 2261 3231 Armeni
2291 3209 2308 3229 a
2335 3196 2413 3228 Cle-

1297 3251 1414 3276 mente
1440 3244 1575 3278 Galano
1601 3245 1702 3278 Tom.
1725 3246 1767 3278 ll.
1796 3245 1831 3277 Ρ.
1860 3245 1900 3278 ll.
1928 3246 2114 3278 Conciliat.
2146 3244 2311 3277 Eccleciae
2343 3239 2413 3271 Ar·

1298 3299 1396 3321 men-e
1421 3301 1494 3323 cnm
1520 3291 1667 3324 Romana
1705 3299 1790 3325 sect.
1817 3290 1850 3334 4.
1867 3313 1877 3330 ,
1913 3293 1970 3336 qui
1998 3291 2104 3323 etiam
2141 3289 2321 3322 nonnullas
2347 3286 2414 3332 Al·-

1297 3343 1481 3413 πιΐηρτιιῐη
1518 3336 1719 3372 levissimas
1745 3337 1960 3382 objectiones
1986 3336 2109 3377 affert,
2147 3338 2179 3367 ἃς
2203 3333 2302 3366 facile
2338 3328 2414 3360 ‹1¹⁵-

1298 3389 1336 3414 50
1353 3388 1402 3413 v¹t
1424 3403 1431 3413 .

1820 3425 1868 3463 25
