2605 3624
2343 147 2420 190 εἰ(

165 332 362 451 Cum
398 389 537 458 jussu
572 390 999 441 Reverendissimi
1038 393 1092 441 P.
1118 391 1171 440 F.
1196 384 1524 440 Baithassaris
1559 388 1623 437 de
1645 389 1944 453 Quinnoues
1982 391 2130 443 totius
2149 395 2268 444 Ord.
2296 396 2479 448 Praezl.

214 482 225 498 “
293 470 559 523 Generalis
595 472 824 538 Magistri
858 473 1075 538 primum
1109 473 1351 523 volumen
1387 473 1450 520 de
1487 470 1821 520 Sacramen'tis
1857 483 2059 522 auctore
2099 479 2233 526 A.R.
2257 479 2309 526 P.
2331 481 2398 530 M.
2416 482 2469 528 12'.

291 556 455 604 Petro·
479 553 769 620 Gazzaniga
792 591 806 613 ,
831 564 1024 602 attente
1046 592 1059 613 ‚
1093 564 1142 602 et
1176 553 1395 602 maxima
1429 551 1588 600 animi
1622 550 1882 617 voluptate
1905 553 2239 621 perlegerim,
2276 559 2342 608 ita
2379 561 2478 612 hoo

292 636 506 687 alterum
541 633 650 702 pari
683 634 974 700 diligentia,
1005 653 1102 684 nec
1139 634 1321 683 minori
1357 634 1672 701 jucunditate
1707 633 1960 699 percurri:
1999 652 2215 704 cumque
2253 641 2475 690 nihilre-

295 717 548 788 pereritn,
575 715 723 783 quod
760 714 1014 765 Ecclesiae
1051 716 1405 780 dogmatibus,
1438 715 1835 783 Christianisque
1864 709 2089 774 moribus
2111 719 2476 773 velminimum

297 801 620 856 adversetur,
648 795 744 846 sed
781 796 952 845 omnia
986 813 1016 844 a
1046 796 1340 846 Clarissimo
1372 797 1487 848 viro
1524 809 1626 849 tam
1658 797 1956 864 perspicue,
1990 802 2253 869 solideque
2289 814 2480 868 pertra-

294 891 428 932 ctata
482 877 894 938 observaverim,
945 889 1001 928 ut
1046 878 1416 929 morosioribus
1464 879 1620 946 vplane
1666 878 1985 941 satisfacere,
2036 894 2084 932 et
2134 881 2480 933 solertioribus

294 960 560 1026 multiplici
597 959 890 1010 eruditionis
921 978 1114 1028 genere
1143 958 1402 1011 cumulate
1438 961 1657 1011 arridere
1691 960 1897 1023 valeat,
1946 959 2138 1014 idcirco
2190 964 2368 1033 praelo
2404 965 2482 1015 di-

292 1059 451 1108 gnum
487 1059 698 1091 censeo.

158 1203 363 1259 Dabam
397 1200 654 1255 Bononiae
687 1202 740 1253 in
767 1201 1039 1254 Co'enobio
1076 1204 1124 1255 S.
1159 1204 1214 1252 P.
1252 1203 1507 1256 Dominici
1543 1205 1622 1256 die
1659 1207 1706 1256 6.
1745 1205 1978 1257 Octobris
2022 1212 2161 1275 1793.

726 1369 809 1415 Fr.
890 1366 1148 1414 'insensiles
1182 1368 1430 1430 Aloysz‘us
1468 1369 1716 1430 Gandolsc‘
1746 1371 1858 1418 ord.
1895 1373 2078 1421 Praed.

566 1447 618 1501 z‘n
652 1451 800 1498 Prov.
833 1449 973 1510 illag.
984 1482 1000 1506 ,
1037 1458 1091 1495 et
1120 1450 1495 1498 Ιηείιῖιιίιόηαηι
1531 1453 1576 1498 T
1579 1451 1945 1516 lzeologicarum
1979 1453 2276 1521 Prcffessor.

791 1641 1282 1658 -—-—0——---—-·-.
1291 1642 1345 1659 ,-
1354 1641 1580 1660 Ι--’·-1-·-
1588 1645 1841 1665 —·--—

157 1711 351 1836 Jussis
387 1770 810 1822 Reverendissimi
856 1773 910 1819 P.
949 1772 1026 1820 Fr.
1064 1770 1390 1824 Balthassaris
1443 1771 1505 1821 de
1541 1769 1841 1837 Quinnones
1876 1775 2096 1826 universi
2140 1778 2340 1829 Ordinis
2385 1780 2481 1829 1⁷1³.

292 1853 703 1904 Praedicatorum
753 1853 1016 1904 Generalis
1059 1855 1290 1921 Magistri
1330 1865 1623 1905 ‘reverenter
1671 1856 2042 1924 obsequuturus
2093 1856 2317 1926 perlegi,
2370 1860 2471 1910 fere

297 1951 464 1986 annus
503 1946 606 1995 est,
638 1935 856 2001 primam
890 1938 1115 1994 Partem,
1151 1954 1285 1986 nunc
1317 1952 1444 1984 vero
1472 1937 1758 1987 secundam
1795 1941 2061 1990 Tractatus
2098 1941 2160 1988 de
2188 1942 2485 1990 Sacramen-

297 2015 359 2064 tis
396 2016 461 2065 ab
498 2019 563 2065 A.
603 2021 660 2068 R.
700 2019 754 2064 P.
791 2019 863 2065 M.
900 2017 978 2063 Fr.
1014 2017 1161 2064 Petro
1197 2017 1359 2067 Maria
1394 2016 1687 2084 Gazzaniga
1730 2016 1786 2066 in
1824 2021 2054 2086 Augusta
2096 2020 2480 2072 Vindobonensi

294 2096 630 2148 Universitate
673 2095 884 2147 emerit-o
938 2096 1226 2148 Professore
1278 2096 1589 2147 elucubrati.
1646 2094 1830 2147 Omnia
1875 2102 2145 2167 utrobique
2196 2102 2335 2168 paria
2389 2103 2476 2151 de-

287 2177 569 2242 prehendi3
604 2177 795 2227 selecta
826 2193 1015 2241 nempe
1039 2215 1051 2234 ,
1084 2176 1386 2242 ‘gravissima
1410 2215 1422 2236 ,
1456 2189 1505 2226 et
1536 2178 1780 2229 adversus
1816 2181 2052 2245 profanas
2083 2199 2197 2231 cum
2224 2196 2473 2244 veterum,

293 2267 400 2307 turn
436 2258 771 2308 recentiorum
810 2258 1132 2324 quorundam
1167 2258 1415 2308 novitates
1446 2270 1604 2324 apte,
1639 2260 1933 2329 eruditeque
1956 2263 2132 2311 tradita
2161 2300 2171 2311 .
2208 2265 2481 2331 Propterea

297 2355 616 2405 summopere
648 2338 944 2407 gratulans,
996 2348 1046 2385 et
1080 2339 1357 2388 secundam
1405 2338 1540 2391 hanc
1573 2340 1775 2390 Partem
1824 2343 1954 2410 typis
2009 2343 2316 2411 vulgandam
2363 2366 2472 2397 esse

297 2438 519 2481 censeo,
568 2430 619 2471 et
652 2421 924 2469 Auctorem
961 2420 1091 2469 Clar.
1120 2418 1404 2487 ‘impensius
1441 2439 1589 2487 rogo,
1642 2432 1698 2470 ut
1731 2440 1822 2488 pro
1869 2441 1961 2473 suo
1998 2442 2115 2491 erga
2152 2427 2472 2478 Catholicam

289 2501 607 2569 Religionem
643 2501 844 2560 studio,
882 2518 950 2550 ⁴ac
986 2519 1077 2567 pro
1113 2519 1201 2562 ea,
1240 2518 1340 2569 qua
1375 2500 1424 2549 in
1461 2501 1567 2567 ipsa
1605 2513 1768 2552 aetate
1808 2504 1910 2569 jam
1947 2520 2272 2571 gravescente
2313 2510 2478 2575 pollet

289 2581 508 2646 ingenii,
542 2582 850 2641 memoriae,
886 2579 1240 2650 scribendique
1276 2581 1543 2643 facultate,
1579 2584 1862 2637 Novatores
1898 2606 2251 2663 compescere,
2300 2602 2344 2639 ct
2381 2593 2474 2639 Ec·

287 2660 600 2713 clesiasticae
635 2662 840 2712 militiae
876 2665 1186 2715 Candidatos
1234 2665 1455 2724 docere,
1507 2666 1646 2733 quod
1684 2682 1777 2734 per
1827 2667 2089 2738 hucusque
2143 2683 2282 2723 'actu-e
2340 2673 2479 2723 =„itae

298 2753 498 2809 tempus
533 2745 679 2795 enixe
714 2743 988 2813 praestitit,
1023 2747 1188 2797 adhuc
1221 2756 1434 2814 pergat.

160 2900 349 2956 Datum
382 2904 641 2956 Bononiae
679 2905 729 2956 in
764 2907 1034 2960 'Conventu
1066 2903 1240 2961 'Sancti
1276 2908 1435 2958 Patris
1471 2908 1723 2962 Dominici

486 2985 569 3036 die
608 3007 684 3039 10.
722 2990 1033 3056 Septembris
1070 3009 1205 3040 anuo
1249 2996 1390 3058 ¹793·

1026 3154 1106 3202 Fr.
1141 3152 1269 3202 Pius
1305 3155 1365 3203 V
1360 3154 1602 3203 incemz'zcs
1635 3159 1680 3203 Z
1684 3155 1826 3204 ιιηίηἰ
1857 3159 1972 3206 Ord.
2016 3159 2195 3207 Praed.

1220 3237 1329 3284 δας.
1373 3239 1419 3285 T
1420 3237 1607 3300 lecolog.
1647 3247 1699 3284 et
1734 3240 1868 3287 Stud.
1906 3242 2045 3299 Mag.
