2605 3624
283 86 347 146 54⁴
992 89 1256 132 msstsitr.
1282 90 1337 132 v.
1376 90 1505 133 CAP.
1538 91 1596 133 v.
1631 89 1767 134 ΑΜ.
1791 88 1872 133 111.

222 168 406 205 Ecclesiae
437 163 553 202 fidem
593 163 819 212 retinuerit,
866 164 900 200 ἀ
942 167 1057 204 modo
1093 166 1347 216 profiteatur?

219 220 267 258 Et
295 218 581 255 communiones
611 216 690 253 illae
712 217 1023 256 Nestorianorum
1042 249 1052 266 ,
1084 219 1346 272 Eutychiano-

221 283 308 308 rum
327 269 396 307 ἃς.
425 269 504 320 jam
535 284 557 308 a
585 271 717 322 quinto
745 272 916 320 saeculo,
947 285 1020 309 non
1050 272 1172 310 solum
1203 274 1251 311 ab
1275 274 1346 312 Ec-

222 321 338 361 clesia
369 323 537 361 Romana
565 325 713 362 omium
746 335 893 373 matre,
926 326 958 360 8<
980 327 1184 376 magistra,
1216 331 1277 364 sed
1309 341 1346 363 e-

224 376 316 414 tiam
347 390 368 413 a
397 376 564 423 Graeca,
594 375 627 412 8<
657 391 678 413 a
707 378 840 428 seipsis
870 387 1052 429 separatae
1084 380 1245 428 suerint,
1277 394 1346 416 un-

222 429 268 465 de
298 430 481 481 dogmatis
524 430 629 466 istius
672 429 789 467 sidem
821 430 974 468 haurire
1006 441 1228 482 potuerunt,
1272 432 1345 468 nisi

222 496 244 518 a
266 483 478 532 primorum
494 481 648 521 Patrum
668 486 853 521 constanti
871 514 881 532 ,
912 492 1025 535 atque
1048 485 1253 522 universali
1271 493 1345 521 tra-

223 535 388 573 ditione?

278 589 369 634 524.
401 587 586 626 Praeterea
615 588 702 627 haec
732 588 865 626 fictitia
895 589 1051 626 mutatio
1079 587 1138 625 vel
1162 596 1316 639 repente
1335 617 1345 634 ,

222 655 269 679 ae
298 642 525 680 sensibiliter
555 643 654 679 facta
685 643 839 688 suisset,
877 641 936 679 vel
969 640 1153 691 paulatim
1173 670 1182 688 ,
1223 641 1256 675 ὅ(
1288 642 1346 676 in-

220 696 473 733 sensibiliter:
517 705 721 746 utrumque
763 703 888 731 autem
933 693 1161 730 incredibile
1193 706 1342 744 prorsus

221 757 299 785 est.
332 747 561 785 Incredibile
591 756 642 784 est
674 748 844 797 primum
864 776 873 792 ,
905 746 1025 782 immo
1056 744 1169 797 plane
1201 746 1343 782 ridicu-

220 800 328 837 lum:
370 809 555 852 oporteret
584 801 684 837 enim
717 800 888 849 fingere,
936 811 1064 836 omnes
1107 798 1238 836 fideles
1267 800 1344 836 sine

218 854 537 904 disputationibus
555 882 564 899 ,
594 853 672 889 siue
693 851 989 888 contradictione
1010 880 1020 897 ,
1051 853 1130 889 sine
1151 851 1342 899 conciliis,

217 908 346 943 nescio
374 918 450 956 quo
480 907 624 956 impetu
660 905 697 941 in
741 903 840 941 hanc
885 904 1221 956 metamorphosim
1253 918 1341 942 con-

218 961 402 1009 spirasse3
442 959 491 994 ita
521 966 557 994 ut
586 957 794 1009 aliquando
825 971 900 994 una
930 971 1018 994 cum
1051 959 1183 995 nostris
1212 958 1341 999 Calvi-

216 1012 322 1048 nistis
351 1010 603 1058 crediderint,
634 1023 770 1061 corpus
799 1010 886 1047 Jesu
907 1009 1046 1048 Christi
1076 1011 1273 1049 dumtaxat
1303 1013 1341 1050 in

217 1064 326 1100 coelis
356 1066 539 1111 existens,
577 1076 652 1100 non
684 1064 867 1100 contineri
900 1064 936 1101 in
968 1063 1037 1100 hoc
1066 1063 1340 1113 Sacramento,

215 1118 290 1154 nisi
321 1118 359 1154 in
390 1116 539 1167 figura,
568 1131 611 1154 ac
629 1126 824 1168 propterea
854 1117 935 1153 sine
966 1117 1193 1155 idololatriae
1224 1118 1341 1156 scele-

215 1183 257 1206 re
285 1184 306 1206 a
337 1170 516 1207 fidelibus
545 1170 650 1207 cultu
681 1169 800 1207 latriae
833 1170 981 1207 adorari
1013 1184 1086 1208 non
1118 1184 1249 1223 posse:
1279 1172 1341 1208 die

216 1231 343 1261 autem
373 1225 565 1275 sequenti,
598 1231 741 1260 mutata
771 1231 923 1275 repente
939 1223 1141 1273 opinione,
1172 1225 1342 1262 credide-

216 1277 320 1324 rint,
352 1286 391 1313 ut
422 1290 484 1314 nos
513 1276 730 1323 credimus,
760 1289 896 1327 corpus
925 1276 1068 1313 Christi
1099 1276 1130 1312 ἅ
1162 1278 1201 1314 in
1231 1277 1342 1316 coelis

218 1343 320 1377 esse,
349 1329 382 1365 ἃ
413 1329 912 1366 siuml'sacramentaliter
942 1330 1011 1366 sub
1041 1331 1242 1381 speciebus
1273 1346 1342 1382 pa-

215 1384 294 1429 nis,
324 1381 358 1417 δ(
379 1383 457 1419 vini
478 1382 691 1429 contineri,
721 1391 832 1433 atque
862 1395 938 1424 esse
967 1382 1175 1421 latreuticae
1207 1384 1342 1422 adora·

215 1435 328 1471 tionis
357 1433 573 1484 objectum.

269 1487 361 1525 525.
393 1487 432 1523 ld
462 1487 575 1538 plane
606 1486 832 1524 incredibile
862 1501 938 1524 esse
969 1488 1096 1525 vident
1127 1487 1159 1523 8<
1182 1488 1252 1539 ipsi
1275 1489 1341 1526 ad-

212 1540 395 1577 versarii:
429 1539 683 1592 quamobrem
714 1540 760 1577 ad
791 1541 1038 1578 mutationem
1069 1542 1341 1579 insensibilem

212 1593 414 1644 confugere
443 1592 584 1632 solent.
632 1592 705 1631 Sed
736 1592 820 1630 haec
851 1594 965 1631 etiam
996 1594 1233 1632 incredibilis
1263 1605 1339 1632 est:

214 1648 436 1697 oportuisset
465 1649 598 1695 enim,
642 1645 757 1697 hujus
787 1647 1007 1685 mutationis
1036 1647 1193 1699 aliquod
1223 1648 1338 1686 fuisse

216 1700 441 1747 exordium,
485 1702 523 1738 in
551 1712 628 1752 quo
656 1701 804 1737 nonnisi
837 1701 947 1752 pauci
980 1702 1224 1752 praesentiam
1258 1716 1339 1740 rea-

214 1751 292 1789 lem
322 1753 473 1790 credere
502 1754 701 1804 coepissent
721 1762 850 1790 contra
872 1752 1058 1804 majorem
1078 1784 1088 1801 ,
1120 1756 1239 1792 immo
1261 1770 1342 1793 ma-

215 1807 361 1843 ximam
389 1806 556 1843 aliorum
587 1805 874 1843 multitudinem
893 1837 903 1854 ,
940 1808 1005 1858 qui
1039 1807 1146 1857 juxta
1176 1817 1341 1846 veterem

215 1860 424 1896 doctrinam
442 1859 626 1896 Ecclesiae
657 1873 740 1896 eam
771 1860 982 1910 negabant3
1011 1860 1149 1898 deinde
1172 1874 1342 1912 progres-

215 1923 299 1948 sum
319 1941 329 1959 ,
372 1913 410 1949 in
438 1925 514 1963 quo
541 1912 773 1949 Novatorum
804 1926 984 1950 numerus
1013 1914 1149 1951 sensim
1188 1929 1344 1965 augere-

221 1974 307 2011 tur,
341 1974 378 2002 ut
407 1973 499 2002 esset
528 1966 679 2003 tandem
709 1975 878 2002 veterum
909 1979 1066 2004 numero
1087 1967 1273 2019 aequalis3
1303 1981 1346 2005 ac

221 2018 377 2055 demum
409 2017 527 2055 finem
546 2047 556 2066 ,
591 2031 669 2070 quo
696 2019 877 2056 sententia
907 2021 1119 2069 praesentiae
1148 2020 1262 2057 realis
1291 2021 1347 2058 fa-

222 2081 281 2108 cta
312 2071 440 2108 fuisset
469 2072 575 2122 quasi
597 2072 812 2109 communis
829 2101 840 2120 ,
870 2073 1001 2123 paucis
1023 2072 1320 2111 reclamantibus
1336 2103 1347 2120 ‚

221 2125 341 2160 donec
373 2123 406 2159 8<
437 2126 497 2161 isti
530 2127 642 2175 pauci
673 2125 719 2162 ad
750 2125 946 2162 silentium
976 2126 1115 2162 redacti
1139 2135 1282 2174 essent,
1312 2127 1346 2163 δε

221 2190 298 2213 nna
328 2176 434 2214 fieret
462 2179 636 2215 omnium
668 2190 738 2215 vox
757 2206 768 2225 ,
796 2178 988 2216 Christum
1021 2193 1098 2217 esse
1128 2181 1165 2217 in
1194 2179 1346 2218 Eucha—

225 2230 330 2266 ristia
360 2230 522 2267 realiter·
550 2240 777 2281 praesentem
797 2257 807 2268 .

277 2281 370 2325 326.
399 2283 484 2320 Jam
516 2296 605 2320 vero
632 2282 733 2321 bona
755 2283 829 2320 fide
849 2283 974 2322 dicant
990 2285 1195 2323 adversarii
1213 2316 1223 2333 ,
1253 2299 1347 2337 quo-

219 2336 332 2374 modo
362 2350 457 2374 nova
488 2337 702 2387 praesentiae
748 2336 860 2374 realis
902 2338 1032 2388 opinio
1075 2341 1251 2388 potuisset
1282 2353 1349 2390 per

222 2402 349 2426 omnes
369 2391 453 2426 istos
474 2391 610 2440 gradus
628 2391 728 2428 initii
746 2419 756 2438 ,
786 2403 1002 2441 progressus
1021 2421 1032 2438 ,
1063 2391 1097 2427 ἃ
1127 2391 1217 2430 finis
1246 2401 1348 2430 tran-

221 2442 323 2490 sire,
360 2443 455 2493 quin
487 2441 613 2493 plures
644 2444 680 2480 in
712 2457 750 2480 re
779 2445 870 2480 tanti
901 2446 1081 2482 momenti
1112 2445 1347 2483 contradice-

222 2503 331 2541 rent,
361 2497 454 2546 quin
485 2496 608 2533 turbae
638 2497 810 2534 excitatae
842 2497 1026 2546 fuissent,
1065 2497 1155 2536 libri
1187 2499 1346 2550 scripti,

220 2547 495 2598 disputationes
526 2548 695 2597 habitae,
725 2549 886 2587 concilia
917 2560 1071 2598 coacta,
1110 2550 1348 2590 definitiones

221 2600 364 2639 factae?
394 2601 470 2647 Qui
501 2602 540 2639 in
568 2603 722 2640 historia
744 2602 1011 2643 Ecclesiastica
1042 2604 1205 2656 hospites
1225 2607 1349 2644 omni-

221 2667 272 2691 no
301 2667 373 2692 non
403 2663 513 2703 sunt,
544 2657 707 2694 minime
738 2658 937 2708 ignorant,
967 2659 1280 2710 quotiescumque
1310 2673 1349 2695 a·

224 2705 345 2757 liquis
373 2718 529 2746 conatus
559 2719 613 2748 est
648 2711 856 2758 innovare,
899 2710 983 2748 hoec
1027 2713 1155 2749 onmia
1198 2723 1349 2760 semper

226 2760 451 2810 contigisse3
498 2772 537 2800 nt
567 2764 606 2802 in
643 2762 906 2801 celeberrimis
949 2763 1025 2801 illis
1058 2764 1350 2810 controversiis,

231 2825 320 2862 qnae
350 2815 560 2853 Orientales
589 2817 914 2864 Communiones,
949 2817 982 2853 8(
1012 2817 1225 2855 Ecclesiam
1254 2828 1352 2866 grae-

229 2876 320 2901 cam
361 2879 383 2902 a
414 2866 585 2907 Romana
613 2870 814 2908 infeliciter
843 2879 1093 2922 separarunt.
1141 2870 1263 2906 Immo
1296 2883 1352 2906 sa-

228 2917 276 2954 tis
306 2925 359 2954 est
388 2917 591 2958 hominum
621 2922 789 2961 indolem
810 2936 1060 2975 cognoscere,
1090 2930 1129 2960 ut
1157 2930 1351 2974 appareat,

231 2968 320 3007 lraec
350 2975 556 3010 necessario
585 2977 798 3026 contingere
827 2977 992 3021 debere3
1033 2988 1197 3028 quorum
1227 2983 1352 3014 tamen

228 3024 406 3061 omnium
429 3025 468 3062 in
485 3025 762 3066 Ecclesiasticis
788 3031 1043 3067 monumentis
1072 3029 1353 3080 praeteritorum

230 3085 448 3128 temporum
467 3107 477 3125 ,
521 3093 590 3115 nec
628 3081 753 3118 volam
772 3111 782 3128 ,
818 3097 886 3120 nec
917 3084 1118 3135 vestigium
1149 3091 1353 3134 potuerunt

231 3141 407 3181 unquam
437 3131 643 3170 adversarii
675 3134 869 3173 invenire.

278 3259 327 3295 (a)
364 3256 472 3289 Prlmi
509 3257 736 3298 calvinistae,
772 3259 877 3291 Ilenr.
906 3259 1125 3300 Boxornins,
1167 3263 1199 3293 &
1224 3259 1355 3295 Radul-

233 3300 324 3348 phus
355 3303 591 3349 Hospinianus
617 3304 840 3340 raso—timum
880 3314 991 3341 toturn
1027 3306 1063 3339 in
1098 3318 1165 3342 aere
1197 3320 1258 3343 suo
1282 3320 1354 3345 esse

1472 169 1564 218 527.
1593 168 1754 220 Fingere
1795 169 1908 219 igitur
1948 167 2158 220 oportebit,
2203 169 2458 209 universalem
2489 173 2528 210 in

1414 235 1454 260 re
1484 223 1573 260 tanti
1606 222 1786 259 momenti
1817 223 2062 259 mutationem
2099 224 2148 259 ita
2177 222 2451 261 insensibiliter
2478 234 2534 261 to-

1415 284 1450 312 to
1481 284 1669 312 terrarum
1697 275 1789 311 orbe
1820 274 1934 312 fuisse
1965 276 2129 323 factam,
2162 284 2200 312 ut
2230 290 2342 313 nemo
2362 277 2534 315 adverte-

1414 341 1455 364 re
1486 328 1675 378 potuerit,
1718 340 1787 363 nec
1816 328 1966 377 quando
1994 328 2225 366 Novatorum
2256 343 2438 367 numerus
2481 331 2534 369 ita.

1414 381 1602 427 creverit,
1635 388 1674 415 ut
1703 379 1871 428 antiquas
1902 380 1990 417 fidei
2022 382 2216 419 tenacibus
2247 392 2336 420 esset
2368 397 2460 434 pene
2482 396 2533 418 εε-

1413 431 1561 482 qualis,
1591 440 1703 481 atque
1735 432 1773 468 in
1795 431 1924 468 eadem
1949 435 2172 483 provincia,
2208 437 2245 472 in
2277 437 2406 473 eadem
2437 437 2534 473 civi-

1413 493 1514 530 tate,
1549 485 1584 519 iu
1616 483 1747 519 iisdem
1780 487 2043 532 monasteriis,
2086 496 2198 538 atque
2229 498 2266 526 nt
2298 491 2346 526 ita
2377 490 2535 536 dicam,

1414 538 1453 573 in
1485 536 1616 572 iisdem
1648 534 1807 571 familiis
1837 536 1957 586 aliqui
1987 538 2204 588 crederent,
2235 555 2370 593 corpus
2391 542 2533 579 Christi

1415 590 1452 626 in
1486 587 1553 624 hoc
1583 587 1827 624 Sacramento
1857 590 1980 639 reipsa
2009 591 2161 639 adesse,
2200 593 2370 646 illudque
2400 595 2535 632 ador-d..

1414 649 1524 688 rent,
1569 639 1637 677 alii
1668 653 1756 677 vero
1785 649 1912 677 contra
1949 650 2122 691 putarent
2155 644 2308 692 abesse,
2353 648 2386 683 8<
2425 646 2533 684 nullo

1414 693 1525 731 inodo
1554 693 1710 731 adorare
1740 693 1947 731 auderent.
1998 694 2159 744 Fingere
2193 697 2346 736 ulterius
2383 710 2530 752 oporte-

1412 747 1496 795 bit,
1526 755 1665 784 tantam
1697 747 1923 784 discordiam
1958 747 1995 783 in
2026 759 2064 784 re
2094 756 2169 784 tam
2200 752 2305 799 gravi
2337 746 2447 790 fuisse
2469 768 2532 790 ne-

1413 801 1504 838 dum
1536 815 1557 837 a
1589 800 1801 838 Pastoribus
1830 798 2044 847 Ecclesiae,
2087 802 2152 838 sed
2194 802 2306 838 etiam
2350 817 2372 840 a
2401 809 2537 844 ceteris

1412 855 1462 891 ita
1493 854 1732 905 neglectam,
1761 868 1805 890 ac
1834 855 1948 891 nauci
1980 853 2118 891 factam
2137 883 2147 902 ,
2178 863 2217 891 ut
2247 854 2416 904 ejusdem
2447 859 2534 894 nul-

1410 905 1448 944 la
1481 919 1632 959 prorsus
1664 907 1847 944 memoria
1876 907 2040 958 potuerit
2072 908 2118 944 ad
2162 916 2333 957 posteros
2357 912 2538 961 perveni-

1410 974 1474 998 re:
1505 974 1668 1011 quorum
1690 960 1852 997 duorum
1874 960 1968 1012 quid
1989 962 2106 1011 magis
2127 960 2336 999 absurdum
2356 963 2430 1011 sit,
2459 975 2540 1002 non·

1409 1013 1525 1052 facile
1555 1014 1717 1051 dixerim
1738 1039 1748 1050 .

1464 1067 1555 1105 528.
1585 1067 1684 1104 Sane
1715 1079 1843 1103 recens
1873 1065 1998 1103 adhuc
2029 1074 2106 1113 est,
2141 1065 2174 1102 &
2206 1081 2400 1119 nunquam
2431 1070 2533 1120 peri*

1407 1119 1464 1158 bit
1495 1121 1680 1157 memoria
1701 1119 1898 1156 turbarum
1918 1149 1928 1166 ,
1959 1133 2045 1170 quae
2075 1121 2115 1157 in
2135 1128 2210 1156 tota
2232 1121 2402 1158 Ecclesia
2421 1151 2431 1167 ,
2463 1124 2535 1159 im-

1408 1187 1472 1211 mo
1501 1174 1534 1209 &
1566 1172 1735 1210 iuCivili
1767 1171 1965 1223 republica
1995 1181 2133 1210 exortae
2151 1182 2257 1221 sunt,
2287 1176 2441 1224 quando
2460 1175 2534 1213 Lu-

1409 1226 1564 1274 therus,
1595 1225 1807 1276 Zwinglius
1829 1255 1839 1271 ,
1870 1224 2215 1276 Oecolampadius,
2253 1227 2438 1265 Calvinus
2467 1242 2535 1265 au-

1409 1281 1580 1332 tiquam,
1623 1293 1667 1316 ac
1699 1291 1941 1315 communem
1973 1278 2146 1316 fidelium
2179 1281 2458 1330 persuasionem
2488 1281 2536 1318 de

1409 1333 1663 1371 Eucharistiae
1693 1332 1940 1369 Sacrasnento
1978 1332 2182 1369 immutare
2219 1335 2383 1383 aggressi
2421 1344 2535 1381 sunt,

1410 1395 1451 1424 ut
1482 1386 1641 1438 proinde
1670 1387 1812 1437 stipites
1831 1414 1840 1431 ,
1872 1384 1907 1419 δύ
1934 1397 2008 1422 non
2041 1384 2213 1422 homines
2243 1387 2357 1423 fuisse
2387 1399 2537 1423 necesse

1410 1441 1480 1486 sit,
1511 1441 1578 1491 qui
1609 1438 1868 1490 superioribus
1897 1437 2048 1475 saeculis
2078 1439 2116 1475 in
2148 1447 2248 1476 tanto
2268 1438 2460 1489 religionis
2480 1439 2540 1476 di-

1410 1494 1619 1540 scrimine,
1650 1493 1759 1544 quasi
1788 1490 1972 1542 lethargia
2002 1492 2170 1543 oppressi
2190 1521 2200 1539 ,
2235 1500 2402 1529 veterem
2434 1492 2538 1544 Apo-

1409 1545 1591 1583 stolorum
1621 1546 1832 1583 doctrinam
1864 1545 1914 1581 ita
1945 1543 2090 1595 ubique
2127 1546 2268 1582 mutari
2307 1545 2406 1596 passi
2435 1546 2542 1594 sint,

1412 1608 1450 1636 ut
1480 1612 1527 1635 ne
1557 1598 1703 1636 hiscere
1733 1597 1890 1649 quidem
1920 1597 2129 1635 auderent.

1464 1652 1554 1703 529.
1586 1651 1805 1688 Adversarii
1837 1649 1907 1687 hoe
1930 1649 2131 1687 fortissimo
2150 1658 2371 1701 argumento
2399 1650 2446 1688 ad
2476 1650 2534 1688 in-

1408 1703 1672 1742 citas.redacti
1702 1702 1888 1753 epocham
1917 1702 2035 1751 hujus
2073 1703 2313 1741 incredibilis
2355 1706 2534 1740 mutatio-

1409 1759 1468 1795 nis
1499 1758 1759 1808 quaesierunt3
1804 1756 1836 1791 8(
1867 1754 2016 1807 aliqui,
2060 1765 2099 1792 ut
2127 1755 2376 1803 Blondelius,
2405 1757 2438 1792 &
2469 1756 2538 1794 Al-

1407 1811 1602 1856 bertinus,
1635 1823 1718 1846 eam
1751 1809 1936 1846 invenisse
1966 1807 2040 1846 sibi
2070 1810 2139 1846 visi
2169 1817 2254 1846 sunt
2283 1810 2321 1846 in
2345 1807 2540 1846 Anasiasio

1411 1863 1605 1902 Monacho
1633 1863 1782 1900 Siuaita
1810 1862 1910 1900 Saec.
1933 1861 2041 1907 VH„
2070 1875 2186 1913 quem
2217 1863 2255 1899 in
2286 1861 2442 1915 '037ch
2471 1876 2539 1900 seu

1415 1914 1502 1954 Vae
1532 1915 1645 1953 Duce
1674 1925 1804 1953 contra
1835 1915 2031 1952 haereticos
2052 1915 2276 1966 Gajanitas,
2308 1925 2372 1952 aut
2399 1916 2540 1966 dogma

1414 1972 1540 2020 ipsum
1560 1968 1811 2008 Eucharistiae
1831 1997 1840 2015 ,
1871 1977 1934 2005 aut
1964 1967 2098 2005 saltem
2127 1977 2318 2006 consuetas
2346 1968 2391 2005 de
2422 1967 2540 2005 eolo-

1414 2023 1555 2073 quendi
1587 2021 1770 2058 formulas
1812 2022 2034 2058 immutasse
2074 2021 2232 2066 dicunt3
2277 2020 2375 2058 hanc
2411 2028 2542 2060 autem

1416 2077 1663 2112 intitutionem
1698 2073 1897 2125 probatam
1941 2073 2056 2111 fuisse
2097 2088 2119 2111 a
2149 2074 2344 2111 Germano
2375 2072 2539 2111 l’atriar-

1415 2128 1487 2165 cha
1516 2126 1868 2178 Consumtinopol„
1899 2135 1978 2163 tum
2009 2141 2030 2163 a
2059 2125 2166 2165 Joan.
2197 2127 2462 2174 Damasceno,
2492 2140 2538 2166 ac

1415 2182 1571 2218 demum
1602 2195 1623 2218 a
1653 2179 1826 2217 Patribus
1854 2178 2016 2216 Concilii
2049 2178 2136 2217 Vll.
2175 2181 2406 2218 oecumenici
2436 2193 2540 2217 anno

1418 2234 1536 2285 785.3
1568 2233 1667 2270 unde
1696 2242 1821 2284 postea
1850 2245 1924 2270 non
1955 2231 2078 2269 solum
2107 2241 2224 2270 totum
2254 2234 2449 2270 Orientem
2481 2235 2541 2271 in-

1415 2288 1568 2334 fecerit,
1612 2286 1674 2323 sed
1712 2286 1848 2322 sensim
1879 2286 2101 2335 migraverit
2138 2287 2251 2323 etiam
2283 2287 2322 2324 in
2352 2286 2540 2323 Occiden-

1415 2349 1518 2388 tem,
1561 2339 1729 2390 adeoque
1760 2339 1798 2376 in
1829 2338 2044 2376 Ecclesiam
2074 2338 2325 2377 universalem
2344 2365 2354 2376 .
2396 2339 2456 2377 JO.
2485 2348 2542 2376 ta-

1414 2407 1500 2430 men
1530 2392 1712 2430 Claudius
1743 2391 1844 2429 hunc
1876 2392 2074 2429 transitum
2115 2392 2164 2429 ab
2194 2406 2266 2429 una
2296 2391 2471 2430 Ecclesia
2501 2393 2540 2430 in

1415 2447 1532 2484 aliam
1555 2445 1699 2483 creditu
1721 2444 1925 2481 admodum
1942 2443 2140 2480 difficilem
2157 2446 2341 2492 sentiens,
2363 2445 2541 2496 aliquan-

1414 2508 1450 2538 to
1480 2500 1598 2537 serius
1627 2496 1741 2547 hujus
1770 2497 1993 2534 mutationis
2016 2495 2200 2547 epocham
2223 2497 2260 2533 in
2280 2496 2454 2534 Ecclesia
2484 2496 2540 2534 la-

1416 2554 1493 2590 tina
1521 2551 1734 2596 constituit,
1778 2563 1915 2600 nempe
1944 2547 2161 2596 Saec.1X.,
2199 2549 2349 2600 quando
2378 2548 2542 2586 Pascha·

1416 2608 1493 2644 sius
1520 2603 1737 2641 monasterii
1773 2600 2014 2653 Corbejensis
2051 2600 2292 2650 Monachus,
2337 2601 2370 2637 8(
2412 2611 2543 2653 postea.

1419 2657 1548 2696 Abbas
1577 2669 1674 2694 anno
1704 2655 1797 2693 851.
1827 2655 1972 2693 librum
2003 2654 2121 2691 edidit
2156 2653 2221 2692 De
2260 2667 2449 2704 corpore,
2491 2655 2543 2695 <9³

1420 2713 1618 2762 sanguine
1647 2708 1839 2746 Domini:
1880 2706 1962 2747 vult
1991 2716 2117 2745 autem
2154 2720 2293 2746 novam
2332 2709 2448 2760 ipsius
2476 2709 2544 2746 do-

1421 2764 1582 2801 ctrinam
1613 2762 1800 2800 beneficio
1830 2762 2075 2813 ignorantiae,
2119 2760 2153 2797 &
2182 2762 2414 2814 impietatis,
2452 2774 2544 2812 quae

1423 2829 1488 2865 eo,
1519 2816 1551 2853 8(
1578 2831 1656 2868 seq.
1687 2815 1828 2854 saeculo
1857 2817 1895 2853 in
1925 2814 2098 2852 Ecclesia
2126 2815 2416 2866 grassabantur,
2447 2815 2545 2852 faci·

1422 2869 1459 2907 le
1488 2871 1651 2922 potuisse
1681 2870 1870 2922 irrepere,
1902 2868 1935 2905 &
1966 2867 2112 2919 ubique
2139 2867 2316 2906 dilatari.
2363 2868 2542 2905 Ceterum

1419 2936 1491 2961 non
1521 2936 1660 2975 paucos
1690 2923 1805 2960 fuisse
1833 2921 1939 2965 illius
1968 2921 2200 2959 novitatibus
2219 2929 2444 2969 commotos,
2473 2919 2542 2957 Pa-

1419 2977 1587 3015 schasius
1617 2978 1697 3028 ipse
1718 2976 1853 3014 fatetur
1870 3006 1881 3024 ,
1912 2975 2113 3026 eidemque
2128 2975 2257 3026 palam
2276 2976 2448 3013 restitisse
2467 2973 2541 3009 sci-

1421 3044 1530 3077 mus,
1562 3029 1818 3077 Rhabanum,
1862 3028 2074 3076 Maurum,
2119 3027 2395 3074 Ratramnum,
2429 3025 2540 3064 Joan·

1419 3083 1576 3122 Scotum
1607 3083 1811 3135 Erigenam
1836 3112 1847 3130 ,
1875 3082 2044 3134 aliosque
2075 3082 2138 3133 (a)
2157 3107 2167 3119 .

1476 3137 1570 3176 550.
1600 3135 1713 3189 Resp.
1731 3166 1742 3186 ,
1785 3137 1931 3175 etiamsi
1961 3135 2045 3174 haec
2074 3149 2165 3175 vera
2206 3140 2348 3180 essent,
2391 3143 2542 3191 semper

2428 3198 2486 3223 vr-

1422 3261 1628 3306 jactabant:
1658 3263 1766 3296 immo
1789 3263 1846 3296 Jo-
1873 3262 2102 3296 Mabillonius
2128 3257 2286 3292 Praef.lt.
2313 3256 2347 3289 in
2374 3257 2459 3290 S:ec.
2478 3254 2541 3287 IV.

1421 3308 1599 3345 Benedict-
1625 3309 1682 3345 De
1707 3313 1956 3348 controversiis
1980 3307 2241 3344 Eucharisticis
2267 3305 2353 3341 δαῖς.
2380 3304 2444 3339 IX.
2481 3313 2544 3341 89⁵
