2605 3624
286 153 368 180 202

223 224 324 254 recte
346 214 465 251 Henr.
496 209 688 249 Vallesius
718 216 923 261 utrumque
953 207 1081 247 locum
1098 210 1281 259 Socratis,
1311 210 1344 246 ἃ

228 268 429 305 'feodoreti
460 268 510 303 ita
541 268 673 303 vertit:
702 272 940 314 potestatem
971 262 1147 301 habeant
1176 265 1345 317 eligendi

226 323 277 362 (θ’
305 318 547 371 proponendi
575 319 673 364 ὅςας
720 332 810 370 qua:
841 326 997 369 potestas
1027 316 1244 356 Br'leletianis
1265 348 1276 367 ,
1306 333 1345 356 a·

227 375 368 428 liisque
397 373 645 412 schismaticis
677 373 852 422 adempta
882 381 986 407 erat.

286 443 351 479 77.
383 430 474 466 lust.
503 431 645 466 tertio.
675 426 732 464 Ex
764 427 870 477 epist.
892 425 974 461 Lll.
1005 424 1044 461 S.
1066 424 1249 476 Cypriani
1282 423 1346 460 lia-

227 475 390 530 laetirus,
420 497 442 520 a
473 482 619 519 Novato
649 479 817 530 simplici
850 478 1073 530 Presbytero
1102 479 1216 514 fuisse
1247 477 1348 514 Feli-

227 538 426 575 cis-timum
455 536 501 574 ad
533 536 765 574 Diaconatus
793 534 964 570 ordinem
997 541 1166 568 evectum
1185 556 1194 567 .

287 590 351 641 78.
383 590 493 641 Resp.
512 620 522 637 ‚
569 589 650 626 lia‘o
682 601 756 624 esse
785 587 971 637 Cypriani
1003 584 1119 622 verba
1147 584 1193 619 de
1223 581 1349 620 'Nova-

228 651 291 682 102
336 644 422 695 Ipse
453 653 537 690 est,
567 647 631 693 qui
661 640 947 677 Felicis-simum
990 636 1203 673 satellitem
1234 648 1350 677 suum

228 697 461 735 Diaconum
479 727 490 742 ,
521 709 594 732 nec
611 698 860 743 pes-:zztsreute
878 703 942 725 me
955 719 965 735 ,
995 701 1068 725 nec
1084 689 1254 736 sciente,
1276 701 1351 725 siai,

230 752 433 799 suctione,
463 751 512 789 Εἰ)
542 748 756 785 &albitione
777 774 788 792 ,
832 746 1055 780 constitute.
1100 742 1196 779 Haec
1226 751 1352 779 autem

216 796 347 843 ²verba
378 805 496 841 notius
542 800 759 851 siguificare
797 797 974 834 videntur
996 826 1005 842 ,
1050 809 1199 833 curasse
1228 795 1354 833 Nova-

228 869 311 896 tum
331 888 341 906 ,
374 844 411 893 iit
441 854 702 893 Felicissimus
733 852 926 888 Diaconus
957 849 1005 886 ab
1035 848 1167 901 aliquo
1196 848 1354 900 Episco-

232 925 282 963 po
323 910 562 947 ordinaretur
583 936 594 954 ,
638 919 756 958 quam
787 904 978 942 Novatum
1009 903 1046 940 id
1078 917 1144 954 per
1187 904 1353 954 seipsum

231 965 474 1015 praestitisse.
518 961 559 998 ld
590 961 734 997 eruitur
765 971 808 995 ex
839 965 1039 994 contextu:
1084 958 1205 1008 pergit
1248 957 1352 994 enim

227 1018 444 1069 Cyprianus
464 1015 601 1053 Novati
631 1013 797 1050 crimina
815 1011 945 1048 Romae
977 1019 1191 1061 perpetrata
1222 1023 1350 1049 recen-

225 1085 334 1118 sere,
378 1070 581 1122 inquiens:
629 1065 706 1117 Qui
735 1064 847 1103 isthic
889 1063 1077 1101 adversus
1120 1063 1354 1101 Ecclesiam

226 1124 460 1162 Diaconum
493 1121 658 1174 fecerat
679 1150 689 1168 ,
738 1120 815 1157 illic
854 1120 869 1169 (
902 1117 1032 1155 Romae
1065 1118 1079 1167 )
1112 1116 1353 1168 Episcopum

213 1179 322 1230 jecit
342 1208 352 1225 ,
384 1191 522 1227 nempe
538 1175 798 1213 Novatiauum
820 1203 830 1221 ,
860 1186 975 1223 quem
1006 1186 1026 1208 a
1056 1171 1178 1209 tribus
1209 1173 1352 1224 impro-

227 1233 313 1279 bis,
345 1231 378 1267 8<
407 1229 626 1268 temulentis
653 1226 858 1279 Episcopis
886 1225 1056 1263 ordinari
1088 1226 1236 1263 curavit
1259 1252 1269 1263 .

285 1298 348 1337 79.
379 1284 603 1334 Eodemque
624 1294 732 1319 sensu
749 1280 1018 1332 accipiendum
1036 1287 1087 1316 est
1104 1308 1116 1326 ,
1145 1280 1246 1329 quod
1262 1280 1351 1317 Cas-

225 1340 356 1377 sianus
385 1346 510 1374 narrat
543 1333 771 1373 Collat.1V.
801 1347 887 1384 cap.
916 1346 946 1371 ι.
965 1363 975 1380 ,
1013 1347 1035 1370 a
1065 1332 1108 1370 Β.
1140 1332 1354 1383 Paplmutio

223 1391 509 1430 Monachorum
556 1397 664 1440 patre
694 1388 807 1424 fuisse
838 1385 1042 1424 Danielem
1086 1386 1132 1423 ad
1174 1387 1353 1423 diacona-

225 1455 307 1483 tum
326 1474 335 1492 ,
364 1444 501 1481 deinde
531 1442 577 1480 ad
596 1441 900 1494 presbyteratum
931 1447 1178 1491 promotum3
1207 1439 1352 1477 scilicet

225 1512 294 1551 per
323 1497 545 1535 electionem
563 1526 574 1543 ,
603 1494 637 1531 &
666 1495 974 1540 destinationem,
1018 1506 1096 1531 non
1126 1506 1215 1532 vero
1251 1494 1351 1532 ordi-

224 1553 419 1592 nationem
437 1581 447 1599 ,
477 1564 565 1603 quae
597 1548 788 1601 Episcopo
818 1556 1005 1585 reservata
1035 1555 1143 1584 erat.

282 1606 349 1643 So.
381 1606 470 1643 lust.
500 1611 670 1652 quarto.
713 1603 755 1639 In
793 1600 928 1639 libello
969 1600 1137 1652 quodam
1168 1599 1352 1652 Eutychii

224 1658 436 1698 Alexandr.
467 1655 699 1695 Patr-iarchae
729 1656 897 1701 dicitur,
927 1669 949 1692 a
979 1653 1019 1691 S.
1050 1653 1187 1691 Marco
1215 1663 1352 1705 quem-

226 1714 316 1751 dam
359 1721 521 1750 sutorem
550 1711 705 1748 nomine
737 1708 954 1747 Hauaniam
986 1707 1100 1746 fuisse
1138 1708 1351 1745 institutum

228 1765 492 1804 patriarcham
523 1763 857 1810 Alexandrinum,
901 1764 1013 1814 eique
1056 1759 1255 1811 adjunctos
1290 1771 1350 1799 1'2.

221 1819 469 1873 Presbyteros
499 1833 543 1856 ea
572 1818 655 1870 lege
672 1847 683 1866 ,
706 1847 732 1865 „
754 1825 792 1854 ut
821 1830 910 1854 cum
942 1823 1092 1854 vacaret
1115 1813 1351 1852 Patri-archa·

227 1900 257 1923 „
282 1882 364 1920 tus,
411 1872 592 1923 eligerent
635 1885 756 1910 unum
786 1885 806 1907 e
835 1869 1036 1907 duodecim
1079 1867 1318 1920 Presbyteris
1339 1897 1350 1916 ,

227 1955 257 1977 „
286 1924 395 1976 cujus
425 1927 543 1977 capiti
564 1924 705 1976 reliqui
726 1924 907 1961 undecim
937 1935 1071 1960 manus
1092 1922 1355 1973 imponerent),

289 1992 455 2030 eumque
484 1978 781 2024 benedicerent,
810 1990 854 2014 ac
870 1974 1132 2013 patriarcham
1162 1984 1354 2024 crearent,

288 2033 322 2069 8t
348 2033 437 2070 dein
469 2032 597 2069 virum
612 2030 785 2082 aliquem
807 2029 992 2079 insignem
1009 2027 1217 2079 eligerent,
1247 2042 1355 2066 eum-

288 2100 364 2139 que
384 2084 656 2137 Presbyterum
686 2096 816 2121 secum
846 2083 1114 2120 constituerent
1143 2080 1227 2119 loco
1245 2081 1354 2131 ejus,

288 2140 358 2192 qui
386 2140 440 2177 sic
470 2139 590 2177 factus
619 2145 671 2176 est
694 2134 933 2183 patriarcha,
964 2143 1003 2172 ut
1029 2136 1083 2174 ita
1113 2147 1261 2186 semper
1292 2148 1355 2172 ex-

229 2223 258 2244 „
288 2201 407 2231 tarent
435 2191 666 2230 duodecim.
709 2189 843 2241 Neque
883 2188 995 2226 desiit
1025 2187 1267 2226 Alexandriae
1298 2190 1356 2229 in-

228 2276 259 2298 „
289 2248 460 2286 stitutum
491 2244 561 2284 hoc
589 2244 636 2283 de
665 2241 925 2295 Presbyteris,
957 2249 996 2279 ut
1024 2241 1170 2281 scilic-et
1190 2241 1356 2278 Patriar-

229 2330 260 2352 „
287 2300 402 2340 cham
418 2306 615 2347 crearent,
643 2310 766 2349 nsque
795 2296 841 2334 ad
862 2304 1035 2347 tempora
1057 2293 1266 2332 Alexandri
1287 2294 1357 2332 'Pa-

231 2385 262 2405 „
291 2352 493 2393 triarchae.
514 2353 536 2369 '³
557 2353 612 2390 Ita
639 2350 743 2390 hunc
765 2349 980 2388 Arabicum
995 2348 1181 2401 Eutychii
1212 2356 1355 2386 textum

230 2403 350 2447 lanne
378 2409 488 2448 vertit
516 2406 729 2445 seldenus.
765 2403 851 2442 Jam
881 2415 971 2441 vero
999 2416 1088 2440 cum
1118 2402 1183 2440 bic
1212 2415 1358 2451 merno-

230 2472 365 2503 rentur
394 2474 591 2499 munuum
621 2461 816 2510 impositio
833 2488 844 2507 ,
887 2455 1104 2495 benedictio
1122 2486 1134 2505 ,
1162 2455 1212 2497 (9⁴
1239 2468 1358 2494 crea-

230 2519 287 2554 tio
316 2514 573 2563 Patriarchoe,
614 2513 784 2553 dubitari
828 2511 991 2549 minime
1024 2518 1171 2561 potest,
1209 2523 1358 2549 sacram

229 2570 510 2607 ordinationem
540 2569 656 2606 fuisse
685 2566 734 2604 ab
765 2565 843 2604 illis
874 2563 1110 2616 Presbyteris
1137 2572 1358 2617 peractam3

230 2623 403 2675 adeoque
428 2622 502 2660 Sec.
532 2622 704 2672 Idipsum
735 2619 938 2670 indigitare
976 2618 1126 2656 videtur
1154 2617 1195 2656 S.
1226 2617 1360 2655 Hiero—

229 2689 375 2729 nymus
398 2678 434 2714 in
445 2677 561 2729 epist.
575 2673 771 2713 CXLVII.
787 2673 835 2711 ad
851 2671 1090 2724 Evangelum
1122 2685 1208 2723 sup.
1229 2669 1334 2708 laud.
1349 2700 1360 2718 ‚

229 2730 433 2781 inquiens:
472 2727 737 2767 Alexandriae
766 2740 794 2764 a
823 2725 972 2763 Marco
1001 2724 1268 2775 Evangelista
1297 2736 1361 2760 us-

236 2794 311 2832 que
352 2783 407 2820 ad
436 2782 663 2821 Herctclczm
681 2812 692 2831 ,
737 2781 788 2822 ἐν
831 2779 1079 2832 Diony-sium
1108 2776 1328 2827 Episcopos
1349 2805 1361 2824 ,

236 2833 464 2886 Presbyteri
507 2848 663 2888 semper
699 2847 824 2872 unum
848 2846 906 2872 ex
934 2846 979 2870 se
1019 2832 1189 2871 electum
1218 2833 1260 2867 z'n
1290 2843 1361 2868 ex·

235 2888 392 2927 celsiori
420 2889 548 2940 gradu
575 2890 840 2936 collocatum,
889 2886 1132 2937 Episcopum
1173 2887 1362 2922 nomina.-

237 2941 363 2979 hant.
394 2941 476 2979 Hoc
502 2943 619 2980 etiam
649 2944 760 2980 tacite
788 2942 915 2980 innuit
942 2940 1226 2979 Commentator-
1254 2938 1363 2989 epist.

237 2994 281 3035 S.
310 2993 449 3043 Pauli,
485 2996 555 3046 qui
583 2995 754 3035 Hilarius
782 2996 977 3034 Diacouus
1005 3007 1082 3032 esse
1111 3000 1291 3045 putatur,
1320 2991 1363 3031 S.

230 2008 258 2030 9>

228 2063 258 2085 25

230 2116 259 2138 2²

228 2169 259 2190 2³

293 3159 342 3193 (a)
372 3153 551 3189 Abraham
577 3152 794 3186 Echeltensis
831 3155 951 3187 Bomae
988 3165 1069 3187 ann.
1101 3151 1201 3186 1651.
1228 3151 1359 3186 lIbrum

239 3198 350 3234 edidit
374 3202 423 3235 ita
449 3200 681 3244 inscriptum:
720 3200 923 3244 Eutychius
953 3199 1156 3233 patriarcha
1182 3198 1357 3232 Alexand.

243 3250 463 3287 vindicatus,
489 3250 616 3280 &suis
643 3249 823 3279 restitutus
840 3246 1099 3285 Orientalibus,
1124 3247 1193 3278 sive
1220 3258 1360 3288 respon-

243 3298 298 3328 sio
325 3296 370 3328 acl
397 3294 454 3327 Jo.
483 3294 630 3328 Seldent
654 3294 847 3337 Origines,
872 3296 947 3324 (Tc.
982 3291 1016 3323 in
1042 3302 1112 3335 quo
1135 3289 1225 3325 hanc
1245 3293 1360 3337 Euty-

219 3352 223 3357 *
245 3340 316 3373 chii
343 3342 582 3374 narrationem
607 3339 759 3373 refutat.
803 3337 972 3383 Eutychii
999 3338 1175 3370 Cronicon
1211 3350 1284 3371 esse
1310 3340 1363 3371 fa-

243 3386 410 3423 bularum
428 3408 441 3430 2
466 3396 570 3433 atque
597 3386 810 3433 ineptiarum
832 3386 975 3431 plenum
990 3396 1056 3420 non
1081 3383 1244 3421 dubitant
1269 3397 1363 3421 asse-

1016 128 1285 173 DISSERT.
1309 129 1430 174 VIII.
1464 127 1592 171 CAP.
1617 128 1697 172 IV.

1414 209 1580 247 Damaso
1608 221 1790 253 coaevns;
1838 208 1960 261 inquit
1990 209 2094 248 enim
2124 209 2162 248 in
2191 223 2276 264 cap.
2306 210 2376 250 IV.
2405 211 2451 250 ad
2482 210 2533 252 E-

1414 263 1544 314 phes.:
1586 260 1702 311 Apud
1729 260 1955 312 AEgyptum
1993 262 2221 316 Presbyteri
2267 270 2539 319 consignant,

1413 319 1446 353 si
1477 327 1654 363 praesens
1682 327 1763 351 non
1792 317 1841 350 stc
1870 314 2117 366 Episcopus.

1469 368 1535 405 81.
1567 366 1679 418 Resp.
1701 397 1711 414 ,
1742 366 1937 418 Eutychio
1966 370 2132 420 ignobili
2157 385 2247 411 saec.
2268 372 2339 411 IX.
2357 403 2368 422 ,
2397 372 2459 411 vel
2484 370 2539 411 X.

1416 421 1592 471 scriptori
1622 419 1774 456 nullam
1801 434 1879 457 esse
1920 419 2137 461 habendam
2179 425 2296 464 fidem
2319 457 2329 474 ,
2372 440 2463 464 cum
2495 439 2540 463 e&

1416 480 1568 519 narrat,
1616 485 1705 524 quae
1736 486 1824 510 cum
1855 474 1995 520 veteri,
2038 475 2072 510 8<
2102 482 2283 517 constanti
2315 479 2470 518 Patrnm
2498 492 2539 515 o-

1416 525 1638 562 rientalium
1667 526 1838 564 doctrina
1868 535 2065 577 pugnant.
2097 526 2323 570 Recolantur
2343 564 2354 582 ,
2383 546 2472 586 quae
2494 544 2540 569 ex

1418 578 1458 615 S.
1490 578 1699 616 Athanasio
1728 593 1834 617 num.
1856 579 1922 618 65.
1952 579 2054 618 dicta
2081 590 2188 627 sunt;
2215 587 2283 635 qui
2313 588 2443 639 utique
2467 586 2542 623 Ec-

1419 631 1547 669 clesiae
1580 631 1847 670 Alexandrinae
1895 633 2210 683 consuetudines,
2253 637 2288 673 ἃ
2324 642 2540 679 traditiones

1424 686 1596 737 ignorare
1626 699 1698 724 non
1729 688 1879 738 potuit,
1916 685 1976 737 cuj
1988 701 2027 723 us
2058 686 2278 727 patriarcha
2307 691 2406 740 fuit,
2435 694 2470 730 &
2498 692 2540 730 S·

1420 739 1630 778 Alexandri
1661 754 1849 778 successor
1879 741 1942 790 (ιι)
1960 767 1971 778 .
2009 739 2083 777 Vel
2112 741 2143 778 si
2172 741 2373 794 benignius
2401 746 2446 782 de
2476 747 2543 783 isto

1423 795 1604 844 scriptore
1634 795 1768 830 sentire
1806 793 2009 842 volumus,
2055 804 2257 846 potuerunt
2290 795 2396 834 illius
2425 799 2542 836 verba

1424 847 1461 883 in
1493 861 1602 884 sensu
1633 848 1759 884 minus
1775 848 1932 900 proprio
1962 847 2150 899 intelligi,
2182 858 2221 886 nt
2242 862 2391 887 manus
2419 852 2544 902 impo-

1421 912 1544 949 nere,
1589 899 1819 939 benedicere
1840 931 1850 949 ,
1881 902 1931 941 ὣ·
1959 914 2101 939 creare
2132 900 2227 940 nihil
2258 902 2366 941 aliud
2395 902 2544 955 signifi-

1422 963 1533 1003 cent,
1563 968 1680 1005 quam
1711 954 1925 1006 designare
1945 985 1956 1004 ,
1986 955 2035 995 <9⁶
2055 955 2229 1007 eligere,·
2259 957 2361 1008 quod
2380 957 2547 1008 antiqui-

1422 1016 1480 1044 tus
1509 1008 1555 1045 ad
1577 1007 1724 1045 clerum
1756 1009 1996 1060 pertinebat,
2029 1018 2066 1046 ut
2088 1019 2214 1061 postea
2231 1010 2368 1048 electus
2397 1024 2546 1049 sacram

1420 1061 1697 1098 ordinationem
1728 1062 1777 1099 ab
1807 1061 1893 1100 aliis
1922 1062 2122 1115 Episcopis
2161 1064 2373 1116 reciperet.
2411 1063 2547 1115 Neque

1420 1114 1568 1162 obstat,
1616 1115 1716 1166 quod
1749 1115 1962 1167 Eutycliius
1998 1116 2097 1154 dicat
2126 1115 2273 1165 ibid.,=
2296 1116 2421 1155 nullos
2463 1125 2547 1154 ante

1424 1168 1664 1206 Demetrium
1697 1171 1710 1219 (
1734 1168 1803 1206 Xl.
1822 1169 2080 1207 Patriarcliam
2100 1168 2305 1208 Alexandr.
2323 1170 2338 1220 )
2369 1171 2485 1208 fuisse
2506 1171 2547 1207 in

1421 1223 1631 1273 provinciis
1658 1223 1811 1274 AEgypti
1842 1222 2078 1274 Episcopos.
2109 1222 2245 1260 Primo
2273 1226 2374 1262 enim
2404 1224 2442 1262 id
2472 1222 2549 1260 dif-

1421 1275 1524 1312 ficile
1553 1276 1721 1314 creditur
1752 1276 2027 1329 uniEutychio
2054 1278 2263 1322 asserenti3
2296 1279 2415 1315 immo
2444 1291 2466 1314 a
2485 1276 2546 1314 JO.

1418 1328 1577 1367 Morino
1606 1330 1806 1368 manifeste
1837 1330 1975 1369 falsum
2006 1338 2137 1368 contra
2166 1329 2374 1369 Seldenum
2406 1343 2450 1366 ex
2479 1344 2550 1366 au-

1421 1381 1596 1421 thenticis
1627 1385 1879 1421 monumentis
1908 1383 2134 1428 ostenditur:
2164 1382 2307 1420 deinde
2337 1385 2415 1421 sisti
2447 1392 2550 1433 pote-

1421 1445 1477 1473 rat
1508 1436 1572 1473 ille
1617 1437 1757 1475 electus
1785 1437 1872 1476 aliis
1902 1437 2102 1489 Episcopis
2132 1438 2350 1475 vicinarum
2390 1437 2549 1490 provin-

1420 1491 1597 1528 ciarum.
1629 1490 1804 1529 Petavius
1834 1500 1959 1529 autem
1992 1499 2192 1543 postquam
2213 1491 2393 1539 dixisset,
2425 1489 2550 1542 Euty·

1420 1542 1499 1581 chii
1528 1545 1784 1582 narrationem
1815 1574 1840 1593 „
1861 1545 2017 1582 omnino
2045 1544 2141 1582 bene
2187 1544 2390 1582 credulum
2434 1543 2551 1581 lecto-

1422 1626 1448 1645 „
1480 1609 1559 1633 rem
1590 1596 1781 1648 postulare
1801 1629 1813 1646 ,
1843 1597 2064 1644 concludit,
2095 1597 2134 1634 id
2155 1598 2183 1634 si
2207 1611 2342 1635 verum
2372 1605 2451 1644 est,
2482 1603 2549 1634 aut

1422 1679 1449 1698 ,‚
1480 1649 1721 1702 Presbyteros
1750 1650 1836 1688 illos
1857 1650 2079 1702 Episcopali
2100 1650 2233 1688 ordine
2249 1651 2425 1702 praeditos
2455 1651 2549 1688 fuis-

1421 1732 1448 1751 „
1477 1717 1543 1751 se,
1574 1713 1639 1741 aut
1669 1703 1786 1741 solam
1819 1705 1873 1741 ibi
1903 1703 2147 1750 electionem,
2178 1702 2212 1738 8<
2241 1705 2551 1742 constitutionem

1420 1785 1446 1804 „
1476 1758 1564 1808 agi,
1594 1769 1670 1794 non
1697 1757 1980 1794 ordinationem
2000 1786 2010 1803 ,
2041 1756 2074 1792 &
2103 1758 2422 1794 consecrationem
2440 1783 2450 1794 .
2471 1757 2493 1773 '³

1474 1810 1540 1848 82.
1571 1811 1631 1847 De
1676 1810 1949 1863 Hieronymo,
1993 1810 2027 1847 8(
2070 1810 2435 1862 pseudo—Ambrosio
2476 1810 2552 1848 dif-¹

1420 1862 1575 1902 ficultas
1607 1863 1717 1902 nulla
1738 1879 1815 1902 esse
1836 1873 1975 1916 potest,
2007 1873 2207 1915 postquam
2238 1862 2303 1901 ille
2321 1893 2331 1913 ,
2362 1866 2429 1915 qui
2446 1863 2552 1902 Pres-

1425 1917 1648 1969 byterorum
1678 1918 1900 1968 dignitatem
1928 1917 2025 1955 adeo
2055 1916 2222 1964 extulit,
2254 1926 2293 1954 ut
2317 1917 2551 1969 quibusdam

1425 1972 1528 2008 visus
1557 1972 1636 2018 sit,
1681 1972 1829 2010 eosdem
1860 1970 2060 2023 Episcopis
2091 1972 2360 2024 aequiparare,
2398 1971 2553 2009 ordina-

1424 2026 1564 2062 tionem
1608 2033 1735 2062 tamen
1778 2025 1972 2071 excludit,
2022 2038 2184 2076 eamque
2226 2024 2314 2062 solis
2352 2023 2555 2076 Episcopis

1424 2077 1600 2115 concedit
1616 2106 1627 2124 ,
1656 2091 1742 2129 sup.
1764 2091 1802 2115 n.
1824 2077 1891 2115 65.
1923 2077 2199 2115 Ambrosiaster
2215 2086 2339 2114 autem
2358 2106 2368 2124 ,
2399 2091 2463 2114 seu
2482 2076 2551 2114 Hi—

1425 2129 1573 2178 larius(
1592 2139 1629 2166 ut
1651 2139 1783 2181 putant
1800 2130 1963 2168 illustres
1985 2130 2222 2168 Benedictini
2240 2130 2354 2166 Tom.
2377 2131 2427 2167 ll.
2448 2131 2552 2181 Opp.

1422 2183 1465 2222 S.
1497 2183 1737 2232 Ambrosii)
1777 2197 1852 2221 non
1896 2181 2019 2220 solum
2059 2183 2109 2221 ab
2153 2195 2278 2221 errore
2313 2183 2551 2221 Novatoruni

1425 2236 1563 2288 proc-nl
1590 2236 1727 2284 abest,
1772 2238 1835 2274 sed
1879 2236 2028 2274 veritati
2069 2236 2272 2273 catholicae
2315 2237 2554 2287 apertissime

1424 2288 1679 2340 suffragatur.
1724 2290 1765 2327 In
1795 2298 1998 2327 comment.
2030 2290 2133 2327 enim
2172 2303 2258 2340 cap.
2280 2288 2346 2326 Ili.
2377 2291 2485 2340 epist.
2513 2289 2552 2328 5.

1426 2343 1474 2381 ad
1497 2341 1667 2380 Timoth.
1698 2343 1818 2391 dicit,
1852 2342 2074 2395 Apostolum
2098 2342 2303 2380 Timotheo
2321 2343 2525 2380 ostendisse
2540 2372 2552 2391 ,

1423 2395 1752 2449 quemadmodum
1774 2396 2009 2448 Episcopum
2037 2397 2260 2442 ordinaret3
2289 2408 2415 2446 neque
2444 2401 2555 2434 enim

1413 2450 1496 2502 fas
1525 2458 1646 2498 erat,
1675 2458 1747 2487 aut
1776 2448 1946 2497 licebat,
1977 2458 2017 2486 ut
2046 2449 2212 2502 inferior
2229 2448 2435 2487 ordinaret
2465 2463 2554 2487 ma-

1422 2505 1558 2558 jorem
1578 2518 1593 2542 :
1620 2516 1742 2541 nemo
1770 2506 1879 2541 enim
1906 2501 2062 2550 tribuit,
2088 2503 2195 2553 quod
2222 2516 2303 2540 non
2331 2507 2485 2552 accepit
2501 2529 2512 2540 .

1483 2558 1552 2597 83.
1581 2556 1684 2597 Solet
1715 2558 1828 2595 etiam
1858 2557 2001 2608 opponi
2030 2558 2231 2594 auctoritas
2259 2555 2300 2594 S.
2319 2556 2553 2607 Augustini,

1428 2613 1497 2663 qui
1525 2612 1565 2649 in
1588 2619 1729 2663 quaest.
1749 2610 1812 2648 C1-.
1841 2617 1914 2647 vet.
1944 2622 1996 2647 ac
2024 2614 2113 2647 novi
2140 2619 2230 2648 test·
2258 2610 2413 2655 asserit,
2443 2611 2483 2648 in
2503 2609 2555 2648 A·

1429 2664 1627 2703 lexaudria
1645 2694 1655 2712 ‚
1685 2663 1719 2700 St
1749 2677 1818 2716 per
1846 2672 1960 2702 totam
1991 2663 2199 2716 AEgyptum
2221 2693 2233 2712 ,
2276 2662 2431 2701 absente
2460 2663 2555 2715 Epi·

1425 2731 1543 2769 scopo
1562 2747 1573 2766 ,
1603 2716 1874 2771 Presbyterum
1903 2730 2143 2756 consecrare
2157 2731 2173 2762 ‚·
2202 2731 2290 2770 quae
2320 2719 2555 2755 consecratio

1427 2785 1520 2810 cum
1565 2785 1639 2809 non
1667 2773 1783 2824 possit
1813 2771 1976 2824 intelligi
2006 2773 2051 2810 de
2087 2771 2369 2810 consecratione
2399 2770 2554 2808 Eucha-

1428 2826 1545 2864 ristiae
1567 2855 1578 2873 ,
1608 2839 1696 2878 quae
1727 2827 1841 2864 etiam
1871 2834 2058 2877 praesente
2079 2825 2270 2878 Episcopo
2298 2824 2341 2862 fit
2364 2839 2386 2862 a
2405 2823 2555 2875 si‘mpli-
2601 2844 2605 2849 ⁴

1430 2881 1466 2919 ci
1497 2878 1724 2928 Sacerdote,
1755 2879 1917 2931 intelligi
1947 2879 2058 2919 debet
2087 2879 2133 2918 de
2163 2878 2234 2917 illa
2252 2879 2555 2926 consecratione,

1428 2946 1518 2986 qnae
1550 2933 1590 2971 fit
1622 2934 1660 2971 in
1689 2932 1891 2972 collatione
1919 2935 2062 2972 ordinis
2084 2959 2094 2971 .

1485 2986 1553 3034 84,
1585 2986 1697 3040 Resp.
1712 2996 1842 3027 autem
1857 3017 1870 3037 ,
1901 2986 2009 3026 illam
2027 2990 2371 3026 consecrationem
2387 2998 2462 3024 non
2469 2996 2553 3073 1estse

1874 3050 1876 3057 ’
2423 3050 2466 3075 co
2483 3058 2501 3065 -

1427 3161 1504 3183 rere
1541 3149 1624 3182 Eus-
1650 3148 1890 3182 Renaudotius
1917 3149 2018 3183 Tom.
2050 3150 2076 3182 Ι.
2103 3149 2238 3193 Litnrg.
2265 3149 2397 3180 Orient·
2424 3153 2460 3175 n.
2487 3153 2544 3176 ει.

1426 3198 1532 3230 Dion.
1560 3196 1720 3229 petavius
1750 3196 1825 3229 Lib.
1844 3197 1867 3228 l.
1896 3196 1949 3229 De
1964 3196 2105 3230 Eccles.
2124 3195 2335 3229 Hier-archia
2361 3201 2435 3234 cap-
2468 3191 2546 3231 13.‚

1429 3243 1597 3276 Sollerius
1625 3243 1726 3275 Toou.
1743 3243 1785 3275 V·
1813 3243 1907 3275 Junii
1927 3264 1937 3282 ‚
1963 3243 2023 3275 ubi
2050 3241 2091 3275 de
2113 3239 2303 3275 patriarch.
2329 3234 2546 3278 Alexandra,

1428 3302 1468 3323 ac
1494 3300 1564 3333 prae
1591 3289 1671 3327 aliis,
1694 3290 1854 3322 Morinns
1898 3289 1952 3322 De
1980 3293 2092 3322 sacris
2116 3289 2264 3320 ordinat.
2294 3284 2327 3314 P.
2351 3284 2407 3316 ΠΙ.
2434 3283 2548 3319 Exer-

1427 3337 1488 3371 cit.
1509 3337 1587 3370 Xll.
1614 3347 1690 3380 cap.
1714 3348 1745 3380 7.
1773 3333 1854 3369 Vid.
1875 3336 1910 3368 P.
1933 3336 2089 3368 Thomas
2115 3334 2166 3366 M.
2184 3329 2406 3363 Mamachius
2424 3331 2548 3376 Orig.,

1428 3386 1470 3418 (θ’
1496 3383 1673 3428 Antiqzu't.
1700 3383 1896 3419 Christian-
1923 3383 2026 3419 Tom-
2043 3380 2103 3416 IV·
2127 3375 2304 3424 pag-403·
2330 3387 2402 3423 seq·
