2605 3624
766 94 846 139 DE
880 92 1404 138 ORDINATIONIBUS
1441 95 1571 138 ANG
1583 95 1823 141 LICANIS
1837 126 1849 140 .

158 177 397 231 juscumque
426 175 611 225 Episcopi
640 185 678 210 se
707 172 952 216 intruseraut3
984 171 1097 222 idque
1126 172 1284 223 publica

162 235 400 270 notorietti'te
428 236 618 266 constare.
661 225 741 263 Hoc
772 224 1060 276 Episcopalium
1091 234 1167 262 tam
1197 225 1282 261 diu-

165 292 322 323 turnum
350 283 545 320 silentium
581 292 656 316 non
680 276 834 315 aliunde
862 281 954 316 oriri
986 281 1130 329 potuit,
1159 291 1278 330 quam

162 350 210 375 ox
240 350 309 382 e0,
349 333 452 385 quod
483 334 575 370 Acta
604 330 673 370 illa
703 333 870 369 noudum
900 334 1159 370 consarcinata
1196 332 1279 369 fue-

162 397 269 436 rant,
298 396 362 425 aut
393 388 685 438 inopportunum
715 386 916 423 videbatur
945 400 987 422 ea
1020 386 1147 437 palam
1179 385 1280 422 sace-

160 453 229 489 re,
273 439 426 493 quando
454 453 543 477 vera
581 438 686 476 iliius
722 440 998 476 commentitias
1036 439 1284 477 ordinationis

162 491 321 533 historia
348 493 464 530 nimis
495 491 666 543 vulgata,
696 492 729 529 8t
757 502 859 530 certa
887 501 990 530 erat.

219 546 308 585 116.
337 545 525 584 Praeterea
555 546 642 584 Nic.
663 545 853 584 Sanderus
882 546 919 583 in
949 559 1014 583 sua
1038 543 1142 583 IIist.
1164 543 1284 583 scitis-

161 604 286 638 matis
314 600 558 652 Anglicani,
587 612 676 651 quae
706 602 809 637 curis
839 598 1008 637 Eduardi
1040 598 1182 636 1111110111
1212 600 1284 635 (11)-

158 652 274 692 loniae
304 668 369 692 au.
404 653 520 691 1585.
551 652 748 704 publicam
771 652 894 689 lucem
917 652 1032 699 vidit,
1064 661 1143 702 post
1162 665 1280 703 quam

158 710 362 755 narravit,
399 719 514 744 novos
543 706 750 756 E›iscopos
787 706 836 743 ab
867 704 1087 744 Elisabetha
1125 706 1281 742 selectus

159 762 353 798 neminem
383 773 428 797 ex
456 758 576 797 Catho
596 761 662 797 icis
691 758 889 810 Epist-opis
927 759 1101 797 iuvenire
1140 759 1280 809 potuis-

155 827 219 862 se,
257 816 324 865 qui
356 815 411 851 eis
441 813 488 850 ad
517 813 836 850 consecrationem
868 824 1004 849 manns
1033 812 1279 859 admoveret,

156 880 202 904 ae
232 867 371 905 frustra
401 875 558 903 tentasse
586 867 791 918 quenulam
827 865 1166 916 Archiepiscopunt
1198 863 1280 915 Hy-

154 919 360 968 beruium,
402 933 519 971 quem
552 921 588 957 iu
617 933 769 956 carcere
801 919 1027 956 Londineusi
1060 918 1278 965 habebant,

152 973 228 1024 ipsi
259 972 454 1019 libertate,
485 986 528 1009 ac
559 973 730 1023 praemiis
760 973 975 1023 propositis:
1006 970 1092 1019 Ita,
1121 970 1279 1009 conciu-

152 1025 234 1074 dit,
263 1029 374 1063 omni
394 1026 572 1076 legitima
592 1023 844 1062 ordinatione
865 1024 1059 1072 destituti,
1086 1037 1179 1062 cum
1201 1023 1278 1060 vul-

151 1090 205 1131 go
241 1077 464 1125 diceretur,
506 1079 556 1118 (9
597 1082 690 1129 ipsis
728 1078 874 1128 legibus
913 1079 1148 1115 Analicanis
1188 1089 1278 1114 rere

149 1129 387 1182 probaretur
414 1143 498 1168 non
526 1143 614 1169 esse
635 1129 843 1181 Episcopi,
873 1111 1077 1169 bracilam
1107 1130 1278 1168 saecula-

153 1197 198 1223 re
226 1189 414 1224 invocare
441 1188 573 1222 coacti
601 1193 714 1233 sunt,
759 1194 800 1222 ut
828 1184 986 1222 laicalis
1016 1188 1280 1236 magistratus

150 1237 511 1291 confirmationem
552 1242 594 1276 in.
624 1237 781 1290 futuris
818 1241 988 1276 comitiis
1024 1242 1278 1289 acciperent.

155 1291 335 1342 Quorum
364 1295 631 1340 auctoritate,
674 1296 708 1329 si
735 1291 827 1343 quid
856 1297 988 1329 minus
1016 1294 1118 1338 rite,
1147 1292 1196 1331 Θ·
1225 1291 1279 1327 le-

151 1345 299 1397 galiter
329 1348 371 1383 in
398 1348 519 1396 priori
543 1349 852 1397 inauguratione
881 1353 1036 1396 gestum
1052 1353 1150 1382 esset
1170 1374 1181 1391 ,
1211 1351 1281 1380 aut

147 1402 364 1447 omissum,
385 1402 478 1447 ipsis
498 1398 791 1436 contionaretur
809 1413 822 1442 ,·
851 1399 966 1448 itique
985 1407 1196 1448 postquam
1217 1395 1274 1434 E-

146 1452 339 1503 piscopali
366 1452 522 1500 officio,
565 1452 615 1492 Θ
647 1451 849 1489 cathedra
878 1450 1025 1502 absque
1062 1452 1145 1488 ulla
1181 1464 1275 1488 con-

145 1508 371 1543 secratione
399 1506 547 1555 aliquot
576 1518 706 1542 annos
723 1503 864 1556 functi
885 1513 1016 1542 essent
1033 1531 1043 1542 .
1074 1502 1182 1551 Hinc
1203 1517 1271 1541 no-

145 1570 243 1597 men
270 1558 346 1596 illis
375 1561 631 1608 impositum,
665 1567 706 1595 ut
736 1556 922 1608 Episcopi
954 1557 1272 1596 Parlaezmentarii

147 1609 401 1650 dicerentur.
445 1611 695 1663 Quamquam
738 1625 827 1649 vero
855 1612 1044 1649 Sanderus
1075 1611 1270 1649 historiam

141 1663 349 1703 diversorii
379 1665 653 1712 hommensis,
697 1666 735 1702 in
763 1677 840 1716 quo
868 1663 1076 1702 Parkerum
1113 1678 1204 1702 cum
1235 1679 1276 1702 a-

145 1716 208 1755 liis
239 1717 359 1755 tribus
387 1717 590 1769 Episcopis
619 1720 865 1755 renunciatus
898 1719 995 1765 fuit,
1026 1731 1099 1755 non
1123 1719 1273 1766 referat,

143 1782 320 1821 expresse
363 1779 488 1808 tamen
525 1778 703 1818 testatur,
748 1770 834 1808 illos
875 1772 929 1808 sic
972 1781 1160 1823 promotos
1188 1773 1269 1808 sine

143 1835 333 1862 manuum
355 1824 593 1874 impositione
609 1853 620 1871 ,
651 1833 691 1861 ut
720 1837 830 1863 veros
850 1823 1056 1876 Episcopos
1086 1837 1157 1862 11011
1177 1824 1269 1862 fuis-

144 1889 186 1915 se
207 1879 379 1929 agnitos.
409 1877 519 1925 Quod
548 1878 636 1915 satis
664 1885 717 1914 est
746 1877 794 1915 ad
824 1877 1031 1929 rejicienda
1063 1886 1100 1914 ut
1129 1890 1269 1930 suppo-

141 1930 259 1969 sititia
291 1931 385 1968 Acta
415 1930 705 1969 Lainbethaua.
743 1931 785 1968 ld
812 1933 943 1982 *ipsum
974 1945 1017 1969 ea
1046 1939 1157 1968 aetate
1188 1931 1274 1983 plu-

143 1996 204 2022 res
242 1983 315 2022 atii
355 1983 527 2022 celebres
560 1986 763 2036 scriptores
800 1983 957 2022 fidenter
1001 1994 1273 2033 assernerunt,

145 2049 242 2088 quos
271 2038 368 2074 inter
398 2038 589 2075 nominari
621 2047 789 2075 meretur
817 2037 1080 2089 Hieronymus
1100 2038 1272 2086 osorius,

143 2091 212 2141 qui
244 2098 397 2142 propter
422 2090 652 2142 velegantiam
681 2088 790 2128 latini
819 2093 1003 2128 sermonis
1036 2089 1171 2128 Cicero
1192 2090 1272 2128 Lu-

143 2147 302 2181 sicanus
317 2141 531 2195 appellatus
552 2144 624 2182 suit
639 2169 650 2182 .
680 2143 833 2191 Quibus
861 2143 1042 2182 omnibus
1071 2156 1295 2196 nunquam*

143 2194 296 2246 objecta
322 2195 487 2246 {egimus
517 2197 612 2234 Acta
640 2196 932 2244 Lambethana,
972 2209 1061 2248 quae
1091 2198 1139 2234 ab
1171 2207 1271 2236 utra-

143 2261 224 2299 que
249 2247 485 2299 litigantium
517 2257 624 2300 parte
652 2257 740 2286 tuuc
773 2260 927 2300 prorsus
968 2250 1270 2300 ignorabantur5

143 2301 180 2339 ἃ
208 2314 299 2355 quae
327 2302 443 2340 nimis
469 2313 553 2340 sero
580 2301 629 2341 ad
658 2299 757 2340 hanc
792 2301 901 2339 litem
941 2300 1154 2340 finiendam
1184 2315 1270 2355 pro-

143 2355 321 2395 dierunt.

205 2421 294 2460 ¹¹7·
324 2406 395 2446 His
421 2408 588 2457 accedit,
630 2407 733 2462 quod
763 2406 890 2447 Guiil.
919 2407 1171 2458 Witakerus‚
1203 2409 1271 2462 qni

144 2462 348 2501 uuus'fuit
377 2474 423 2499 ex
461 2462 730 2500 famosioribus
770 2472 882 2499 sectae
917 2462 1138 2513 Anglicanae
1183 2476 1272 2501 con-

144 2515 399 2564 troversistis,
427 2523 471 2553 ut
487 2515 604 2554 card.
625 2513 862 2554 Bellarmino
890 2515 1043 2554 invictis
1071 2529 1274 2568 argumen-

147 2561 195 2607 tis
226 2567 429 2619 probanti,
465 2567 617 2608 nullam
644 2583 724 2607 esse
759 2568 861 2620 apud
894 2567 1035 2621 Anglos
1066 2569 1272 2621 Episcopo-

146 2633 237 2659 rum
265 2623 571 2670 successionem,
613 2625 706 2674 quia
736 2621 792 2660 illi
811 2652 822 2670 ‚
865 2623 931 2675 qui
975 2622 1025 2661 ab
1053 2622 1274 2662 Elisabetha

148 2674 190 2713 in
221 2672 453 2725 episcopales
480 2674 585 2713 sedes
613 2676 747 2714 intrusi
776 2685 880 2725 sunt,
916 2689 1047 2715 veram
1077 2689 1273 2716 consecra-

145 2729 289 2766 tionem
318 2738 392 2765 non
423 2737 670 2780 receperunt,
700 2743 896 2780 nunqnam
927 2731 974 2768 ad
994 2730 1275 2769 ordinationem

146 2779 306 2819 Parkeri
334 2780 531 2832 confugit,
560 2781 686 2835 qualis
717 2784 757 2821 iu
787 2783 889 2821 Actis
906 2783 1181 2822 Lambethanis
1209 2785 1275 2822 de-

146 2833 356 2880 scribitur,
388 2841 427 2871 ut
455 2835 567 2872 modo
595 2849 745 2887 semper
772 2836 998 2888 confugiunt
1032 2839 1274 2876 successionis

146 2885 371 2938 Anglicauae
398 2887 640 2937 defensores,
679 2889 742 2927 sed
773 2890 895 2941 potius
923 2889 1030 2941 juxta
1061 2890 1243 2942 Zwingiii
1261 2919 1272 2939 ,

147 2939 326 2988 Calvini,
354 2948 469 2993 atque
487 2943 600 2980 etiam
622 2942 778 2981 Lutheri
810 2941 906 2982 falsa
938 2944 1133 2996 principia
1160 2958 1273 2996 aper·

148 3000 185 3030 te
216 2994 468 3045 pronunciat,
497 3009 564 3033 eos
583 2995 794 3035 succedere
815 2995 1033 3046 Apostolis,
1063 3002 1128 3047 qui
1156 3009 1272 3036 voca-

150 3050 180 3083 ta·
210 3047 409 3099 legitime,
434 3046 672 3100 fungantur
688 3049 868 3103 fideliter
896 3054 937 3088 in.
968 3049 1156 3089 Ecclesia
1185 3064 1272 3088 mu-

148 3104 236 3137 neri
264 3114 356 3148 suo,
399 3105 471 3138 etsi
500 3115 580 3139 non
608 3107 798 3140 continua
827 3102 878 3141 ab
908 3104 1104 3153 Apostolis
1139 3109 1271 3143 serie:

148 3152 186 3190 ἃ
217 3163 340 3206 postea
371 3152 526 3206 loquens
553 3155 600 3193 de
630 3156 874 3204 Lutherauis,
913 3158 1013 3208 apud
1042 3170 1134 3207 quos
1163 3157 1273 3197 nulla

149 3215 204 3244 est
232 3210 521 3247 consecrationis
550 3209 707 3248 tiinbra:
751 3207 838 3248 Nos
880 3209 1074 3258 dicimus,
1119 3211 1271 3263 inquit,

150 3258 493 3310 &affirmamus,
524 3260 732 3301 Ecclesias
759 3263 871 3311 illas,
900 3276 1000 3313 quas
1029 3267 1101 3313 ipsi
1130 3274 1272 3303 vocant

151 3309 431 3365 Luchemnas,
463 3315 605 3355 habere
635 3317 859 3370 legitimam
879 3322 1194 3370 successionem,
1221 3319 1271 3362 <¹9-

2333 117 2419 156 ²07

1348 173 1664 223 ordinationem,
1695 177 1782 212 licet
1813 188 1890 212 non
1924 174 2195 227 Papisticam,
2225 179 2275 220 (9·
2303 178 2466 233 proinIe

1350 229 1392 262 in
1424 227 1501 263 illis
1530 226 1723 266 Ecclesiis
1760 243 1869 266 veros
1901 230 2114 284 Episcopus
2156 245 2269 271 esse.
2320 236 2372 272 ita
2409 236 2472 273 hic

1346 278 1632 329 Cambrigensis
1654 281 1814 329 noceor,
1843 283 1911 334 qui
1941 299 2025 322 suas
2055 289 2325 325 controversias
2354 289 2474 328 edidit

1347 345 1420 368 nnn
1450 331 1570 369 inuito
1592 343 1670 383 post
1693 335 1847 372 initium
1870 339 1974 387 regni
1996 338 2252 378 Elisabethae.
2289 342 2370 388 Qui
2389 355 2472 379 cer-

1351 393 1387 422 te
1416 397 1489 422 uon
1523 387 1571 421 ita
1600 387 1832 436 scripsisset,
1862 391 1891 426 si
1925 392 2017 428 Acta
2049 391 2311 431 Lambethanu
2342 397 2469 433 novis-

1351 447 1426 485 set,
1467 438 1609 490 quibus
1647 440 1758 475 modo
1794 450 1950 479 utuntur
1985 444 2188 491 Anglicaui
2227 448 2272 484 ad
2311 461 2470 489 suorum

1352 491 1632 544 Episcoporum
1663 494 1934 530 successionem
1965 497 2279 537 demontrandam
2298 527 2308 539 .

1412 544 1500 582 118.
1530 545 1674 582 Omitto
1704 543 1830 595 plures
1859 550 2127 598 suppositionis
2157 562 2284 600 notas,
2313 568 2402 605 quae
2433 556 2472 594 111

1352 598 1444 649 ipsis
1467 597 1860 637 Actis11a1nbettnanis
1889 601 1938 636 ab
1968 602 2122 639 eruditis
2150 604 2356 643 observata:
2389 609 2472 646 sue-

1352 661 1461 699 runt,
1493 652 1689 703 praecipue
1719 653 1757 690 iu
1786 653 2008 691 nominibus
2038 654 2337 708 Episcoporum‚
2367 660 2401 696 ἃ
2432 663 2471 699 111

1349 706 1491 742 ratione
1517 714 1734 755 temporum
1765 706 1971 744 admodum
2003 709 2244 758 perturbata:
2275 709 2473 762 hujusmo-

1347 757 1385 794 di
1416 760 1520 795 euim
1549 772 1708 796 examen
1738 757 1772 794 8<
1802 759 1918 797 nimis
1949 759 2142 812 prolixum
2166 792 2176 809 ‚
2207 762 2472 805 &innumeris

1347 811 1641 849 difficultatibus
1659 812 1870 850 obnoxium
1893 814 1986 851 {oret
2004 840 2015 851 .
2047 815 2202 853 Interim
2229 830 2272 854 ex
2296 816 2354 855 his
2376 832 2470 870 pau-

1347 866 1422 911 cis,
1451 865 1513 902 sed
1545 867 1665 916 potius
1695 878 1740 902 ex
1770 874 1844 904 tota
1876 865 1945 906 hac
1972 870 2249 918 controversia,
2277 883 2367 922 quae
2388 873 2471 923 diu,

1347 917 1591 970 multumque
1628 919 1765 970 agitata
1809 920 1881 957 fuit
1920 922 2018 958 iuter
2047 921 2261 961 Catholicos
2304 937 2350 962 ex
2394 938 2472 965 uns.

1346 981 1452 1022 parte
1483 974 1497 1021 (
1519 972 1660 1022 quibus
1689 972 1723 1008 ἃ
1746 972 2024 1025 I’resbyteriaui
2054 977 2337 1017 consentiebant
2358 978 2400 1026 )‚
2436 978 2471 1016 ὃς

1348 1024 1488 1075 Anglos
1517 1025 1764 1076 Episcopales
1792 1039 1837 1063 ex
1867 1026 2011 1074 altera,
2058 1028 2233 1080 quilibet·
2248 1040 2351 1068 certo
2379 1043 2471 1070 con-

1346 1076 1502 1114 cludere
1533 1087 1676 1128 potest,
1716 1080 1996 1118 ordinationem
2027 1079 2208 1130 parkeri,
2250 1085 2310 1122 sin
2345 1086 2473 1123 miuus

1346 1141 1474 1181 aperte
1504 1132 1651 1169 irritam
1670 1162 1680 1179 ,
1711 1131 1746 1168 8(
1776 1132 1950 1181 nullam,
1979 1133 2113 1173 saltem
2142 1135 2252 1174 valde
2281 1137 2472 1187 dubiam,

1347 1182 1380 1218 &
1412 1185 1597 1221 incertam
1627 1198 1728 1230 esse3
1765 1187 1867 1223 unde
1896 1189 2167 1239 consequitur,
2206 1189 2367 1228 dubiam
2397 1191 2472 1230 sai-

1348 1245 1448 1284 tem,
1479 1236 1511 1273 St
1543 1237 1725 1276 incertam
1753 1252 1834 1277 esse
1864 1238 2165 1290 Anglicanorum
2192 1241 2477 1294 Episcoporum.

1347 1291 1616 1327 successionem
1635 1316 1646 1328 .
1686 1292 1733 1329 At
1762 1305 1851 1330 vero
1881 1303 2032 1344 recepta
2064 1295 2101 1331 in
2133 1294 2307 1333 Ecclesia
2333 1297 2472 1336 Catho-

1348 1342 1423 1381 lica
1453 1343 1582 1394 regula
1610 1353 1686 1393 est,
1717 1353 1755 1382 ut
1775 1346 2089 1399 quotiescumque
2119 1347 2164 1385 de
2195 1346 2322 1386 valore
2351 1349 2474 1388 alicu-

1341 1395 1411 1447 jus·
1437 1398 1684 1435 ordinationis
1721 1398 1923 1437 fundatum
1960 1402 2130 1438 exoritur
2171 1400 2361 1451 dubium,
2406 1402 2475 1443 illa.

1339 1450 1413 1487 snb
1441 1450 1657 1488 conditione
1688 1453 1862 1497 iteretur;
1894 1466 1982 1503 ergo
2010 1453 2256 1492 manifestum
2286 1464 2367 1503 est,
2401 1468 2475 1494 11011

1338 1517 1448 1593 posse
1478 1503 1697 1551 Diaconos,
1728 1504 1996 1556 Presbyteros,
2039 1515 2155 1558 atque
2185 1507 2394 1562 Episcopos
2424 1509 2473 1547 11-

1358 1559 1414 1594 ius
1443 1566 1553 1595 sectae
1583 1557 1630 1595 ad
1659 1557 1845 1597 Ecclesiae
1875 1560 2001 1598 sinum
2041 1570 2265 1599 revertentes
2295 1564 2375 1600 sine
2406 1563 2476 1601 ite-

1343 1619 1426 1648 rata
1453 1613 1729 1649 consecratione
1758 1613 1798 1650 iu
1825 1614 1904 1651 suis
1933 1613 2113 1663 gradibus
2141 1617 2383 1654 conservari.

1403 1677 1490 1715 ¹¹9·
1519 1664 1594 1703 Sed
1632 1664 1816 1704 nullitatis
1847 1666 2148 1717 Anglicanarnm
2185 1668 2474 1708 ordinationum

1343 1719 1524 1768 gravius,
1555 1716 1590 1752 ἃ
1618 1720 1757 1757 certius
1777 1730 2044 1770 argumentum
2064 1721 2277 1759 desumitur
2305 1735 2351 1760 ex
2380 1735 2474 1762 con·

1340 1780 1444 1807 sueta
1476 1771 1633 1809 illarum
1665 1772 1815 1820 forma,
1857 1786 1945 1824 quoe
1991 1775 2191 1812 manifeste
2232 1775 2364 1814 vitiosa
2392 1784 2473 1822 est;

1337 1823 1481 1862 scilicet
1503 1838 1546 1862 ex
1572 1824 1640 1862 ilia
1662 1824 1786 1864 forma
1802 1855 1814 1874 ‚
1835 1839 1923 1878 quae
1942 1825 2160 1878 appellatur
2180 1827 2353 1867 Eduardi
2376 1825 2443 1868 vt.
2462 1857 2475 1876 ,

1341 1880 1434 1927 quia
1463 1878 1535 1916 snb
1566 1876 1671 1916 iliius
1713 1892 1827 1931 regno
1863 1893 1963 1918 anuo
1997 1881 2112 1933 1549.
2153 1880 2300 1919 abotiio
2327 1879 2475 1921 Rituali

1343 1929 1514 1969 Romano
1543 1945 1683 1969 novum
1709 1932 1911 1970 conditum
1940 1932 2040 1982 fuit,
2083 1937 2122 1972 111
2159 1947 2237 1986 quo
2275 1934 2316 1973 id
2353 1944 2475 1973 totum.

1341 1985 1505 2023 studiose
1533 1993 1743 2023 resecatum
1773 1995 1852 2033 est,
1896 1986 1999 2037 quod
2043 1987 2203 2038 pertinet
2247 1987 2295 2025 ad
2324 1988 2475 2027 sacrifi·

1338 2037 1476 2086 cium,
1518 2051 1562 2080 ac
1604 2046 1824 2090 potestatem
1863 2039 2110 2078 consecrandi
2154 2038 2476 2090 Eucharistiam,

1339 2091 1432 2142 quia
1461 2104 1602 2143 nempe
1630 2090 1738 2143 juxta
1769 2090 1987 2140 haereticam
2019 2091 2229 2145 Zwinglii,
2269 2107 2314 2133 ac
2343 2094 2476 2134 Calvi·

1339 2143 1378 2181 ni
1407 2145 1621 2183 doctrinam
1651 2159 1673 2182 a
1704 2145 1874 2193 ssucero,
1913 2143 2019 2183 Petro
2050 2144 2205 2195 Moliri,
2239 2146 2405 2200 aliisque
2434 2163 2474 2188 e·

1339 2195 1489 2246 jusdem
1532 2208 1642 2235 sectoe
1674 2195 1862 2236 Ministris
1905 2197 2001 2237 illuc
2042 2200 2208 2237 evocatis
2243 2211 2473 2252 acceptam,

1338 2250 1575 2287 sacrificium
1598 2249 1728 2288 Missae
1747 2280 1757 2298 ,
1789 2253 2032 2300 praesentiam
2054 2251 2192 2290 Christi
2223 2252 2366 2292 realem
2384 2283 2396 2302 ‚
2425 2267 2472 2294 ac

1339 2315 1534 2340 sacrorum
1557 2315 1761 2341 munerum
1777 2304 2215 2344 transubstantiationem
2232 2336 2242 2354 ‚
2275 2306 2395 2345 immo
2414 2315 2473 2347 to·

1338 2363 1420 2392 tum
1450 2357 1701 2394 sacerdotium
1732 2355 1968 2408 rejecerant.
2014 2358 2097 2396 Non
2140 2359 2336 2411 oportebat
2379 2373 2471 2412 ergo

1339 2407 1463 2447 ullam
1495 2411 1532 2447 1ι1
1561 2410 1799 2449 ordinatione
1820 2408 2001 2464 Episcopi
2035 2411 2172 2450 harum
2202 2426 2331 2451 rerum
2363 2428 2471 2452 men·

1339 2462 1479 2500 tionem
1511 2465 1702 2513 ingerere,
1730 2476 1820 2502 cum
1852 2474 1977 2502 tamen
2010 2464 2048 2503 id
2069 2468 2323 2505 necessarium
2344 2468 2471 2506 omni-

1338 2528 1388 2554 no
1415 2516 1489 2564 sit,
1531 2516 1639 2567 juxta
1666 2515 1917 2556 orthodoxam
1947 2517 2134 2558 Ecclesiae
2173 2518 2374 2559 catholicae
2404 2521 2471 2558 do·

1339 2569 1501 2607 ctrinam
1520 2599 1530 2618 ,
1560 2572 1599 2608 111
1626 2584 1705 2622 qua
1733 2573 2004 2623 praecipuum,
2035 2571 2069 2610 ἆ
2093 2573 2293 2612 essentiale
2314 2573 2472 2625 Episco-

1343 2623 1383 2674 pi
1413 2622 1584 2661 officium
1616 2634 1694 2671 est,
1725 2625 1940 2663 Sacerdotes
1958 2656 1968 2673 ,
1999 2626 2168 2679 aliosque
2190 2628 2380 2665 ministros
2409 2640 2472 2665 or-

1337 2676 1474 2714 dinare
1505 2675 1759 2716 Eucharistici
1788 2678 1998 2727 sacrificii,
2037 2693 2081 2718 ac
2110 2679 2380 2720 Sacerdotibus
2408 2695 2473 2719 ve-

1342 2741 1428 2768 rum
1445 2729 1583 2768 Christi
1604 2744 1741 2782 corpus
1761 2733 2007 2772 consecrandi
2032 2742 2249 2783 potestatem
2273 2734 2441 2773 tribuere
2458 2759 2471 2773 .

1403 2796 1489 2821 120.
1521 2783 1621 2822 Hinc
1641 2795 1913 2838 consequenter
1936 2786 2144 2837 Anglicana
2167 2787 2232 2826 iila
2252 2787 2366 2828 factio
2386 2787 2472 2825 11111-

1342 2834 1398 2875 los
1426 2850 1530 2875 veros
1550 2837 1793 2887 Sacerdotes,
1824 2852 1891 2878 nec
1921 2852 2027 2878 veros
2056 2839 2246 2880 Diaconos
2275 2841 2471 2888 admittit,

1340 2892 1433 2942 quia
1462 2905 1601 2943 nempe
1630 2893 1668 2930 in
1709 2906 1816 2932 sacra
1857 2893 2094 2933 ordinatione
2124 2891 2316 2946 Episcopo
2358 2893 2470 2933 nulla

1341 2945 1523 2983 tribuitur
1553 2954 1711 2997 potestas
1741 2948 1778 2984 in
1810 2948 1936 2999 ipsum
1966 2961 2100 2986 verum
2131 2960 2268 2999 corpus
2297 2946 2466 2993 Christi,

1340 2999 1403 3038 sed
1436 2998 1558 3036 solum
1591 3000 1630 3038 in
1659 3013 1798 3052 corpus
1841 3002 2075 3054 mysticum,
2119 3001 2262 3040 scilicet
2308 3008 2466 3049 potestas

1341 3052 1580 3103 praedicandi
1611 3051 1892 3105 Evangelium‚
1936 3054 1971 3092 ἃ
2003 3055 2187 3108 populum
2228 3052 2463 3090 instruendi.

1337 3105 1450 3143 Juxta
1479 3107 1584 3143 enim
1617 3105 1824 3146 formulam
1856 3108 2025 3147 Eduardi
2044 3139 2055 3157 ‚
2098 3107 2306 3158 Episcopus
2336 3117 2465 3141 conse-

1337 3171 1447 3197 crans
1465 3189 1475 3207 ,
1517 3171 1607 3198 cum
1637 3159 1723 3198 aliis
1752 3162 2011 3200 assistentibus
2038 3164 2163 3209 primo
2195 3157 2322 3194 Dessffi
2351 3166 2431 3194 orat
2451 3186 2463 3205 2

1338 3221 1380 3249 ut
1408 3225 1564 3250 servum
1592 3226 1709 3251 suum
1737 3211 1794 3253 acl
1808 3219 2083 3253 ‘ministerium
2107 3209 2371 3261 Episcopatus
2400 3222 2462 3247 ιὀ-

1337 3275 1477 3304 catum
1503 3264 1700 3306 'doctrinae
1727 3281 1815 3308 suae
1842 3274 2006 3307 veritate
2034 3269 2233 3311 instruat,
2276 3267 2365 3300 vitoe
2402 3266 2462 3300 iiz-

1338 3324 1529 3361 nocentia
1569 3318 1740 3362 adornet
1761 3352 1773 3373 ,
1815 3332 1986 3372 eamque
2028 3317 2228 3370 largiatur
2254 3319 2464 3407 graman,
