2605 3624
63 95 71 109 '‘
75 0 103 60 ‘’¹-

805 105 884 149 DE
921 103 1199 148 MATERIA
1235 104 1510 150 PROXIMA
1546 107 1830 156 BAPTISMI
1854 145 1865 156 .

174 189 232 237 ti,
260 190 302 227 in
330 188 493 228 ttomi'ne
518 185 606 225 Filii
633 185 787 231 creati,
829 185 879 224 (Ψ
908 188 949 221 in
978 186 1140 221 nomine
1170 183 1290 234 Spiri-

170 250 232 280 tus
274 241 595 294 sanctificantis,
642 237 692 277 (θ’
719 249 748 273 a
776 246 916 274 creato
954 236 1050 273 Filio
1090 240 1290 285 procreati

172 296 265 346 (a).
304 296 384 333 Hac
413 294 460 331 de
488 305 599 330 causa
628 289 959 329 Euuoinianorum
988 290 1180 342 baptisma
1209 304 1289 329 ine-

166 351 240 387 rito
268 347 447 399 rejectum
477 345 577 382 suit.

225 402 313 452 ¹57·
341 399 447 438 Idem
475 396 680 435 dicendum
699 397 746 435 de
762 397 976 435 Bouosiacis
996 427 1006 445 ‚
1036 411 1200 449 quorum
1220 397 1290 436 ba-

167 455 347 509 ptismum
378 450 550 502 Pelagius
593 451 806 488 iterandum
851 451 1025 503 praecipit
1042 481 1052 498 ‚
1097 464 1170 488 non
1203 463 1288 503 pro-

169 515 252 560 pter
279 504 396 544 solam
424 505 668 543 omissionem
699 505 809 542 triiiae
838 505 1116 552 immersionis,
1158 506 1220 542 sed
1251 519 1290 541 e-

167 561 259 599 tiam
288 559 380 610 quia.
408 560 673 610 praescriptam
701 572 724 596 a.
752 557 901 595 Cliristo
925 558 1094 595 Doniino
1122 558 1288 595 formam

2340 130 2416 171 ¹61

1418 188 1505 248 {59-
1537 188 1611 226 Ob·
1642 190 1778 226 ultimo
1797 218 1806 229 ·
1839 194 1878 230 ln
1909 192 2099 245 baptismo
2129 198 2335 250 significari
2370 206 2482 245 debet

1359 239 1526 277 Trinitas
1558 255 1832 292 personarum,
1864 246 1895 280 8(
1925 248 2062 285 Christi
2093 242 2284 302 sepultura
2304 286 2315 303 ,
2344 273 2388 295 nc
2418 273 2476 296 re-

1357 294 1565 332 surrectio:
1610 308 1698 347 ergo
1725 296 1835 334 debet
1865 299 1903 335 in
1935 301 2014 350 ipso
2051 303 2221 344 adhiberi
2252 310 2374 349 totalis
2406 313 2478 350 iiii-

1358 347 1521 392 mersio,
1565 346 1598 383 ἃ
1627 350 1788 386 emersio
1826 363 1902 400 qua
1946 354 2213 404 praefiguratur
2256 364 2446 411 ειῚμιΙιιη-,ι

1358 399 1391 435 ἃ
1422 402 1671 446 resurrecti05
1715 401 1748 437 &
1780 402 1862 441 liaec
1893 418 1969 441 esse
1996 405 2104 444 debet
2135 412 2230 448 trini
2259 416 2304 452 :nl
2465 396 2478 414 ⁹

1356 454 1516 492 caudam
1548 453 1778 493 Trinitatem
1797 481 1807 493 .

1416 505 1504 544 100.
1532 506 1743 559 Respondet
1771 509 1811 546 S.
1842 509 2010 548 Thomas
2039 521 2108 549 art.
2131 513 2168 551 8.
2198 516 2244 553 ad
2281 532 2310 554 i.
2329 550 2337 566 ‚
2376 523 2477 570 ‘lm-l

1356 563 1458 612 signi
1479 564 1599 597 teatio
1633 559 1837 599 Trinitatis
1868 563 1923 615 fit
1955 568 1995 600 in
2026 564 2219 615 baptismo
2265 584 2332 618 per
2362 577 2475 614 rerba,

2335 418 2479 469 siguifi-

167 610 403 652 temerabunt
423 637 434 649 .
477 611 520 649 St·
555 624 722 659 revera,
766 612 888 663 iuquit
918 610 1085 648 Pontifex
1107 641 1119 659 ,
1162 609 1198 647 hi
1241 610 1290 648 de
1343 614 1533 665 Jormae‚·
1562 626 1635 651 nec
1665 624 1722 652 est
1752 615 1799 652 (Ie
1820 622 2083 667 necessitate,
2115 622 2215 670 (suoi
2235 625 2478 677 significetur

165 662 351 719 praefiztis
393 663 589 703 liaereticis
609 690 679 703 .....
700 663 947 702 solummodo
988 677 1030 702 se
1057 667 1100 701 in
1129 667 1290 702 nornine

167 716 338 757 Domini
385 716 601 769 baptizatos
629 717 767 770 fuisse
795 716 980 769 j'orsitan
1016 716 1256 770 confitentur
1277 747 1289 766 ,

167 774 254 810 sine
283 771 495 819 cujusdam
525 770 777 810 dubitationis
819 770 1006 837 ambiguo
1043 783 1108 807 eos
1137 769 1192 807 atl
1220 783 1290 808 ca-

164 819 353 864 tholicam
371 824 508 878 fidem
537 828 735 863 venientes
754 833 911 862 sanctae
939 822 1144 861 Frinitatis
1164 828 1290 861 nomi-

167 891 220 916 ne
261 876 503 931 baptizabis.
539 879 586 917 ὃ.
616 877 784 915 Thomas
814 878 851 915 5.
883 876 923 914 P.
952 885 1088 928 quaest.
1121 876 1187 915 06.
1218 886 1288 915 art.

163 930 206 970 8.
235 931 283 970 ad
300 944 337 970 2.
367 931 435 970 illa
463 932 580 971 verba
610 931 779 982 ejusdem
802 929 968 981 Pelagii:
997 927 1289 981 Evangelicutn

163 993 405 1036 proeceptum
421 1014 432 1032 ‚
463 987 546 1034 ipso
565 983 741 1022 Domino
762 982 851 1021 Deo
868 1013 878 1031 ‚
907 983 957 1023 Θ
981 982 1189 1021 Salvatore
1219 997 1289 1021 no·

163 1046 246 1077 stro
259 1036 350 1076 Jesu
375 1036 526 1075 Clzri'sto
554 1036 765 1084 tradente,
796 1049 869 1074 nos
897 1035 1118 1084 admonet,
1149 1040 1191 1074 in
1219 1051 1289 1074 no-

166 1095 275 1129 mine
307 1088 515 1128 Trinitatis
542 1094 651 1129 trina
680 1093 936 1128 immersione
964 1089 1135 1141 factum
1164 1089 1288 1142 bapti-

166 1156 302 1183 smum
348 1147 555 1195 unicuique
596 1142 765 1182 tribuere
802 1144 859 1181 ita
894 1143 1061 1195 explicat
1090 1143 1138 1181 ad
1171 1156 1235 1181 2.:
1261 1174 1287 1193 „

164 1226 192 1247 „
221 1196 393 1249 Pelagius
419 1196 526 1250 Papa
555 1197 731 1249 inteiligit
760 1197 900 1235 trinam
931 1197 1217 1235 immersionem
1235 1212 1289 1235 es-

164 1279 192 1300 „
221 1251 334 1289 sede
361 1251 538 1289 mandato
551 1250 690 1290 Christi
721 1251 759 1288 iu
788 1263 854 1288 suo
882 1249 1030 1299 simili,
1060 1251 1099 1288 iu
1130 1249 1200 1288 lioc
1216 1252 1288 1290 sci-

162 1331 190 1353 „
219 1302 334 1353 licet,
375 1304 476 1356 quod
505 1303 678 1343 Christus
707 1306 892 1356 praecepit
928 1303 1117 1356 baptizari
1147 1307 1189 1341 in
1218 1317 1288 1342 no-

161 1385 190 1406 „
218 1361 328 1396 mine
357 1357 511 1406 Patris,
540 1359 589 1398 ἴθ’
607 1357 722 1407 Filii,
750 1356 982 1409 &Spiritus
1009 1361 1142 1395 sancti
1159 1385 1168 1396 .
1199 1358 1285 1397 Non

163 1438 191 1459 ,‚
220 1417 348 1449 tamen
391 1420 443 1449 est
482 1411 622 1451 similis
662 1412 760 1450 ratio
787 1411 835 1449 de
870 1411 1023 1460 forma,
1068 1411 1103 1448 &
1137 1411 1184 1450 de
1214 1425 1285 1451 usu

159 1491 188 1512 ,θ
216 1464 388 1502 inateriae
410 1464 433 1480 ’'
449 1489 460 1502 .

221 1516 308 1554 158.
338 1516 573 1556 Postremum
614 1518 660 1556 de
689 1517 892 1558 Novaiiani
935 1518 1127 1571 baptismo
1169 1517 1284 1557 facile

157 1569 383 1620 expeditur,
411 1570 650 1610 observando
679 1586 768 1610 cum
800 1572 921 1610 Henr.
950 1571 1105 1610 Valesio
1134 1573 1174 1610 in
1206 1573 1283 1610 Ad-

158 1631 237 1660 not.
266 1624 313 1662 ad
338 1622 445 1663 'lianc
487 1623 616 1663 locum
647 1625 806 1664 Eusebii
825 1656 835 1672 ,
883 1638 959 1664 nou
986 1627 1104 1664 fnisse
1133 1625 1283 1664 dubita·

156 1683 243 1714 tum
271 1677 317 1715 de
346 1677 474 1715 valore
506 1677 691 1729 baptismi
721 1678 932 1716 Novatiano
960 1679 1112 1717 collati:
1161 1691 1283 1730 neque

157 1731 263 1767 eniin
292 1728 464 1781 legitur,
513 1731 628 1768 fuisse
666 1732 797 1782 ipsum
842 1733 983 1768 iterum
1020 1732 1282 1782 baptizatum,

158 1783 314 1833 quando
344 1784 382 1820 iu
404 1782 673 1836 Presbyterum
704 1786 896 1822 ordinatus
915 1784 986 1821 fuit
1005 1815 1016 1832 ,
1044 1785 1107 1822 sed
1137 1784 1182 1821 de
1196 1798 1283 1836 gra-

159 1837 214 1873 tia
243 1833 357 1887 liujus
379 1836 638 1885 Sacrameuti,
667 1850 755 1889 quae
785 1836 1006 1876 hominibus
1035 1838 1184 1876 obicem
1212 1851 1283 1889 ,po-

156 1889 337 1928 nentibus
365 1903 439 1928 uon
483 1891 698 1935 confertum
742 1904 891 1942 semper
920 1892 1022 1930 enim
1066 1891 1283 1930 dubitatum

155 1940 233 1979 fuit
261 1942 308 1980 de
336 1945 434 1982 veris
462 1941 619 1981 illorum
648 1943 985 1995 dispositionibus,
1015 1945 1084 1996 qui
1115 1946 1153 1982 iu
1184 1945 1282 1996 peri-

155 1993 245 2033 culo
273 1997 405 2034 mortis
432 1995 667 2048 baptismum
699 1996 986 2047 efflagitabant:
1027 1997 1283 2048 quamobrem

156 2059 238 2088 non
265 2050 319 2087 ita
360 2048 476 2089 facile
503 2049 552 2087 ad
579 2062 703 2088 sacras
733 2050 1000 2088 Ordinationes
1028 2049 1284 2089 admitteban-

158 2109 220 2142 tur
240 2128 252 2140 .
293 2101 477 2156 Culpatus
507 2103 622 2141 etiam
647 2103 725 2141 fuit
753 2103 1008 2150 Novatianus,
1037 2103 1130 2155 quia
1159 2117 1284 2157 neque

159 2164 371 2206 postquam
401 2154 586 2195 liberatus
614 2164 673 2194 est
701 2169 729 2193 a
759 2155 916 2202 morbo,
957 2156 1111 2208 relitsua
1151 2171 1283 2208 perce-

161 2211 216 2259 pit
233 2238 244 2256 ,
273 2222 361 2259 quae
389 2209 606 2248 secundum
636 2209 819 2260 regulam
841 2209 1039 2248 Ecclesiae
1066 2214 1283 2264 percipien-

163 2259 220 2298 da
248 2271 365 2310 sunt,
407 2275 534 2314 neque
577 2262 627 2300 ab
655 2262 853 2315 Episcopo
895 2267 1153 2314 consignatus
1193 2274 1280 2305 est.

162 2312 264 2354 Vide
292 2315 392 2356 dicta
418 2318 592 2369 superius
620 2316 780 2357 Dissert.
814 2330 848 2357 t.
875 2331 916 2358 n.
946 2315 1038 2356 600.

207 2501 254 2539 (a)
277 2498 454 2546 Deceptus
479 2503 687 2550 est'Gaspai·
703 2503 830 2539 Juenin
850 2527 861 2547 ‚
887 2502 971 2539 (lum
999 2505 1034 2539 in
1059 2504 1197 2551 egregio
1223 2519 1284 2542 suo

165 2539 412 2581 Commentario
448 2548 661 2592 Histoi-ico,
698 2555 740 2585 (θ’
777 2554 820 2586 do
848 2561 926 2586 mat·
966 2555 1011 2586 de
1047 2553 1284 2588 Sacramenta

166 2585 242 2644 hmo
268 2593 302 2624 S·
321 2593 507 2638 Epiplianii
533 2597 639 2631 verba
666 2598 815 2632 abAi-cu
847 2600 876 2632 io
901 2599 1036 2639 relata,
1061 2601 1151 2643 opud
1175 2603 1286 2645 ipsum

170 2630 398 2678 Epiphaniam
421 2653 621 2687 nequaquam
647 2649 820 2687 reperiri,
846 2645 988 2690 scripsit
1004 2668 1012 2677 .

217 2681 268 2720 (b)
298 2683 332 2715 S·
356 2685 506 2720 lrenaeus
532 2689 611 2722 Lib.
630 2690 657 2722 1.
683 2693 814 2725 Contra
840 2691 985 2725 hareses
1018 2703 1093 2737 cap.
1121 2700 1177 2726 21.
1203 2704 1289 2727 non-

170 2725 285 2775 nullas
309 2730 414 2781 refert
439 2743 618 2779 corruptas
644 2736 893 2772 Gnosticorum
919 2739 1112 2780 formulas5
1138 2742 1170 2771 &
1194 2739 1285 2774 lianc

171 2779 263 2805 inter
287 2773 391 2808 alias:
418 2777 455 2810 In
480 2784 612 2815 nomine
638 2787 749 2827 ignoti
763 2783 882 2818 Patris
901 2789 1069 2825 omnium,
1093 2790 1130 2819 in
1157 2790 1286 2820 verita-

171 2824 340 2872 te1niatre
374 2827 516 2856 vinnium
534 2846 545 2866 ,
582 2830 617 2860 in
644 2842 708 2870 eo,
743 2834 797 2875 qni
831 2834 866 2864 in
890 2830 1006 2864 Jesum
1036 2834 1222 2866 descendit
1248 2836 1286 2866 in

168 2874 293 2897 unione
306 2886 325 2917 ‚³
343 2869 383 2898 (θ’
407 2870 634 2914 redemptione
649 2896 661 2914 ,
686 2879 726 2908 (9·
753 2881 979 2911 communione
1005 2881 1178 2912 virtutum.
1217 2880 1285 2912 Re-

171 2919 290 2962 censet
316 2909 407 2964 ulem
432 2915 466 2945 S.
493 2915 592 2950 Pater
615 2919 787 2956 horrenda
813 2921 972 2968 quaedain
998 2927 1138 2958 nomina
1163 2937 1204 2959 ex
1224 2926 1286 2959 lie-

170 2954 292 2990 braico
327 2955 490 2993 idiomate
525 2960 660 2998 detorta
691 2987 702 3006 ,
736 2969 864 3011 quibus
903 2982 982 3004 suos
1019 2970 1286 3006 catechumenos

172 2999 348 3035 deterrere
374 3004 552 3045 solebant3
577 3010 709 3044 scilicet
729 3012 896 3056 Basema,
923 3017 1105 3058 Carnos-si,
1132 3017 1287 3052 Bam-an·

167 3055 226 3082 tea
247 3069 258 3088 ‚
282 3048 471 3102 Mystadia
485 3073 497 3090 ,
525 3051 642 3087 Rauda
659 3076 670 3094 ,
708 3056 842 3098 Gustu,
868 3060 1070 3104 Babuphor,
1096 3064 1257 3098 Culachti
1278 3086 1286 3095 ·

165 3093 340 3147 Pfaeterea
362 3107 433 3139 ipse
454 3099 487 3129 S.
508 3099 723 3141 Augustinus
739 3103 814 3136 loco
838 3105 897 3137 cit.
915 3118 956 3139 ex
973 3118 1013 3140 eo
1037 3107 1130 3152 quod
1149 3110 1184 3142 in
1197 3112 1289 3143 Con-

170 3140 254 3174 cilio
277 3140 423 3175 NIcaeno
449 3144 553 3176 fuerit
580 3146 810 3180 constitutum
826 3169 836 3187 ‚
870 3150 1050 3185 Paulianos
1074 3165 1147 3186 esse
1172 3155 1290 3198 bapti·

171 3184 321 3228 nudos,
359 3197 451 3221 recte
478 3190 608 3230 infert,
645 3204 704 3224 eos
732 3196 881 3237 regulum
906 3197 1121 3238 baptismatis
1147 3212 1211 3232 non
1239 3208 1290 3232 te-

173 3241 282 3271 nere;
305 3232 397 3278 quod
410 3235 538 3269 clarius
563 3238 730 3281 exprimit
747 3239 967 3273 Innocentius
987 3244 1012 3272 i.
1039 3244 1151 3287 Epist.
1173 3245 1287 3277 xvii.

175 3286 251 3328 σξη).
267 3278 298 3311 5.
316 3279 433 3314 dicens
445 3303 456 3321 ,
482 3282 695 3326 baptismum
714 3285 1006 3319 paulianistarum
1026 3287 1129 3321 fuisse
1147 3289 1182 3321 in
1198 3290 1290 3322 Con-

175 3321 258 3356 cilio
284 3324 425 3361 Nicaeno
450 3327 645 3373 rejectum,
671 3335 748 3374 quia
774 3335 808 3365 in
834 3336 967 3366 nomine
992 3331 1135 3376 Patris,
1160 3338 1201 3370 (Τ
1226 3334 1289 3372 Fi-

281 3369 516 3429 Gazzaniga
547 3376 583 3416 T
580 3376 678 3418 lieol.
709 3377 822 3421 Toin.
844 3377 949 3420 Vni.

1361 665 1537 704 Trinitas
1551 680 1621 716 per
1650 681 1763 705 usum
1794 674 2004 715 materioe;
2033 672 2103 709 secl
2131 673 2202 711 lios:
2219 677 2275 728 Ji't
2307 679 2361 715 al
2391 694 2480 717 ma-

1352 721 1486 772 jorem
1517 726 1837 770 expressionem.
1867 723 2056 763 Similiter
2086 730 2210 765 etiam
2241 744 2348 769 mors
2372 732 2482 770 (Νινί-

1357 778 1407 811 sti
1437 773 1649 826 figuratur
1691 775 1934 824 sufficienter
1962 782 2002 815 in
2033 784 2153 818 unica
2197 786 2482 826 immersione.

1360 826 1549 864 Triduum
1578 836 1714 866 autem
1743 831 1954 879 sepulturoe
1984 846 2062 869 noti
2093 843 2150 871 est
2182 835 2242 873 tle<
2265 845 2482 878 necessita-

1356 889 1396 918 te
1424 881 1564 918 salutis
1593 890 1772 927 nostroe,·
1815 888 1908 934 quia
1937 889 2099 923 etiamsi
2128 901 2205 926 uno
2235 890 2297 928 (lie
2337 892 2482 941 suisset

1357 935 1554 983 sepultus,
1599 935 1655 972 rel
1684 946 1884 990 mortuus⁴
1926 937 2147 986 suffecisset
2177 943 2232 980 al
2267 938 2477 994 perfinieri-

1357 987 1454 1025 ilam
1485 997 1668 1025 nostram
1699 989 2012 1040 redemptionem
2034 1020 2119 1032 ......
2141 994 2196 1032 Et
2228 993 2480 1050 ilvo'patet,

1356 1040 1458 1091 quod
1504 1045 1614 1079 trina
1657 1046 1860 1081 immersio
1903 1058 1976 1082 nec
2019 1060 2073 1084 ex
2100 1059 2214 1095 parte
2249 1050 2480 1103 'I'rinitatt'5‚

1356 1107 1430 1131 nec
1459 1106 1512 1131 ex
1540 1103 1654 1144 parte
1683 1101 1880 1148 passionis
1905 1098 2045 1139 Christi
2076 1111 2133 1140 est
2163 1103 2212 1142 de
2242 1110 2480 1147 necessitate

1355 1146 1612 1186 Sacramenti
1632 1174 1645 1187 .

1781 1202 1955 1242 CAPUT
1983 1205 2069 1245 VII.

1663 1307 1730 1347 De
1773 1309 1971 1362 Baptismi
1999 1312 2177 1364 forma.

1414 1413 1501 1453 161.
1522 1392 1702 1460 Sanctus
1732 1418 1965 1468 Augustinus
1994 1420 2083 1458 Lib.
2100 1421 2168 1459 Vi.
2199 1421 2246 1460 tle
2276 1423 2485 1475 Baptismo

1353 1481 1440 1520 cap.
1463 1469 1527 1506 25.
1559 1468 1607 1505 T.
1626 1469 1695 1506 IX.
1725 1469 1894 1509 dicebat:
1925 1472 2097 1523 facilius
2126 1479 2290 1514 ini-eniri
2329 1478 2484 1517 ltoereti-

1353 1533 1442 1569 cos,
1487 1524 1550 1571 qui
1579 1526 1741 1560 omnino
1770 1536 1850 1561 non
1879 1523 2103 1574 baptizent,
2147 1541 2269 1578 quam
2306 1537 2369 1579 qui
2399 1547 2483 1571 nan

1353 1575 1428 1611 illis
1456 1572 1578 1611 rei-bis
1612 1578 1626 1624 (
1651 1575 1889 1626 Evaiigelicis
1921 1579 1933 1624 )
1965 1577 2182 1630 baptizent.
2212 1582 2283 1620 Sed
2317 1594 2353 1622 ut
2383 1587 2483 1626 aiibi

1353 1630 1367 1677 (
1388 1627 1490 1665 Diss.
1509 1640 1544 1665 2.
1561 1641 1598 1665 ii.
1620 1627 1740 1675 168.)
1771 1631 2008 1679 notavimus,
2041 1634 2077 1670 id
2100 1634 2210 1672 debet
2240 1640 2410 1690 restringi
2432 1640 2482 1679 ad

1351 1689 1522 1732 tempora
1538 1679 1578 1718 S.
1597 1681 1799 1733 Augustini
1816 1709 1826 1720 .
1847 1683 1906 1721 Ex
1924 1687 2205 1738 antiquioribus
2221 1691 2325 1728 enirn
2343 1705 2479 1731 motiu-

1352 1735 1490 1772 inentis
1519 1743 1658 1771 constat
1680 1764 1691 1782 ,
1722 1736 1837 1773 nimis
1856 1735 1991 1775 multos
2022 1741 2134 1777 fuisse
2155 1740 2381 1793 liaereticos,
2411 1747 2481 1799 qui

1352 1786 1614 1839 evangelicam
1643 1787 1823 1839 baptismi
1853 1789 2020 1828 formam
2064 1796 2228 1844 graviter
2266 1798 2481 1838 vitiabant·

1352 1840 1496 1879 Eorum
1527 1839 1716 1891 plurimos
1757 1854 1940 1880 excusare
1969 1845 2072 1884 nisus
2102 1856 2154 1884 est
2196 1850 2256 1886 vir
2284 1862 2383 1889 certe
2413 1853 2481 1891 do-

1351 1894 1539 1932 ctissimus
1557 1923 1567 1941 ,
1597 1893 1662 1931 sed
1689 1895 1767 1932 suis
1796 1896 1998 1947 paradoxis
2027 1900 2275 1950 opinionibus
2292 1918 2394 1956 saepe
2416 1907 2482 1944 de-

1351 1955 1481 1995 ceptus
1508 1945 1568 1984 Jo.
1593 1946 1842 1994 Harduinus3
1872 1963 1987 2000 quem
2017 1952 2136 1990 solide
2165 1957 2377 1996 confutavit
2405 1959 2484 1999 Jos.

1352 1999 1510 2051 August.
1541 1999 1629 2037 Orsi
1660 2013 1704 2038 ex
1727 1999 2026 2042 praedicatorum
2044 2005 2214 2046 Familia
2237 2010 2291 2048 ad
2320 2013 2481 2064 amplis-

1351 2053 1495 2091 simum
1509 2052 1774 2092 cardinalium
1804 2054 2009 2108 collegium
2040 2069 2167 2110 postea
2196 2074 2411 2117 assumptus
2441 2068 2481 2105 iii

1352 2104 1394 2144 P.
1425 2104 1495 2144 ult.
1537 2119 1618 2144 suae
1649 2107 1932 2148 Dissertationis
1970 2111 2070 2150 Hist.
2108 2113 2174 2153 De
2202 2115 2408 2168 Baptismo
2437 2123 2482 2156 in,

1350 2163 1516 2197 nomine
1543 2159 1636 2198 Jesu
1658 2159 1831 2210 Christi,
1862 2162 1928 2201 ubi
1959 2166 2035 2216 agit
2064 2165 2113 2205 de
2142 2166 2381 2219 Haereticis,
2412 2177 2479 2222 qui

1351 2211 1535 2265 baptismi
1559 2212 1752 2266 formam
1781 2216 1875 2253 olim
1913 2217 2194 2259 adulterarunt
2223 2222 2279 2273 (b)
2298 2251 2308 2262 .
2352 2224 2480 2263 Prote-

1349 2275 1486 2305 staiites
1513 2270 1768 2307 communiter
1799 2270 1973 2308 usitatam
2005 2273 2043 2309 in
2063 2273 2236 2313 Ecclesia
2266 2277 2476 2316 formulam

1350 2321 1390 2360 in
1407 2319 1598 2372 baptismo
1615 2322 1800 2368 retinent3
1830 2335 2052 2375 quanquam
2082 2324 2204 2379 aliqui
2226 2342 2356 2368 eorum
2374 2344 2479 2370 eam-

2336 2383 2426 2422 dem

1351 2510 1396 2543 lii
1415 2531 1426 2550 ,
1452 2510 1493 2542 (φ’
1523 2507 1678 2552 Spiritus
1705 2510 1818 2543 sancti
1843 2507 1978 2545 minime
2005 2511 2204 2556 baptizant·
2242 2513 2331 2546 Cum
2361 2519 2478 2547 tamon

1353 2557 1387 2588 S.
1415 2555 1629 2589 Athanasius
1656 2556 1691 2588 in
1716 2557 1816 2590 Orat.
1844 2558 1887 2590 ll.
1913 2566 2008 2590 cont.
2036 2559 2186 2592 Arianos
2221 2570 2316 2592 num.
2335 2559 2392 2601 43.
2419 2560 2478 2592 in-

1355 2610 1407 2634 tei·
1434 2601 1511 2634 illos
1536 2601 1718 2635 liaereticos
1739 2624 1750 2642 ,
1788 2603 1849 2646 qni
1876 2603 2018 2637 nomina
2044 2605 2233 2638 Trinitatis
2265 2606 2480 2650 pronuncia-

1355 2648 1440 2682 bant
1457 2668 1468 2688 ‚
1493 2659 1694 2692 quanquam
1719 2647 1760 2680 de
1787 2660 1825 2681 ea
1853 2658 1945 2682 recte
1972 2662 2041 2684 non
2066 2651 2264 2689 sentirent,
2300 2658 2479 2684 recenseat

1355 2695 1462 2728 etiam
1490 2695 1749 2727 samosatensis
1782 2697 1998 2738 discipulos,
2031 2696 2207 2741 oportebit
2231 2695 2373 2736 (licere,
2409 2707 2478 2730 uon

1354 2752 1473 2775 omnes
1501 2741 1534 2772 in
1562 2741 1677 2774 forma
1701 2741 1867 2785 baptismi
1882 2742 2136 2787 corrumpenda
2163 2743 2269 2776 simul
2296 2743 2480 2776 convenis-

1354 2799 1413 2821 se.
1441 2786 1559 2820 Tertio
1585 2787 1782 2821 Concilium
1810 2788 2012 2822 Arelatense
2040 2791 2083 2822 ll.
2110 2801 2186 2822 can.
2217 2789 2270 2822 16.
2298 2789 2477 2822 Photinia-

1352 2845 1415 2868 nos
1428 2845 1508 2867 cuin
1531 2833 1750 2866 paulianistis
1769 2833 2009 2874 confundens,
2036 2836 2216 2868 seeundum
2244 2835 2378 2868 Patr-um
2408 2844 2477 2868 sta<

1354 2889 1429 2915 tnta
1453 2882 1622 2924 baptizari
1644 2901 1653 2919 ,
1678 2875 1798 2923 jubet.
1824 2879 1955 2924 Quarto
1982 2882 2215 2915 Montini'stas
2241 2885 2374 2926 aliquos
2402 2893 2479 2914 cor·

1353 2927 1489 2972 rupisse
1523 2927 1672 2959 formam
1711 2926 1903 2970 baptismi,
1939 2927 2117 2972 colligitur
2142 2939 2183 2962 ex
2221 2940 2295 2962 can·
2323 2929 2356 2962 8.
2384 2929 2478 2960 Con-

1355 2973 1429 3007 cilii
1455 2971 1672 3012 Laodiceni,
1699 2974 1731 3004 ἃ
1756 2984 1795 3005 ex
1824 2973 1860 3005 S.
1877 2973 2046 3017 Gregorio
2073 2973 2163 3018 Papa
2190 2971 2267 3008 Lib.
2296 2976 2337 3008 ll.
2364 2973 2479 3019 Epist.

1354 3019 1442 3063 67.,
1467 3031 1486 3052 :i
1511 3016 1638 3064 quilius
1664 3029 1782 3051 eorum
1808 3018 1984 3063 baptisma
2012 3020 2183 3063 rejectum
2210 3020 2301 3054 fuit.
2328 3021 2410 3053 Dixi·
2437 3032 2475 3052 α·

1355 3068 1488 3110 liquos.-
1529 3075 1610 3098 nam
1636 3065 1878 3098 Tertullianus
1919 3065 1994 3109 jam
2021 3067 2235 3100 montanista
2273 3075 2366 3100 cont.
2396 3065 2478 3098 Pra-

1356 3123 1455 3159 {teani
1482 3124 1557 3156 cap.
1587 3123 1618 3143 τε.
1646 3111 1894 3155 Evangelicam
1929 3112 2096 3156 baptismi
2123 3112 2276 3146 sormam
2318 3121 2477 3156 expresse

1357 3153 1501 3192 exbibet
1517 3182 1526 3189 .
1555 3156 1686 3203 Quinto
1712 3157 1805 3190 laud.
1834 3159 1868 3190 S.
1894 3159 2088 3192 Greoorins
2113 3157 2316 3193 Bonosiacos
2332 3180 2341 3197 ‚
2367 3157 2476 3189 &Ca-

1357 3203 1548 3249 tapliryges
1569 3225 1579 3244 ‚
1604 3215 1676 3237 cnm
1701 3205 1748 3237 acl
1774 3212 1925 3238 sanctam
1952 3187 2150 3239 §eclesiam
2176 3209 2328 3244 veniunt,
2366 3203 2475 3243 bapti-

1357 3254 1429 3282 zari
1455 3251 1603 3284 asserit.
1643 3250 1753 3284 Sexto
1781 3251 2017 3285 Eunomianos
2054 3250 2222 3296 quosdam
2260 3256 2411 3282 recvnset
2436 3245 2470 3274 S·

1356 3294 1577 3340 Epiphanius
1593 3319 1604 3338 ‚
1643 3297 1704 3342 qui
1730 3296 1957 3342 baptizabant
1983 3302 2018 3331 ιή
2046 3301 2176 3330 nomine
2202 3294 2272 3328 Dei
2298 3297 2436 3339 inc-rents
2459 3308 2471 3326 5

1359 3344 1434 3375 (rc.
1459 3340 1541 3378 Vid.
1556 3354 1630 3389 sup.
1657 3354 1691 3378 n.
1714 3342 1792 3384 156.
1819 3344 1870 3378 De
1895 3342 2019 3378 iisdem
2035 3342 2373 3378 narratSozouienus
2394 3333 2470 3367 Lib·

1865 3400 1909 3429 21
