2605 3624
764 117 842 159 DE
882 114 1106 158 VE'rffltl
1141 113 1743 162 CA'l'tecttUmfitx‘At'U.

100 200 153 240 da
173 227 182 239 .
213 199 423 240 Nonnulla,
443 195 689 236 caeremonias
719 195 862 234 additas
891 203 1014 246 postca
1038 194 1153 232 fuisse
1173 194 1221 232 ab

99 254 300 302 Ecclesia,
342 254 438 291 sicut
467 253 504 288 in
535 248 648 295 aliis,
692 249 744 286 ita
772 249 885 286 etiam
919 249 957 285 iu
989 247 1058 285 hoc
1087 249 1221 286 Sacra·

101 318 229 346 mento
248 336 260 355 ,
304 314 343 343 ut
372 302 508 354 majori
539 303 704 349 decore,
743 315 786 339 ac
816 301 1009 352 majestate
1045 300 1223 340 solemni-

101 370 157 400 ter
185 359 534 404 administraretur,
565 354 679 393 facile
708 355 865 393 concedi
897 365 1013 406 potest
1032 385 1042 403 ‚
1074 370 1147 394 non
1171 366 1223 394 ta-

101 428 188 454 men
217 424 373 458 omnes,
403 409 436 447 St
468 411 681 460 praesertim
712 411 968 456 exorcismos,
998 421 1162 461 quorum
1187 412 1223 448 iu

99 466 359 507 vetustissimis
390 463 574 502 Ecclesiae
607 461 782 504 Patribus
823 473 953 515 aperta
996 465 1138 502 mentio
1166 466 1224 502 in-

101 521 250 561 venitur
269 544 281 556 .

152 570 246 619 456.
277 570 419 610 Dices.
450 570 555 620 Quid
585 571 811 610 censendum
842 571 889 609 de
919 572 1138 610 exorcismis
1167 586 1223 610 sa-

100 626 175 675 lis,
203 635 267 664 aut
297 623 442 678 aquae?

154 679 250 730 457.
281 677 395 732 Resp.
423 683 578 730 primo,
621 678 811 717 daemoues
842 680 957 717 etiam
1002 678 1114 717 rebus
1143 693 1224 717 cor-

99 734 224 786 poreis
267 732 477 786 aliquando
507 734 558 771 uti
589 732 636 770 ad
667 733 823 771 insidias
853 733 960 771 nobis
998 734 1193 771 struendas
1215 764 1226 782 ,

100 783 145 826 a'c
176 795 374 839 propterea
404 788 519 825 etiam
549 800 609 824 eas
640 799 745 838 posse
783 787 988 824 exorcizari
1007 812 1018 824 .
1068 786 1225 825 Deinde

101 842 132 879 si
162 841 260 878 bene
279 840 521 879 attendantur
550 839 666 878 verba
691 837 852 878 Ritualis
871 839 1029 876 liomani
1049 869 1059 887 ,
1091 841 1129 878 Ιιί
1151 841 1226 878 duo

102 896 304 933 exorcismi
337 895 459 945 potius
494 893 774 931 benedictiones
803 902 913 938 sunt;
958 894 1008 930 ita
1039 895 1141 932 enim
1169 896 1226 932 di-

105 949 204 988 citur
233 961 346 1000 super
374 946 518 986 salem:
556 945 756 984 Exorctzo
784 955 843 994 te,
882 955 1070 983 cre-*itura
1101 947 1226 995 salis,

106 1028 177 1040 .....
198 1011 239 1039 ιιι
267 1005 308 1039 in
338 1004 501 1037 nomine
527 1008 685 1037 sanctae
704 997 910 1036 Trinitatis
940 999 1131 1047 efficiaris
1160 1014 1228 1038 siz—

105 1055 234 1093 lutare
262 1052 577 1092 Sacramentum
599 1082 610 1100 ,
640 1051 695 1090 ad
724 1050 990 1103 effugandum
1019 1057 1227 1091 inimicum

104 1109 192 1149 &c-
222 1107 255 1147 Ε
284 1109 425 1159 pariter
454 1119 568 1159 super
596 1119 758 1158 aquam:
788 1104 988 1144 Exorcizo
1017 1115 1082 1155 te,
1113 1121 1228 1145 crea-

104 1170 197 1199 tura
225 1173 345 1212 aquoe
361 1186 432 1198 .....
452 1169 493 1198 ut
522 1158 712 1208 efficiaris
755 1173 862 1210 aqua
899 1170 1047 1198 sancta
1066 1191 1076 1208 ,
1119 1175 1229 1213 aqua

107 1213 314 1254 benedicta
336 1244 347 1262 ‚
377 1227 486 1265 aqua
504 1243 516 1263 ‚
545 1226 635 1264 ςυστ
664 1214 771 1251 lavat
800 1213 957 1262 sordes,
988 1215 1036 1254 (⁷9³
1059 1215 1230 1253 mundae

105 1278 302 1320 peccata.
334 1266 416 1306 Taln·
444 1271 564 1321 igitur
590 1271 802 1318 principio,
832 1272 962 1306 omnis
984 1272 1140 1318 spiritus
1155 1273 1229 1307 im-

106 1322 282 1371 munde,
322 1334 442 1360 omne
469 1320 718 1373 phantasma
735 1352 746 1368 ‚
788 1334 908 1359 omne
936 1321 1195 1360 menducium
1218 1354 1230 1371 ,

106 1377 323 1415 eradicare
343 1406 355 1425 ,
393 1377 446 1416 <9¹
475 1373 659 1428 effugare
687 1374 738 1412 ab
769 1373 844 1413 hac
885 1384 1075 1414 creatura
1114 1390 1232 1427 aquae

106 1430 193 1470 &a
224 1429 375 1467 Diversi
405 1438 532 1468 autem
562 1439 645 1467 sunt
675 1430 904 1477 exorcismi,
943 1431 1008 1482 qui
1041 1431 1138 1468 flunt
1168 1445 1229 1469 su-

107 1497 176 1535 per
214 1483 508 1536 baptizandum:
552 1484 598 1521 iis
627 1484 730 1520 enim
777 1482 934 1534 jubetur
976 1484 1159 1532 diabolo,
1190 1494 1232 1521 ut

109 1546 254 1584 exeat,
282 1536 334 1577 ὠ
361 1535 523 1575 recedat
553 1535 766 1588 afamulo
795 1535 873 1574 Dei
968 1546 1006 1574 ut
1025 1537 1112 1589 fiat
1134 1548 1233 1576 tem-

109 1591 218 1641 plum
249 1588 327 1629 Dei
368 1593 465 1640 riri,
507 1590 557 1632 <9¹
586 1589 754 1643 Spiritus
783 1589 958 1628 Sanctus
1005 1590 1150 1630 habitet
1193 1597 1234 1629 tn

108 1657 156 1683 eo
184 1645 272 1685 &a

164 1698 259 1743 458.
288 1697 366 1736 Ob.
394 1697 593 1735 secundo.
623 1697 666 1736 In
696 1699 915 1736 necessitate
944 1699 1137 1736 confertur
1166 1699 1233 1738 ba-

114 1751 278 1799 ptismus
305 1751 387 1788 sine
415 1751 660 1798 exorcismis,
691 1751 723 1787 8t
740 1750 898 1803 plenum
922 1751 1232 1790 liabetur-Sacra-

113 1812 309 1841 mentum:
343 1804 543 1842 exorcismi
574 1805 690 1855 igitur
719 1803 815 1842 nihil
845 1807 1004 1843 omuino
1025 1816 1231 1858 precstant.

166 1857 258 1907 459.
290 1855 500 1908 Respondet
515 1857 556 1895 S.
572 1857 740 1895 Thomas
769 1867 839 1895 art.
858 1859 895 1896 5.
926 1859 970 1896 ad
996 1860 1032 1897 5.
1050 1889 1060 1906 ,
1083 1890 1108 1908 „
1131 1860 1231 1911 quod

106 1908 303 1960 dispositio
330 1909 536 1948 -sufficieus
565 1911 612 1948 ad
648 1911 928 1962 suscipiendam
971 1913 1134 1963 gratiam
1165 1913 1233 1951 ba-

105 1962 323 2015 ptismalem
353 1972 405 2000 est
434 1963 554 2011 fides,
585 1963 619 2000 &
651 1965 832 2013 intentio,
872 1964 931 2002 vel
965 1968 1118 2017 propria
1148 1965 1230 2017 ejus

109 2017 178 2068 qui
207 2015 448 2069 baptizatur,
490 2017 521 2056 si
551 2017 596 2054 sit
625 2016 777 2054 adultus
799 2047 809 2065 ,
854 2017 913 2055 vel
944 2018 1063 2069 ipsius
1093 2019 1229 2058 Eccle-

108 2070 206 2118 siae,
235 2071 266 2107 si
296 2071 343 2108 sit
371 2067 581 2121 parvulus.
629 2069 688 2108 Ea
717 2083 827 2118 vero,
870 2084 959 2122 quae
997 2081 1160 2123 aguntur
1191 2076 1230 2113 in

109 2122 343 2171 exorcismo,
384 2123 609 2161 ordinantur
637 2124 684 2161 ad
714 2124 944 2162 removenda
976 2125 1230 2178 impedimen-

110 2186 171 2215 ta:
200 2175 334 2215 &ideo
348 2177 429 2215 sine
455 2189 501 2215 eo
523 2185 641 2228 potest
670 2176 812 2229 aliquis
841 2180 1022 2229 consequi
1053 2179 1230 2220 effectum

110 2229 323 2282 baptismi.
365 2230 450 2269 Non
478 2239 605 2269 tamen
634 2240 720 2269 sunt
749 2231 969 2282 hujusmodi
1000 2237 1231 2283 praetermit-

113 2284 225 2322 tenda
246 2313 258 2332 ,
286 2284 359 2322 nisi
389 2286 428 2322 in
457 2285 686 2323 necessitatis
705 2285 890 2323 articulo:
920 2285 952 2320 &
970 2294 1057 2325 tunc
1086 2301 1230 2326 cessan-

114 2345 153 2375 te
181 2336 356 2390 periculo
382 2337 522 2376 debent
565 2337 763 2391 suppleri,
807 2349 845 2377 ut
873 2348 1042 2378 servetur
1086 2343 1231 2380 unifor-

115 2392 228 2429 mitas
255 2392 296 2430 in
317 2390 529 2444 baptismo.
559 2392 637 2430 Nec
660 2393 795 2431 frustra
824 2393 1048 2445 supplentur
1064 2404 1142 2447 post
1162 2396 1231 2435 ba-

112 2446 319 2496 ptismum:
357 2447 449 2498 quia
477 2447 574 2484 sicut
603 2445 811 2499 impeditur
839 2447 992 2486 effectus
1022 2448 1230 2499 baptismi,

111 2506 317 2552 antequam
350 2500 611 2552 percipiatur,
660 2502 712 2539 ita
743 2510 859 2553 potest
888 2502 1095 2555 impediri,
1136 2513 1232 2554 post-

114 2565 233 2604 quam
265 2553 380 2592 fuerit
407 2563 630 2606 perceptus.
650 2554 670 2570 ’²
694 2555 790 2594 Haec
810 2564 998 2608 postrema
1027 2556 1144 2595 verba
1164 2570 1232 2595 no-

114 2605 229 2642 tanda
255 2615 340 2643 sunt
369 2619 438 2658 pro
467 2607 688 2647 resolutione
717 2622 797 2662 seq.
827 2611 1070 2662 quaestionis.

170 2657 328 2704 Quaeres
345 2688 355 2707 ,
385 2673 463 2707 an,
492 2662 651 2712 quando
678 2676 795 2713 super
815 2662 1037 2715 infantibus
1065 2669 1105 2702 ιή
1135 2678 1234 2704 casu

116 2714 364 2750 necessitatis
376 2716 560 2764 prii-atim
576 2714 783 2767 baptizatis
797 2717 1025 2769 supplentur
1045 2732 1235 2758 coeremo-

120 2766 202 2801 niae
229 2768 410 2815 omissae,
440 2771 563 2807 etiam
590 2771 760 2820 suppleri
789 2770 958 2810 debeant
987 2772 1236 2811 exorcismi?

172 2816 266 2863 440.
298 2817 408 2871 Resp.
437 2834 526 2860 cum
554 2822 595 2861 S.
617 2823 767 2864 Thoma
799 2839 886 2864 mox
915 2826 1018 2864 laud.
1049 2827 1236 2876 affirma,-

120 2872 221 2918 τὶνε,
249 2872 340 2923 quia
369 2871 454 2911 talis
482 2883 532 2912 est
561 2878 670 2915 totius
691 2877 875 2917 Ecclesia:
908 2894 1022 2926 usus3
1051 2891 1086 2918 at
1117 2894 1235 2929 vero,

65 2945 70 2950 -
118 2932 158 2961 ut
194 2932 292 2961 recte
334 2925 530 2976 inquiebat
556 2929 597 2967 S.
631 2932 856 2982 Augustinus
894 2933 1017 2985 Epist.
1049 2934 1149 2973 LlV.
1189 2936 1237 2973 ad

118 2977 348 3015 {laturarium
379 2992 465 3030 cap.
496 2981 560 3030 5.,
603 2986 635 3018 si
665 2985 754 3034 quid
782 2994 866 3023 tota.
884 2985 1126 3038 frequentat
1155 2988 1237 3026 Ec-

120 3031 270 3078 clesia,
300 3034 393 3083 quin
422 3036 479 3069 ita
497 3034 742 3084 factentium
771 3041 843 3086 sit,
873 3038 1103 3090 disputare,
1131 3045 1236 3081 inso-

121 3085 357 3123 lentissimae
384 3088 563 3124 insant'ae
592 3098 677 3126 est.

173 3138 267 3185 441.
296 3139 404 3177 Certe
436 3153 509 3177 nou
539 3139 618 3179 alia
646 3155 723 3179 esse
748 3152 862 3191 potest
886 3146 981 3182 ratio
1009 3149 1237 3186 exorcismos

120 3193 342 3240 omittendi,
372 3207 490 3245 quam
522 3195 624 3247 quod
654 3193 868 3246 baptizatus
896 3207 1023 3235 erutus
1051 3199 1130 3249 jam
1152 3203 1196 3238 sit
1218 3216 1238 3238 c

125 3253 299 3295 potestate
327 3247 540 3293 doemonis;
571 3257 608 3285 ut
630 3249 789 3301 proinde
819 3263 890 3287 non
919 3252 1029 3288 modo
1057 3266 1238 3304 superva-

127 3311 310 3348 caneum,
338 3314 474 3339 verum
506 3303 618 3338 etiam
651 3300 880 3353 injuriosum
911 3303 1083 3342 videatur
1112 3315 1240 3344 sancto

126 3349 288 3403 Spiritui
317 3352 393 3404 jam
416 3355 642 3394 inhabitanti
663 3386 672 3402 ‚
703 3356 899 3394 daemones
927 3371 995 3410 per
1015 3360 1240 3402 exorcismos

236 3403 472 3462 Guz.:czniga
508 3408 639 3448 Theol.
670 3409 783 3449 Tom.
806 3409 911 3450 Vlll.

2268 141 2343 166 90¹

1292 192 1504 245 expellere,
1526 198 1633 246 quasi
1658 212 1745 235 vero
1766 214 1839 236 nien
1863 215 1950 238 cum
1973 212 2097 241 sumto
2118 203 2263 256 Spiritu
2286 205 2411 242 avitum

1294 247 1350 285 ibi
1380 247 1621 287 cohabitent.
1662 251 1713 287 lta
1745 266 1845 289 cmm
1878 255 2043 291 tuin-22.»
2072 260 2324 309 pra-cupitur:
2355 258 2413 296 [ι’--

1293 304 1338 337 ,τί
1365 299 1416 338 ab
1445 315 1519 350 eo,
1549 304 1756 341 immunde
1786 309 1964 354 spiritus,
2001 311 2049 347 v:
2081 310 2133 347 tii:
2165 314 2293 349 locum
2326 312 2413 361 Spi-

1293 357 1384 391 ritui
1414 354 1563 393 Sancto
1594 356 1823 395 Pur-actico.

1349 409 1442 453 442.
1477 409 1749 449 Verumtamen
1778 413 1807 448 si
1840 411 1922 449 liaec
1955 417 2048 450 ratio
2087 420 2224 454 valeret
2249 450 2258 465 ‚
2302 421 2415 458 ‹inlu--

1295 470 1374 499 rent
1404 464 1518 500 etiam
1548 474 1680 501 ceter-re
1712 466 1891 517 baptismi
1921 472 2166 504 coei'mttsittifc
2199 476 2346 517 ‹nnitti3
2377 490 2416 510 0-

1293 528 1402 553 rnnes
1432 530 1534 554 etntn
1566 528 1651 556 sunt
1681 533 1769 556 cuin
1801 532 2022 558 vxorCtffltus
2051 533 2266 572 cunjuncwn
2298 529 2416 563 innunt

1293 581 1424 606 omnes
1466 579 1553 608 sunt
1596 573 1749 610 totidem
1794 575 2030 611 exorcismi.
2077 574 2127 612 Ut
2175 578 2267 627 quid
2311 583 2410 617 cuju«

1290 626 1422 673 primo
1451 624 1704 675 prohibentur
1748 627 1961 678 baptiznidi
1994 628 2042 665 nl)
2083 629 2250 681 ingressu
2282 630 2413 668 licuit·-

1293 677 1388 724 sioe,
1436 678 1510 715 nisi
1542 681 1635 731 quia
1681 691 1905 733 reputantur
1937 681 2106 731 indigni,
2151 692 2189 719 ut
2219 685 2285 734 qni
2318 687 2415 722 servi

1295 739 1377 768 sunt
1407 730 1580 781 diaboli,
1612 733 1778 772 habitent
1801 736 1837 773 iu
1861 735 1972 771 domo
1993 735 2181 774 Domini?
2212 736 2315 783 Quid
2338 750 2420 776 sunt

1295 785 1453 835 repetita
1501 785 1567 824 illa
1597 789 1704 838 signa
1749 789 1899 836 crucis,
1944 803 2032 839 qur:
2066 792 2343 842 imprimuntur
2383 795 2419 829 in

1296 837 1447 886 fronte,
1479 838 1512 874 8<
1543 842 1580 878 in
1612 851 1761 892 pectore
1791 857 1880 880 cum
1913 843 1989 879 illis
2008 844 2208 893 precibus:
2244 844 2420 882 Omnem,

1297 895 1524 929 caecitatem
1563 894 1691 932 cordi>-
1722 894 1771 932 ab
1801 910 1846 933 eo
1889 898 2041 945 ‹ei-petie
2071 899 2166 945 ὅκα,
2211 900 2280 936 nisi
2312 901 2417 943 δίψη

1296 945 1343 981 ad
1373 946 1561 984 daemones
1591 949 1836 1000 expellendos
1864 949 2070 989 ordinata?
2108 951 2215 997 Quid
2246 953 2422 990 insultin-

1297 999 1440 1047 tiones,
1473 1009 1590 1039 tactus
1621 1005 1798 1050 aurium,
1828 1003 1861 1039 8(
1884 1005 2036 1042 narium
2069 1018 2156 1042 cum
2187 1004 2335 1052 saliva5
2366 1021 2421 1043 st-

1298 1050 1344 1089 lis
1375 1053 1588 1102 immissio,
1619 1071 1662 1094 ae
1693 1058 1859 1109 nimiique
1889 1059 1984 1095 sacri
2016 1057 2087 1095 olei
2121 1060 2317 1107 intinctu),
2348 1062 2422 1098 nin

1299 1105 1451 1143 totidem
1497 1111 1697 1147 exorcismi
1728 1112 1774 1147 ed
1811 1112 1999 1149 doenionis
2043 1122 2261 1163 potestatem
2294 1114 2423 1165 expel-

1298 1156 1483 1197 lendam?
1520 1161 1607 1207 Quo
1639 1164 1706 1209 iit,
1753 1174 1791 1200 ut
1821 1166 1849 1201 si
1882 1166 1919 1201 in
1950 1165 2146 1216 baptizitis
2189 1166 2352 1205 debeant
2382 1182 2421 1205 e-

1299 1213 1480 1252 xorcismi
1509 1215 1660 1263 omitti,
1690 1217 1812 1254 omitti
1847 1219 1986 1268 pariter
2015 1218 2179 1257 debeant
2209 1234 2338 1258 omnes
2370 1221 2422 1258 se-

1298 1278 1338 1302 re
1368 1264 1457 1304 aliae
1488 1271 1759 1318 caeremouiae,
1803 1284 1889 1322 (1¹1oe
1921 1271 1978 1307 vel
2010 1273 2162 1309 totidem
2202 1283 2288 1311 suut
2318 1287 2426 1311 exor-

1299 1320 1409 1357 cismi
1429 1350 1440 1367 ,
1472 1320 1531 1358 vel
1563 1336 1652 1360 cum
1685 1325 1904 1361 exorcismis
1934 1323 2152 1373 conjunctas
2173 1352 2183 1362 .

1355 1373 1449 1420 445.
1481 1374 1668 1414 Praeterea
1699 1379 1839 1429 saepius
1868 1379 2033 1426 accidit,
2079 1389 2118 1416 ut
2145 1379 2422 1419 Catecliumeni

1301 1426 1517 1466 vehementi
1535 1428 1717 1468 charitate
1733 1433 1876 1469 accensi
1902 1432 1983 1481 jam
2001 1442 2084 1470 aute
2105 1433 2340 1485 baptismum
2364 1449 2426 1485 ju-

1300 1481 1449 1519 stificati
1483 1493 1600 1520 essent
1621 1513 1631 1531 ,
1675 1485 1708 1521 ἃ
1739 1485 1959 1522 salictificati
1984 1500 1993 1530 ;
2022 1486 2155 1538 quales
2184 1487 2336 1525 fuerunt
2369 1503 2425 1525 in-

1302 1543 1356 1570 ter
1386 1534 1480 1572 alios
1507 1536 1636 1573 Sancti
1667 1539 1912 1590 Cyprianus,
1946 1539 2195 1587 Ambrosius,
2226 1540 2259 1577 8<
2293 1542 2423 1589 Augu-

1304 1588 1420 1625 stinus
1448 1591 1552 1626 omni
1583 1592 1767 1628 virtutum
1797 1594 2100 1643 geneseorum,
2131 1604 2336 1646 aritequam
2355 1595 2422 1632 ba·

1304 1642 1486 1691 ptismum
1516 1644 1752 1695 reciperent3
1800 1659 1868 1683 uec
1899 1655 2024 1684 tamen
2056 1648 2094 1684 in
2139 1661 2270 1685 eorum
2301 1647 2427 1700 bapti-

1302 1707 1384 1732 smo
1413 1696 1638 1745 exorcismi,
1667 1707 1732 1737 aut
1762 1697 1850 1736 aliae
1872 1701 2114 1738 caeremouiae
2144 1702 2294 1739 omissa:
2316 1712 2423 1750 sunt,

1301 1761 1388 1800 quae
1421 1749 1467 1787 ad
1496 1750 1680 1790 daemouis
1709 1751 1972 1803 expulsionem
2004 1764 2088 1791 sunt
2108 1756 2292 1794 ordinatae
2311 1782 2321 1793 .
2353 1756 2428 1794 Ec-

1302 1814 1371 1839 cur
1401 1816 1489 1854 ergo
1518 1803 1601 1842 liaec
1630 1806 1844 1858 supplenda
1875 1808 1911 1843 in
1943 1808 1987 1845 iis
2018 1818 2250 1857 nonerunt,
2283 1810 2321 1847 in
2342 1811 2429 1861 qui-

1300 1854 1373 1892 bus
1404 1858 1622 1896 necessitate
1653 1868 1805 1911 urgente
1834 1861 1955 1898 omitti
1985 1861 2231 1900 debuerunt?

1357 1908 1449 1955 444.
1481 1909 1553 1948 Sed
1583 1911 1723 1965 aliquis
1752 1913 2007 1952 sciscitabitur
2036 1917 2250 1963 curiosius,
2293 1930 2431 1968 quem-

1299 1974 1390 1999 nam
1422 1962 1599 2003 effectum
1638 1975 1720 2018 post
1761 1966 1998 2019 baptismum
2043 1971 2242 2008 exorcinni
2288 1969 2430 2008 habere

1299 2015 1473 2067 possint?
1517 2017 1738 2072 Respondeo
1767 2025 1921 2071 primo,
1963 2022 2120 2074 plenum
2151 2023 2331 2062 effectum
2362 2024 2430 2062 ba-

1299 2070 1432 2119 ptismi
1463 2073 1658 2122 conferri,
1707 2075 1823 2113 etiam
1855 2077 1992 2114 virtute
2021 2078 2353 2126 exorcismorum,
2397 2077 2431 2113 δε

1298 2122 1464 2163 aliarum
1485 2129 1805 2167 caeremoniarum
1824 2160 1835 2178 ,
1865 2143 1959 2182 quas
1979 2131 2158 2183 supplere
2181 2132 2338 2170 intendit
2355 2131 2430 2169 Ec-

1299 2176 1416 2216 clesia
1447 2180 1485 2217 in
1518 2181 1589 2229 iis,
1635 2183 1702 2234 qui
1731 2186 2038 2235 supervixerint.
2081 2185 2145 2223 Sic
2175 2187 2243 2238 qui
2274 2198 2427 2223 excom·

1299 2234 1486 2271 municati
1518 2233 1753 2274 beneficium
1783 2237 2033 2275 absolutionis
2054 2239 2092 2276 in
2115 2240 2245 2276 mortis
2276 2239 2428 2290 pericu-

1299 2283 1337 2322 lo
1352 2298 1661 2340 consequuntur,
1693 2289 1867 2342 periculo
1896 2301 2058 2329 cessante
2086 2300 2256 2328 tenentur
2286 2306 2323 2329 se
2339 2291 2429 2328 sub-

1298 2340 1448 2378 mittere
1489 2340 1703 2390 Ecclesiae,
1748 2353 1786 2380 ut
1829 2344 1874 2381 ad
1921 2345 2041 2395 ipsius
2083 2346 2430 2392 communionem,

1301 2392 1460 2444 publice
1492 2396 1751 2448 recipiantur;
1795 2411 1863 2434 uec
1893 2396 1968 2435 alia
2001 2399 2141 2436 ratione
2172 2399 2353 2450 privatim
2383 2400 2432 2436 ad

1300 2446 1534 2486 Sacramenti
1567 2451 1897 2502 participationem
1928 2451 2084 2489 admissi
2116 2461 2230 2499 sunt,
2261 2453 2334 2489 nisi
2354 2453 2430 2489 vir-

1301 2508 1378 2538 tute
1409 2502 1546 2540 futurae
1579 2503 1748 2554 publicae
1774 2505 2090 2544 reconciliationis
2112 2532 2122 2544 .
2154 2504 2238 2544 Pari
2262 2518 2349 2557 ergo
2372 2520 2430 2543 ra-

1301 2556 1399 2592 tione
1430 2558 1725 2595 exorcismorum
1767 2558 1921 2597 effectus
1951 2573 1971 2597 a
2001 2559 2133 2598 divina
2166 2559 2430 2598 misericordia

1301 2608 1466 2647 obtineri
1499 2620 1643 2661 potest,
1674 2614 1790 2651 etiam
1821 2623 2023 2652 antecnam
2054 2614 2170 2652 fiant.

1359 2662 1452 2708 445.
1483 2664 1664 2703 Secundo
1695 2678 1845 2718 possunt
1865 2698 1875 2716 ‚
1906 2629 1940 2704 <it
1960 2667 2096 2706 debent
2117 2667 2316 2705 exorcismi
2339 2680 2430 2716 sup·

1304 2715 1427 2770 pleri,
1467 2727 1505 2755 ut
1536 2720 1574 2757 in
1606 2722 1831 2758 memoriam
1864 2731 2087 2760 revocentur
2117 2731 2198 2759 tum
2230 2721 2429 2759 miserabi-

1304 2771 1353 2809 lis
1381 2773 1601 2823 captivitas,
1641 2773 1710 2812 sub
1741 2789 1817 2826 qua
1847 2785 2000 2826 propter
2030 2788 2168 2813 noxam
2199 2773 2428 2826 originalem

1304 2823 1419 2862 homo
1448 2835 1532 2864 ante
1562 2826 1795 2879 baptismum
1825 2828 2029 2880 gemebat,
2073 2838 2155 2866 tum
2199 2843 2351 2867 summa
2394 2827 2428 2862 8(

1305 2878 1459 2917 infinita
1490 2882 1750 2919 misericordia
1780 2882 1877 2930 Dei,
1907 2884 1972 2935 qui
2006 2896 2072 2934 per
2101 2883 2341 2935 baptismatis
2362 2882 2430 2919 Sa-

1305 2942 1543 2972 cramentum
1588 2935 1637 2973 ab
1668 2950 1710 2974 ea
1742 2950 1808 2974 nos
1837 2934 2047 2975 liberavit.
2092 2936 2156 2975 Sic
2189 2936 2331 2975 utiliter
2360 2935 2432 2973 Ee-

1306 2985 1422 3026 clesia
1451 2987 1541 3025 solet
1589 2991 1787 3041 praecipua
1818 2999 1952 3028 nostrae
1991 2991 2258 3043 redemptionis
2291 2999 2427 3047 myste-

1306 3042 1392 3088 ria,
1422 3043 1656 3091 nativitatis,
1696 3045 1904 3094 passionis,
1935 3058 1978 3082 ac
2010 3045 2292 3082 resurrectionis
2322 3043 2431 3080 (ltm-

1307 3096 1380 3143 sti,
1423 3097 1531 3148 quasi
1563 3099 1766 3148 praeseutia
1808 3097 2028 3137 solemniter
2066 3097 2262 3136 celebrare
2285 3127 2294 3145 ,
2339 3107 2426 3148 qna:

1305 3157 1432 3187 tamen
1463 3158 1547 3187 ante
1578 3150 1698 3189 multa
1728 3151 1871 3190 saecula
1901 3152 1998 3190 facta
2028 3162 2137 3190 sunt.

1360 3202 1452 3248 446.
1487 3202 1636 3253 Tertio,
1675 3207 1853 3258 quamvis
1883 3220 1950 3257 per
1979 3206 2215 3258 baptismum
2246 3199 2420 3240 diabolus

1309 3269 1331 3293 a
1360 3256 1540 3296 cordibus
1588 3262 1721 3297 nostris
1758 3259 1938 3312 expulsus
1975 3260 2048 3307 sit,
2094 3268 2259 3297 remanet
2303 3264 2425 3291 taffiffl

1310 3309 1349 3346 in
1381 3312 1517 3348 renatis
1547 3314 1881 3365 concupiscentia,
1924 3327 2013 3350 cum
2044 3325 2117 3362 qua
2149 3310 2254 3348 nobis
2295 3316 2427 3356 perpe-

1311 3371 1373 3400 tuo
1403 3366 1653 3415 pugnandum
1675 3375 1746 3414 est,
1778 3365 1810 3401 8(
1839 3368 1958 3415 qvi-‘tm
1982 3363 2179 3415 Apostolus
2207 3356 2423 3411 appellabat

1836 3417 1884 3456 26
2288 3422 2374 3461 pec-
