2605 3624
971 109 1051 154 DE
1087 111 1574 157 SATISFAC‘I'IONE
1593 147 1603 157 .
2308 125 2382 166 ⁸51

123 200 427 248 compensatio,
455 191 676 231 secundum
700 191 868 242 justiiioe
895 191 1175 239 aequalinztem
1194 215 1251 229 ...-

126 253 214 290 Alio
244 250 360 288 modo
387 254 511 297 potest
540 244 700 296 definiri
720 274 731 292 ,
774 242 992 282 secundum
1021 242 1122 294 quod
1149 257 1253 294 prce-

127 314 259 343 Δεῖνα(
288 316 316 341 α.
335 301 450 349 culpa
466 297 617 350 sutura
635 312 650 342 ;
679 312 795 350 quam
820 299 1154 350 praeservationem
1184 296 1253 334 fie-

125 361 159 398 ri
188 358 279 396 dicit
306 352 512 398 secuudum
536 352 576 390 S.
595 351 854 402 Augustinum
872 382 883 400 ,
913 366 976 389 seu
1009 353 1132 403 potius
1148 351 1252 388 Gen·

126 411 312 456 vadium,
360 405 426 444 De
454 403 613 443 Eccles.
644 406 825 458 dogmat.
867 420 955 457 cap.
979 405 1042 450 54.
1061 435 1071 452 ,
1120 403 1153 440 8(
1184 417 1251 455 per

125 465 387 501 remotionem
430 471 651 498 causarum
670 489 680 508 ,
711 460 744 496 ὃ(
775 473 842 512 per
871 462 1131 498 renitentium
1160 456 1253 496 libe-

126 519 162 554 Τι’
189 514 342 554 arbitrii
361 540 374 552 .

180 568 274 616 564.
305 568 379 606 Hic
408 574 535 605 autem
567 566 859 606 satisfactionem
891 568 1133 619 potissimum
1164 579 1253 604 con·

121 623 337 662 sideramus
376 621 449 660 sub
479 622 604 678 primo
633 631 833 674 respectu,
881 634 1021 673 nempe
1065 629 1177 672 prout
1205 628 1258 658 est

121 676 386 730 compensatio
432 675 590 726 injuria:
620 674 703 713 Deo
732 676 865 714 nostris
907 675 1075 728 peccatis
1105 673 1224 711 illatae
1246 698 1257 711 .

124 728 174 768 Et
203 730 361 782 quidem
390 738 511 783 posset
541 726 673 777 Deus,
701 730 732 767 si
755 730 806 767 ita
836 730 869 766 ei
901 727 1090 781 placeret,
1117 741 1255 779 quem-

126 784 336 831 admodum
367 784 407 822 in
447 781 666 835 baptismo,
723 783 774 820 ita
804 785 919 821 etiam
959 783 998 820 in
1028 782 1254 819 Sacramen-

121 845 160 875 to
190 838 459 889 poenitentiae,
507 837 733 874 universum
763 836 874 875 nobis
902 835 1077 874 debitum
1114 834 1255 872 condo-

124 904 246 937 nare;
274 891 339 929 sed
365 891 528 943 quaestio
557 899 637 936 est,
667 890 789 929 auita
818 888 1013 928 voluerit?
1044 888 1085 927 ld
1112 887 1254 926 voluis-

123 958 163 983 se
191 943 319 982 Deum
336 973 347 992 ,
377 942 570 981 affirmant
592 942 841 981 protestantes
858 974 868 992 ,
898 957 942 982 ac
974 952 1173 995 propterea
1191 954 1255 979 su-

125 1011 407 1050 pervacaneam
449 1009 526 1034 esse
553 997 687 1034 dicunt
715 1010 872 1035 ornnem
917 1006 1080 1035 nostram
1109 995 1257 1033 satisfa-

123 1053 290 1089 ctionem
321 1050 414 1101 (a);
442 1058 579 1101 negant
594 1057 722 1088 autem
742 1049 932 1089 Catholici
966 1064 1041 1088 una
1069 1063 1160 1087 cum
1182 1047 1256 1100 Sy-

121 1104 219 1142 nodo
249 1103 388 1151 Trid.,
433 1117 523 1155 quae
554 1102 652 1142 Sess.
674 1101 786 1142 XIV.
823 1117 910 1155 cap.
931 1103 970 1141 8.
1014 1102 1257 1149 declaravit,

111 1155 281 1208 falsum
305 1159 474 1195 omnino
502 1169 618 1205 esse,
658 1158 708 1197 (²)
738 1170 766 1195 a
794 1157 907 1196 verbo
937 1156 1015 1195 Det*
1041 1156 1223 1194 alienum
1247 1183 1258 1202 ‚

121 1211 287 1260 culpam
316 1222 345 1248 a
375 1209 553 1248 Domino
581 1223 792 1260 nunquam
820 1215 998 1258 remitti,
1046 1214 1140 1260 quin
1170 1212 1257 1245 uni-

123 1276 242 1302 versa.
271 1267 398 1302 etiam
424 1277 544 1315 poena
571 1263 817 1304 condonetur
838 1291 849 1304 .
887 1266 932 1305 Iu
961 1264 1074 1317 cujus
1102 1263 1259 1314 dogma-

124 1319 174 1357 tis
202 1318 539 1371 confirmationem
566 1320 616 1357 sit

500 1423 809 1465 PROPOSITIO
846 1425 878 1465 Ι.

127 1529 222 1573 Post
250 1531 441 1582 culpam,
470 1542 593 1584 atque
620 1543 823 1572 aeternam
851 1545 1014 1584 paenam
1043 1535 1085 1570 in
1107 1530 1259 1570 Sacra-

179 1595 316 1624 mento
343 1590 589 1637 poenitentt'oe
617 1593 833 1626 remissam
851 1617 863 1636 ,
911 1595 1089 1638 superest
1118 1587 1259 1635 aliqua.

177 1651 299 1690 poena
327 1641 563 1692 temporalis
580 1641 760 1693 operibus
779 1641 1067 1693 satisfactoriis
1087 1638 1258 1677 luenda.

179 1744 274 1784 565.
291 1719 430 1786 Proh.
459 1747 697 1800 perspicuis,
733 1746 768 1783 8(
797 1745 1015 1786 illustribus
1044 1747 1258 1797 Scriptura:

124 1810 246 1836 sacrae
276 1799 492 1851 exemplis,
538 1804 666 1851 primo
697 1802 864 1850 Adanu,
911 1802 1049 1840 deinde
1079 1800 1227 1853 Moysis
1250 1829 1261 1848 ,

126 1853 280 1901 Aaron,
309 1852 584 1907 aliorumque,
613 1854 757 1907 quibus
778 1855 882 1894 Deus
911 1855 1047 1907 culpas
1075 1855 1262 1892 condona·

126 1907 210 1954 vit,
239 1921 375 1959 poenas
405 1916 533 1946 tamen
557 1910 806 1960 gravissimas
834 1909 884 1947 ab
916 1910 968 1946 eis
1000 1910 1145 1957 exegit.
1176 1905 1261 1944 Prae

123 1962 260 1997 ceteris
307 1969 435 1999 autem
474 1963 681 2001 notandum
719 1972 771 2001 est
807 1962 1032 2014 exemplum
1065 1961 1227 2000 Davidis
1249 1989 1261 2009 ,

124 2015 188 2051 cui
220 2012 372 2053 Nathan
402 2013 593 2068 Propheta
619 2016 834 2055 condonata
863 2016 980 2054 fuisse
1009 2014 1132 2053 aDeo
1158 2023 1258 2053 atro-

120 2067 280 2105 cissima
299 2067 503 2117 adulterii,
534 2069 568 2105 8(
584 2069 788 2108 homicidii
809 2071 984 2108 crimina‘
997 2082 1067 2121 pro
1082 2077 1184 2107 certo
1201 2082 1260 2107 as-

121 2122 263 2167 seruit;
284 2135 421 2174 poenas
439 2124 820 2175 tarnengrav'issimas
832 2136 902 2176 pro
918 2121 1089 2161 eisluere
1107 2123 1264 2161 debuit.

183 2173 278 2214 566.
309 2174 460 2215 Deinde
488 2187 614 2215 nostro
642 2178 812 2229 dogmati
842 2177 1100 2228 suffragantur
1129 2189 1264 2215 omnes

127 2230 249 2266 sancti
279 2227 407 2267 Patres
427 2258 439 2276 ‚
469 2243 514 2267 ex
544 2230 688 2281 quibus
717 2231 837 2278 duos,
875 2231 937 2268 vel
968 2240 1040 2268 tres
1069 2230 1265 2269 brevitatis

129 2293 244 2318 causa
259 2279 458 2332 seligimus
475 2309 486 2320 .
515 2282 676 2321 Sanctus
690 2282 748 2320 J0.
764 2283 1058 2334 Cltrysostomus
1089 2285 1128 2321 in
1146 2283 1263 2322 Hom.

127 2331 301 2372 LXXX.
329 2335 379 2373 ad
409 2334 597 2388 populum
628 2335 810 2375 Antioch.
840 2335 936 2374 Non
966 2340 1066 2374 satis
1096 2345 1176 2384 est,
1207 2339 1264 2375 iu-

123 2389 241 2440 quit,
288 2392 487 2442 sagittam
515 2402 572 2428 ex
599 2403 763 2441 corpore
791 2389 982 2439 extrahi,
1030 2389 1100 2429 sed
1138 2390 1265 2444 plaga

174 2526 226 2562 ἴα)
256 2521 460 2566 Lutherus,
483 2531 523 2558 ut
550 2524 638 2559 alias
663 2523 863 2559 notavimus
884 2547 894 2567 ,
918 2526 963 2567 fin
989 2527 1061 2560 suis
1087 2524 1261 2570 dogmati-

125 2568 193 2602 bus
217 2579 357 2614 semper
381 2571 609 2613 inconstans,
635 2573 752 2617 primo
777 2573 950 2617 negabat,
977 2574 1089 2606 Deum
1119 2582 1261 2618 propter

127 2622 274 2658 peccata
298 2616 412 2650 ullam
437 2618 473 2650 in
499 2617 566 2652 hac
591 2619 666 2651 vita
708 2631 727 2651 a
753 2619 854 2653 nobis
880 2631 1062 2665 reposcere
1089 2632 1228 2665 poenam
1249 2641 1261 2661 ‚

127 2669 168 2694 ut
193 2669 341 2705 apparet
364 2673 406 2695 ex
433 2663 600 2697 sermone
623 2665 668 2698 cle
694 2664 930 2711 Indulgentiis
951 2688 963 2707 ,
1005 2679 1109 2712 quem
1137 2666 1262 2700 habuit

122 2718 220 2740 anno
248 2707 376 2748 1518.‚
402 2710 434 2741 ἃ
458 2721 500 2742 ex
526 2710 708 2744 Astericis
725 2733 736 2752 ,
777 2724 864 2757 quos
890 2716 1055 2759 opposuit
1082 2713 1183 2748 Echii
1213 2714 1262 2745 0-

129 2754 280 2787 heliscis
306 2751 351 2787 ad
375 2753 518 2789 initittm
542 2755 686 2790 secundi
707 2779 716 2788 ·
758 2757 839 2792 Post
865 2769 982 2794 autem
1007 2769 1125 2806 aperte
1150 2760 1263 2794 admi·

130 2800 178 2833 sit
203 2807 342 2834 reatum
368 2811 478 2845 poenae
504 2803 713 2848 temporalis
737 2804 773 2837 in
799 2804 864 2839 hae
889 2807 963 2840 vita
990 2806 1157 2841 luendum
1183 2815 1262 2852 post

129 2846 272 2891 culpam
297 2846 507 2881 remissam.
533 2849 622 2894 Ejus
648 2851 789 2884 assecla!
815 2864 955 2887 omnem
982 2853 1262 2888 satisfactionem

128 2892 377 2936 sustulerunt,
399 2901 479 2928 tum
504 2904 544 2929 ut
570 2896 810 2942 superfluam,
849 2899 931 2944 qnia
956 2899 1050 2933 Deus
1077 2902 1264 2934 remitten-

128 2937 177 2972 do
203 2939 346 2984 culpam
372 2940 479 2974 etiam
503 2954 643 2976 omnem
670 2955 809 2988 poenarn
835 2946 1014 2987 remittit,
1051 2955 1127 2981 tum
1154 2949 1263 2980 etiam

104 2994 170 3029 xm
196 2985 406 3030 injuriosam
432 2990 589 3032 passioni
615 2988 773 3031 Christi,
809 2992 869 3036 qui
898 3003 960 3037 pro
983 2994 1114 3027 nostris
1141 3006 1264 3039 pecca-

130 3032 176 3065 tis
201 3032 529 3077 superabundanter
548 3034 677 3069 tlivinae
694 3036 842 3080 justitia·
864 3039 1035 3073 satisfecit
1050 3062 1058 3071 .
1088 3041 1139 3074 Ita
1156 3041 1260 3074 Joan.

129 3077 336 3113 Gerhardus
362 3079 455 3114 Loco
481 3081 588 3115 theol.
614 3083 712 3116 XVI.
739 3096 814 3128 cap.
834 3086 866 3118 8.
897 3094 980 3119 sect.
1002 3087 1035 3118 3.
1061 3087 1114 3119 J0.
1142 3095 1260 3120 :tutem

132 3125 260 3159 Franc.
287 3125 446 3160 Buddeus
474 3127 508 3160 in
536 3127 688 3162 Institut.
715 3129 837 3164 The-ol.
857 3132 971 3174 dogm.
999 3132 1076 3164 Lib.
1098 3133 1156 3165 IV.
1184 3145 1261 3178 cap.

132 3171 167 3205 3.
193 3173 226 3215 §.
243 3170 303 3214 45.
331 3182 424 3207 totus
450 3183 527 3214 est,
554 3184 590 3208 ut
617 3183 737 3208 contra
758 3187 823 3209 nos
848 3178 1012 3218 evineat,
1040 3179 1262 3222 satisfactio-

131 3221 214 3260 nis,
239 3223 282 3254 <5¹
308 3222 600 3266 indulgentiarum
624 3233 772 3255 errorem
791 3245 803 3264 ,
829 3231 866 3257 ut
893 3223 964 3266 ipse
991 3224 1148 3268 loquitur
1165 3247 1175 3264 ,
1217 3237 1259 3259 ex

132 3265 244 3298 veteri
269 3266 440 3301 Ecclesiae
467 3267 655 3313 disciplina
698 3269 790 3302 male
818 3270 996 3303 intellecta
1021 3282 1094 3303 esse
1120 3271 1261 3306 ‹ten-iva-

131 3317 209 3343 tum
224 3332 232 3342 .
260 3313 298 3346 ln
319 3313 479 3348 eamdem
496 3315 707 3349 sententiam
732 3317 934 3361 conspirant
953 3318 1025 3350 fere
1049 3329 1170 3351 ornnes
1191 3319 1263 3353 Lu-

130 3353 271 3391 thei-ani
306 3369 384 3405 post
410 3362 575 3407 Confess·
599 3363 859 3408 Augustanam‚
897 3362 1043 3409 ejusque
1068 3365 1262 3411 apologiam

1321 205 1471 242 quoque
1501 191 1694 244 as'agitta.
1724 195 1881 240 inflicta
1904 198 2095 237 sananda
2127 209 2212 238 est:
2248 204 2299 239 stc
2321 207 2449 241 etiam

1322 249 1363 282 in
1393 250 1538 283 anima
1568 256 1649 295 post
1681 244 1893 298 acceptam
1922 258 2076 300 peccati
2108 259 2264 292 reniam
2283 286 2293 303 ,
2323 261 2446 306 poeni-

1322 303 1450 337 tentia.
1480 300 1666 337 curanda
1695 310 1752 338 est
1780 303 1904 354 plaga.
1935 307 2073 343 relicta
2093 321 2104 342 .·
2136 317 2244 348 restat
2260 322 2347 362 ergo
2376 310 2449 349 ali-

1320 353 1414 406 quid
1446 352 1657 400 luendum,
1687 356 1802 392 etiarn
1831 356 1947 407 culpa
1976 360 2133 397 remissa
2151 388 2160 398 .
2320 392 2329 398 .

1378 405 1470 457 567.
1499 406 1541 445 8.
1574 408 1801 458 Augustinus
1831 408 1962 448 Tract.
1981 411 2163 451 CXXIV.
2194 416 2231 452 in
2260 415 2318 454 J0.
2351 431 2390 455 n.
2411 416 2449 455 5.

1324 458 1512 512 Cogitur,
1561 462 1715 512 inquit,
1764 459 1880 498 homo
1909 464 2082 502 tolerare
2110 471 2235 505 etiam
2272 475 2451 509 remissis

1320 517 1494 565 peccatis
1513 544 1523 561 ‚
1553 518 1736 563 quamvis
1764 524 1804 552 ut
1834 519 1875 552 t'n
1905 529 2001 554 earn
2031 523 2178 557 reniret
2209 526 2417 562 miserium
2435 555 2447 573 ‚

1320 571 1496 618 primum
1519 567 1646 618 suerit
1674 581 1802 606 cansa.
1845 579 2056 620 peccatum
2078 587 2094 617 ,⁴
2139 575 2361 622 prolucttor
2389 588 2450 616 est

1322 625 1433 659 enim
1461 634 1606 674 poenit,
1654 635 1778 673 quam
1807 623 1956 673 cu.'p‹2;
2005 637 2054 663 ne
2081 639 2208 676 parant
2245 639 2451 676 putaretur

1325 676 1440 725 culpa
1459 706 1469 723 ‚
1499 679 1532 713 si
1561 687 1653 714 cum
1674 676 1948 768 illaffiniretur
1967 679 2178 730 &poena0
2210 680 2299 720 Vid.
2330 686 2446 722 etiam

1324 729 1414 768 Lib.
1438 727 1567 768 XXII.
1598 738 1704 768 cont.
1768 740 1931 769 austum
1951 745 2038 785 cap.
2059 732 2127 785 67.
2145 764 2156 783 ‚
2187 735 2221 772 8(
2252 737 2290 775 in
2314 735 2457 776 l’salm.

1324 782 1371 822 L.
1402 797 1513 821 num.
1539 784 1630 832 15„
1661 783 1694 819 8(
1723 798 1811 836 quae
1840 799 1956 838 supra
1985 787 2187 826 attulimus
2217 802 2324 828 num.
2345 791 2385 830 6.

1378 836 1471 876 568.
1501 837 1671 875 Demum
1692 836 1734 876 S.
1755 839 1963 890 Gregorius
1984 840 2152 893 Magnus
2170 843 2257 882 Lib.
2275 844 2346 883 IX.
2365 845 2456 883 Mo·

1324 891 1475 928 ralinm
1494 904 1580 944 cap.
1608 903 1669 942 17.
1699 889 1973 942 Nequaquam
1991 925 2002 943 ,
2031 897 2109 944 ait,
2139 907 2304 947 peccato
2323 904 2458 949 parci·

1325 954 1416 994 tur,
1446 948 1540 994 quia.
1569 945 1801 984 nullatenus
1829 951 1915 985 stne
1945 947 2120 987 vindicta.
2149 951 2346 991 laxatur.
2390 953 2458 992 Sic

1326 997 1461 1036 David
1489 997 1629 1037 audire
1656 1008 1741 1049 post
1770 1000 2067 1052 consessionem
2111 1008 2282 1054 meruit,
2321 1006 2459 1046 Domi·

1325 1066 1395 1090 nus
1425 1051 1616 1090 transtulit
1660 1063 1859 1105 peccatum
1891 1064 1999 1094 tuum
2019 1087 2030 1105 ,
2071 1057 2122 1098 Θ
2152 1067 2294 1099 tamen
2324 1061 2458 1099 multis

1324 1114 1410 1157 post
1439 1104 1678 1143 cruciatibus
1721 1106 1929 1158 afflictus,
1972 1123 2024 1148 ac
2052 1110 2253 1164 fugiens,
2296 1123 2459 1153 reatum

1331 1159 1485 1207 culpae,
1515 1172 1639 1206 quam
1667 1170 1994 1212 perpetraverat,
2024 1167 2219 1204 exsolvit.

1382 1212 1474 1264 569.
1505 1213 1662 1250 Frustra
1683 1223 1811 1251 autem
1831 1214 2018 1255 Calvinus
2038 1227 2198 1256 conatur
2217 1219 2342 1270 elabi,
2363 1236 2459 1274 qua-

1323 1266 1357 1304 si
1389 1265 1473 1303 haec
1505 1280 1526 1303 a
1554 1264 1731 1305 Patribus
1759 1267 1861 1306 dicta
1890 1269 1963 1306 sint
1992 1270 2038 1308 de
2067 1273 2321 1311 satisfactione
2358 1289 2462 1327 prae-

1324 1319 1455 1358 standa
1485 1319 1672 1358 Ecclesiae
1716 1330 1871 1373 propter
1912 1323 2136 1363 scandalum
2181 1325 2365 1366 fidelibus
2393 1329 2461 1366 da-

1324 1382 1434 1419 tum;
1473 1386 1546 1411 non
1577 1383 1705 1412 autem
1735 1374 1782 1412 de
1810 1377 2067 1415 satisfactione
2096 1381 2315 1431 praestanda
2345 1381 2428 1420 Deo
2449 1413 2462 1432 ‚

1325 1437 1479 1479 propter
1497 1429 1614 1479 ipsius
1628 1427 1811 1466 offensam
1829 1455 1840 1467 .
1862 1429 2023 1469 Frustra
2041 1432 2231 1485 iuquam-3
2252 1447 2344 1473 nam
2361 1449 2464 1488 prae-

1324 1489 1382 1518 ter
1410 1495 1527 1533 quam
1544 1481 1646 1533 quod
1677 1481 1761 1520 ltaec
1777 1483 1970 1522 distinctio
1999 1489 2260 1526 commentitia
2282 1498 2360 1537 est,
2392 1503 2463 1528 nee

1328 1534 1444 1572 facile
1474 1543 1592 1586 potest
1620 1535 1746 1574 allatis
1775 1535 1929 1575 Patrum
1961 1539 2185 1579 testimoniis
2214 1541 2300 1580 liaec
2330 1546 2462 1582 restri-

1326 1590 1401 1626 ctio
1429 1589 1742 1637 accommodari,
1773 1589 1813 1628 S.
1830 1592 2051 1643 Cyprianus
2081 1595 2199 1633 nimis
2228 1605 2356 1648 aperte
2372 1611 2459 1636 eain

1328 1641 1496 1680 excludit
1526 1643 1564 1680 in
1596 1642 1684 1681 Lib.
1714 1643 1779 1681 De
1808 1642 1955 1694 chpsls
1991 1645 2150 1685 dicens:
2194 1648 2306 1687 Deus
2335 1663 2461 1689 oran-

1328 1695 1401 1734 dus
1430 1705 1516 1744 est,
1552 1697 1602 1737 <9-
1631 1706 1772 1735 nostra
1800 1698 2086 1750 satisfactione
2114 1702 2340 1752 placandus
2370 1705 2462 1755 (a).

1385 1749 1478 1800 570.
1512 1747 1668 1799 Tertio,
1713 1759 1753 1789 ut
1788 1752 1918 1791 verbis
1969 1763 2052 1792 utar
2082 1754 2237 1795 Patrum
2281 1757 2463 1798 Trident.

1329 1801 1428 1842 Sess.
1447 1801 1559 1841 XIV.
1589 1818 1677 1857 cap.
1699 1804 1739 1844 8.
1759 1833 1789 1854 „
1810 1804 1843 1842 8(
1872 1806 2017 1845 divinae
2056 1807 2213 1860 justitias
2256 1813 2354 1850 ratio
2383 1813 2465 1851 exi·

1329 1886 1359 1907 ‚,
1387 1871 1476 1908 gere
1504 1858 1684 1907 videtur,
1728 1868 1768 1897 ut
1797 1858 1907 1897 aliter
1937 1861 1986 1899 ab
2018 1875 2061 1898 eo
2091 1864 2131 1901 in
2159 1865 2323 1916 gratiam
2363 1868 2464 1905 reci-

1333 1940 1360 1960 „
1390 1913 1573 1963 piantur,
1616 1913 1684 1964 qui
1714 1923 1802 1950 ante
1830 1913 2066 1965 baptismum
2099 1931 2167 1968 per
2197 1919 2458 1971 ignorantiam

1331 1992 1358 2014 „
1387 1964 1642 2018 deliquerint:
1669 1964 1782 2004 aliter
1808 1980 1902 2004 vero
1921 1971 1989 2020 qui
2020 1970 2137 2008 semel
2168 1985 2190 2009 a
2220 1975 2366 2024 peccati
2384 2005 2394 2022 ,
2426 1973 2462 2010 &

1329 2047 1358 2068 „
1386 2019 1573 2057 daemonis
1599 2021 1782 2058 servitute
1825 2019 2003 2071 liberati,
2047 2023 2081 2060 8(
2111 2034 2268 2079 accepto
2295 2027 2465 2079 Spiritus

1329 2101 1357 2121 ,‚
1386 2074 1504 2110 sancti
1533 2072 1634 2112 dono
1654 2103 1666 2122 ,
1703 2075 1869 2113 scienter
1897 2075 2088 2129 templum
2118 2079 2192 2118 Dei
2224 2080 2369 2119 violare
2390 2113 2400 2130 ,
2432 2081 2467 2117 &

1336 2154 1363 2174 „
1392 2126 1584 2179 Spiritum
1612 2137 1787 2167 sanctum
1816 2131 2036 2168 contristare
2053 2145 2128 2170 non
2150 2135 2466 2173 formidaverint.

1335 2208 1361 2228 ‚,
1390 2180 1440 2218 Et
1459 2180 1633 2219 divinam
1663 2180 1907 2221 clementiam
1939 2185 2068 2234 decet,
2098 2188 2212 2225 neita
2239 2187 2352 2226 nobis
2381 2188 2467 2227 abs-

1334 2262 1361 2281 „
1390 2248 1467 2285 que
1497 2233 1578 2272 ulla
1607 2236 1864 2274 satisfactione
1906 2247 2062 2288 peccata
2103 2240 2349 2279 dimittantur
2369 2272 2380 2290 ‚
2425 2250 2465 2281 ut

1337 2315 1366 2335 ‚,
1393 2289 1592 2326 occasione
1629 2298 1788 2340 accepta
1810 2319 1820 2336 ,
1870 2300 2024 2341 peccata
2067 2291 2213 2331 leviora
2260 2305 2467 2347 putantes,

1338 2368 1364 2388 „
1394 2340 1497 2379 velut
1527 2340 1690 2392 injurii,
1737 2341 1771 2378 8(
1801 2343 2066 2383 contumeliosi
2095 2345 2259 2398 Spiritui
2302 2360 2431 2388 sancto
2452 2379 2464 2398 ‚

1330 2421 1363 2441 3,
1394 2397 1433 2434 in
1462 2396 1639 2448 graviora
1668 2393 1871 2446 labamur,
1900 2396 2196 2440 thesaurizantes
2225 2401 2336 2441 nobis
2364 2405 2466 2441 iram

2315 2483 2342 2505 :³
2373 2458 2413 2496 iu

1331 2540 1349 2562 a
1376 2527 1464 2561 Phil.
1492 2527 1765 2564 Melanchthone
1803 2528 2010 2568 adornatam
2048 2534 2083 2568 in
2108 2535 2187 2570 Art.
2216 2535 2273 2570 De
2317 2542 2404 2571 sacis
2427 2550 2464 2571 a·

1335 2584 1452 2609 ctione
1469 2598 1477 2606 .

1378 2622 1547 2656 Calvinus
1575 2623 1653 2656 Lib.
1674 2625 1720 2658 III
1749 2622 1903 2659 Institut.
1931 2638 2007 2672 cap.
2028 2626 2062 2670 4.
2089 2641 2108 2662 a
2134 2641 2168 2661 n.
2192 2629 2247 2661 23.
2283 2641 2393 2673 usqne
2420 2626 2463 2662 ad

1331 2667 1435 2702 finem
1460 2679 1582 2703 contra
1601 2671 1744 2704 tertiam
1768 2671 1859 2705 lianc
1880 2674 2093 2716 poenitenti-1².
2119 2684 2256 2719 partem
2283 2676 2384 2710 solita
2400 2688 2458 2709 ra-

1330 2714 1413 2749 bida
1438 2728 1499 2749 sua
1525 2717 1724 2762 eloquentia
1749 2716 1988 2753 debacchatur
2007 2743 2018 2761 ‚
2044 2730 2148 2766 atque
2174 2724 2389 2756 enumeratis
2416 2724 2459 2756 iis

1331 2762 1399 2807 piis
1425 2764 1614 2807 operil›uS‚
1654 2763 1783 2808 quibus
1811 2777 1872 2798 nos
1901 2766 1974 2800 Deo
2000 2779 2063 2812 pro
2087 2767 2226 2801 offensis
2251 2770 2382 2803 nostris
2408 2781 2464 2802 sa-

1331 2808 1454 2843 tisfieri
1475 2807 1649 2843 credimus
1665 2831 1676 2851 ‚
1704 2823 1827 2854 nempe
1858 2812 2026 2858 lacrymis
2043 2836 2053 2855 ,
2077 2814 2223 2859 jeiuniis
2241 2836 2251 2855 ‚
2275 2816 2465 2849 oblationi-

1330 2855 1398 2890 bus
1415 2879 1426 2899 ,
1454 2856 1639 2890 charitatis
1664 2857 1811 2899 officiis)
1838 2862 1902 2892 &c-
1928 2859 2071 2894 subdit:
2100 2859 2241 2896 Titlibus
2268 2865 2462 2897 mendacis

1331 2915 1460 2946 oppono
1486 2907 1669 2947 gratuitam
1691 2914 1908 2947 peccatorem
1933 2912 2172 2942 remissionem
2192 2931 2200 2940 .
2229 2909 2351 2943 Postea
2381 2909 2461 2941 irri-

1331 2948 1389 2983 det
1414 2948 1678 2983 distinctionem
1703 2952 1838 2996 culpae,
1863 2956 1894 2985 8(
1920 2965 2031 2999 poenae
2048 2976 2058 2994 ,
2098 2956 2200 3000 quasi
2228 2968 2295 2989 una
2323 2956 2397 2989 sine
2425 2967 2463 2985 a-

1331 2996 1379 3029 lia
1406 2997 1540 3030 remitti
1567 2998 1703 3041 possit,
1743 3010 1891 3043 eamque
1916 3000 2182 3036 distinctionem
2221 3003 2316 3036 omni
2343 2999 2459 3034 studio

1331 3042 1517 3087 explodere
1544 3053 1718 3085 conatur-3
1746 3045 1804 3078 sed
1832 3047 1964 3080 frustra
1991 3057 2029 3082 ut
2055 3047 2277 3082 videbimus.

1381 3090 1531 3123 Pessima
1558 3089 1622 3124 hac
1648 3089 1811 3125 doctriua
1840 3093 2078 3130 Protestantes
2114 3097 2208 3129 viam
2233 3094 2301 3129 sIIn'
2329 3100 2463 3124 strave-

1331 3144 1415 3170 runt
1443 3133 1485 3170 :ul
1505 3138 1574 3170 alia
1601 3146 1728 3171 nostrie
1743 3139 1912 3173 Ecclesiae
1937 3139 2101 3186 dogmata
2129 3143 2210 3186 ipsis
2232 3139 2341 3172 invisa
2361 3149 2462 3182 pror-

1333 3193 1390 3215 sus
1419 3182 1570 3217 tollenda
1587 3205 1598 3225 ,
1625 3197 1747 3230 nempe
1769 3184 1809 3219 de
1836 3186 2094 3233 indulgentiis,
2122 3187 2161 3219 ‹le
2176 3188 2384 3219 Sanctorum
2406 3185 2457 3235 ¹¹9-

1329 3231 1513 3264 vocatione
1532 3252 1543 3272 ,
1568 3230 1610 3264 de
1635 3233 1725 3266 votis
1750 3235 1956 3268 monasticis
1973 3256 1984 3275 ,
2008 3232 2049 3267 de
2073 3233 2245 3276 jejuniis,
2284 3243 2322 3263 ac
2347 3239 2460 3281 pot-ts-

1331 3274 1461 3310 simum
1486 3276 1527 3310 de
1554 3278 1740 3312 incruento
1764 3281 1883 3314 Missae
1910 3280 2108 3318 sacrificio,
2134 3276 2227 3321 quod
2253 3289 2316 3322 pro
2339 3287 2429 3307 VWlS
2446 3295 2457 3315 ι

1330 3332 1370 3354 ac
1396 3321 1572 3358 defunctis
1592 3325 1667 3359 Deo
1690 3325 1836 3359 offertur
1851 3350 1861 3368 ,
1886 3327 2014 3370 quihus
2029 3323 2191 3358 omnibus
2219 3322 2364 3368 injurias
2384 3321 2459 3357 Deo

1328 3370 1481 3412 peccatis
1506 3371 1638 3407 nostris
1663 3372 1781 3407 illatas
1806 3383 2032 3417 compensare
2058 3371 2208 3404 nitimur
2224 3391 2232 3401 .
