2605 3624
784 129 864 173 DE
899 126 1127 172 VETERI
1160 125 1756 169 CATHECUMENATU.

122 245 146 265 ,‚
174 217 292 269 ganis
312 214 408 254 Dist.
428 212 496 252 IV.
528 209 589 250 De
609 211 912 247 consecratione
931 221 1016 258 cap.
1041 206 1104 244 52.
1133 205 1234 258 quod

121 298 148 318 ‚,
177 277 229 307 est
258 268 431 319 Gregorii
448 265 515 303 111.
543 263 590 301 ad
610 262 853 301 Bonifacium
877 259 1112 312 Episcopum
1142 260 1234 297 scri-

122 351 149 371 „
177 322 319 361 bentis:
365 318 470 370 Quos
497 330 525 354 a
553 319 726 368 paganis
756 313 974 364 baptizatos
1010 326 1096 351 esse
1125 325 1235 350 asse-

117 404 146 424 „
174 376 312 420 ruisti,
338 380 378 409 ut
408 370 536 409 denuo
565 369 733 420 baptizes
762 372 803 405 in
833 370 996 404 nomine
1029 365 1235 404 Trinitatis

118 456 145 477 „
173 424 446 466 mandamus.
488 423 598 461 Unde
626 422 715 461 Lib.
737 420 787 459 V.
829 420 1119 472 Capitularium
1147 433 1234 471 cap.

117 508 144 529 „
171 479 210 518 6.
242 477 425 516 habetur:
453 476 495 515 Si
524 480 608 526 quis
637 475 854 527 baptizatus
882 483 939 511 est
970 487 997 511 a
1027 471 1237 525 Presbyte-

117 561 145 582 „
170 544 216 570 ro
243 544 323 569 non
352 530 549 583 baptizato
566 561 576 578 ‚
623 530 672 570 ὅ)
701 538 848 568 sancta
882 526 1056 566 Trinitas
1085 531 1123 564 in
1155 531 1237 577 ipso

115 614 144 634 ,‚
171 583 368 634 baptismo
396 588 583 623 invocata
597 582 713 636 sitit,
753 581 974 634 baptizatus
1004 590 1061 619 est
1090 581 1177 622 &a
1207 583 1235 602 ‘⁶

112 638 178 676 sic
207 637 322 677 facile
351 639 623 677 concordantur
651 637 825 685 decreta,
854 649 943 688 quae
973 635 1048 673 sibi
1070 637 1237 673 invicem

111 703 325 744 repugnare
353 692 530 731 videntur
548 717 559 730 .

169 744 331 792 Quaeres
348 775 358 793 ‚
395 759 452 784 an
481 745 613 783 valeat
641 743 860 795 baptismus
889 756 916 780 a
946 740 1091 779 duobus
1120 744 1236 779 mini-

112 800 204 836 stris
234 799 399 838 collatus
417 829 427 848 ,
457 811 624 850 quorum
645 803 746 836 unus
766 809 918 849 aquam
934 794 1147 847 infundat,
1175 795 1236 832 al-

111 859 172 889 ter
188 850 381 903 formam
408 850 672 903 pronunciet?

166 904 258 951 412.
290 905 499 958 Respondet
528 903 735 956 Angelicus
764 903 801 942 3.
823 902 865 940 P.
894 901 1043 954 qu.67.
1073 910 1143 939 art.
1164 900 1203 939 6.
1221 931 1232 950 ,

112 963 322 1010 negative,
351 963 444 1009 quia
474 957 589 996 homo
618 970 697 995 non
717 956 912 1006 baptizat,
940 958 1016 992 nisi
1045 964 1085 992 ut
1114 959 1231 992 mini-

113 1021 192 1050 ster
223 1011 391 1050 Christi:
433 1011 538 1049 unde
565 1014 663 1048 sicut
700 1023 801 1048 unus
838 1018 896 1047 est
928 1007 1129 1056 Christus,
1173 1012 1230 1045 ita

110 1074 260 1116 oportet
289 1078 376 1103 esse
404 1078 529 1102 unum
559 1068 805 1113 ministrum,
848 1066 913 1113 qui
946 1061 1141 1100 Christum
1171 1070 1232 1100 re-

108 1127 342 1170 praesentet.
371 1117 453 1156 Post
481 1127 608 1156 autem
638 1119 771 1164 docet,
800 1117 900 1168 quod
931 1117 960 1154 si
991 1124 1148 1168 uterque
1177 1116 1233 1153 di-

111 1181 231 1210 ceret:
279 1170 369 1224 Ego
397 1181 436 1210 te
464 1169 643 1223 baptizo,
673 1171 907 1223 baptismum
940 1168 1102 1217 valeret,
1139 1173 1233 1221 quia

112 1234 272 1276 uterque
300 1224 521 1264 intenderet
549 1238 630 1262 non
659 1223 901 1275 baptizatum
931 1221 1156 1272 baptizare,
1183 1224 1233 1263 Φ·

110 1286 296 1328 uterque,
326 1287 521 1331 quantum
551 1282 591 1316 in
621 1292 663 1316 se
692 1287 776 1324 est3
806 1276 1023 1328 baptizaret
1041 1303 1050 1314 .
1082 1277 1234 1315 Dicitur

109 1330 254 1370 alicubi
285 1333 386 1385 apud
416 1333 662 1371 Protestantes
691 1333 730 1371 id
759 1330 964 1384 aliquando
993 1331 1100 1378 fieri,
1131 1339 1170 1368 ut
1192 1344 1234 1368 u-

111 1398 181 1423 nus
209 1399 350 1438 aquam
378 1387 582 1435 infundat,
611 1385 705 1424 alter
733 1400 752 1423 e
771 1394 942 1437 suggestu
964 1385 1127 1422 formam
1148 1397 1236 1436 pro-

116 1440 296 1530 puntfigt:
340 1441 484 1492 quoin
514 1454 604 1479 casu
639 1439 850 1492 baptismus
889 1446 940 1477 est
979 1437 1236 1491 proculdubio

113 1502 232 1532 iuvat
262 1506 303 1532 us
318 1518 329 1532 .

509 1600 681 1640 CAPUT
722 1599 830 1639 Xttt.

217 1705 352 1747 Brevis
379 1704 544 1744 historia
573 1710 712 1746 veteris
741 1704 1097 1743 catechumenatus
1113 1730 1124 1742 .

164 1809 256 1856 415.
273 1788 572 1854 catechumeni
601 1813 691 1851 dicti
721 1821 804 1850 sunt
832 1826 854 1849 a
882 1807 999 1849 verbo
1026 1810 1230 1858 Κατηχόω,

114 1863 214 1915 quod
243 1864 431 1914 significat
459 1865 625 1914 audire,
668 1864 727 1904 vel
759 1865 940 1912 edoceri,
983 1864 1016 1900 &
1054 1861 1198 1901 erudiri
1217 1877 1232 1906 ‚-

107 1916 170 1954 sed
201 1916 452 1957 ecclesiastica
480 1918 597 1971 hujus
639 1919 740 1957 vocis
780 1918 1054 1970 significatione
1087 1915 1228 1953 Cathe-

106 1975 265 2007 cumem'
293 1970 516 2010 dicebantur
545 1971 602 2010 illi
622 2001 632 2019 ,
662 1973 729 2024 qui
758 1971 965 2009 doctrinam
988 1970 1075 2007 fidei
1098 1969 1233 2006 audie-

107 2021 227 2070 bant,
258 2031 295 2061 ut
324 2031 520 2076 postquam
551 2025 719 2062 instructi
741 2034 886 2072 essent,
916 2023 1226 2074 baptizarentur.

105 2074 161 2115 Ita
190 2075 353 2114 Isidorus
382 2076 589 2116 Lib.Vlll.
619 2075 684 2116 De
711 2081 863 2129 origine
891 2089 1027 2114 vocum
1057 2089 1142 2127 cap.
1170 2075 1230 2122 14.

103 2127 253 2167 Horum
282 2140 372 2168 vero
399 2129 761 2169 catechumenorum
790 2129 911 2183 aliqui
933 2128 1117 2181 Theologi
1139 2141 1230 2167 non-

105 2182 177 2221 nisi
205 2182 298 2222 duas
324 2182 458 2222 classes
487 2192 731 2232 enumerant,
761 2183 829 2222 alii
861 2184 1010 2236 plures.
1047 2182 1125 2222 Nos
1154 2190 1227 2221 tres

104 2235 402 2286 distinguemus,
431 2239 731 2276 communiorem
760 2237 981 2288 opinionem
1011 2244 1225 2288 sequentes:

106 2288 250 2328 scilicet
269 2288 523 2329 Audientium
540 2320 552 2341 ,
583 2290 822 2340 Oramium,
852 2303 916 2329 seu
941 2288 1223 2342 Genuflecten-

153 2491 202 2526 (a)
231 2487 266 2521 S.
281 2488 495 2533 Augustinus
522 2490 668 2525 Librum
695 2490 889 2536 composuit
916 2490 970 2524 De
996 2490 1217 2534 estteclu'zan-

104 2534 163 2568 dis
187 2535 325 2568 rudibus
347 2540 359 2575 (
378 2544 579 2571 contentum
606 2538 640 2570 in
661 2538 763 2571 Tom.
786 2538 846 2571 ΧΙ.
872 2539 1051 2583 Operum)
1078 2546 1216 2581 rogatus

101 2591 122 2612 a
146 2579 266 2614 Fratre
284 2580 520 2627 Deogratias,
547 2584 602 2617 cui
629 2595 755 2618 munus
780 2585 895 2618 suerat
922 2584 1123 2628 impositum
1159 2596 1217 2616 ca-

105 2624 327 2660 techumenos
353 2629 573 2670 instruendi3
600 2630 658 2664 ubi
686 2631 781 2669 intert
803 2630 870 2663 alia
896 2631 1101 2664 excellentia
1129 2641 1218 2674 pne-

104 2679 202 2715 cepta
227 2680 350 2707 notatu
374 2671 519 2718 dignum
543 2675 709 2717 videtur,
742 2676 915 2722 ‹proinodo
945 2676 1134 2710 monendus
1171 2677 1217 2710 sit

104 2715 370 2752 catechumenus
396 2719 559 2755 adversus
585 2721 770 2763 scandala,
795 2724 867 2756 sive
893 2723 1001 2763 foris,
1027 2725 1098 2756 sive
1127 2723 1161 2755 in
1189 2723 1216 2755 i-

102 2772 165 2806 psa
189 2762 365 2814 Ecclesia.
391 2787 417 2806 2,
437 2767 565 2802 Multos
581 2790 591 2809 ‚
618 2773 726 2814 inquit
750 2782 823 2808 cap.
843 2771 898 2803 25.
915 2791 924 2809 ,
957 2771 1095 2803 visurus
1120 2781 1155 2802 es
1182 2781 1219 2802 e-

103 2829 131 2848 „
154 2807 311 2861 hrrosos,
335 2823 477 2855 avaros,
512 2814 726 2849 fraudatores
741 2838 752 2856 ‚
778 2817 947 2850 aleatores
968 2839 978 2856 ‚
1012 2814 1186 2849 adulteros
1205 2838 1216 2856 ‚

102 2874 130 2897 „
155 2855 379 2908 tornicatores
406 2859 517 2890 ἂρ’...-
544 2861 858 2896 Animadversurus
884 2864 1014 2903 etiam,
1040 2861 1133 2907 quod
1158 2864 1217 2896 ille

103 2921 130 2940 2,
156 2899 265 2933 turbae
292 2903 457 2946 impleant
481 2905 652 2940 Ecclesias
679 2920 739 2952 per
764 2908 837 2942 dies
872 2910 974 2942 festos
999 2909 1220 2943 Christiano-

103 2967 130 2986 „
155 2957 256 2986 rum,
289 2959 365 2991 quae
393 2949 536 2994 implent
563 2955 592 2984 δι
619 2953 754 2987 theatra
782 2967 841 2999 pei·
866 2953 938 2988 dies
965 2956 1132 2989 solemnes
1158 2969 1219 3001 pa-

103 3013 130 3033 „
157 3003 350 3036 ganorum3
377 2997 408 3026 δι
424 2994 496 3029 inec
514 2996 665 3031 videndo
691 2999 731 3032 ad
751 3000 961 3034 imitandum
982 3003 1172 3036 tentaberis

103 3060 132 3079 ‚,
157 3038 377 3083 Conjungere
397 3040 549 3076 bonis...
589 3045 719 3078 multos
745 3047 950 3080 inventurus
973 3060 1008 3081 es
1025 3070 1037 3088 ,
1061 3050 1089 3082 si
1116 3051 1147 3080 &
1187 3058 1224 3083 tu

105 3105 134 3126 ‚‚
162 3085 239 3118 talis
267 3098 339 3119 esse
363 3087 562 3130 cmperis’'.

153 3133 199 3171 (b)
233 3132 315 3165 Haec
342 3131 522 3167 distinctio
545 3136 779 3175 audientium,
805 3139 836 3169 δε
861 3142 1048 3180 orantium,
1082 3140 1140 3172 vei
1162 3153 1223 3184 ge·

105 3178 363 3219 uufiectentium
390 3180 564 3212 invenitur
583 3193 742 3224 expresse
763 3183 797 3214 in
817 3194 892 3215 can.
910 3184 940 3215 5.
967 3185 1114 3217 Concilii
1130 3186 1224 3218 Neo-

106 3225 346 3266 cesariensis,
373 3226 406 3258 in
433 3238 501 3270 quo
527 3228 714 3260 statuitur:
759 3228 1082 3269 Catechumenum,
1107 3231 1134 3262 si
1161 3244 1222 3273 ge-

106 3269 294 3320 nuflectens
322 3281 464 3317 peccet,
489 3271 613 3306 debere
641 3273 738 3317 rejici
766 3273 807 3307 atl
833 3276 1032 3306 audientes.
1074 3277 1108 3307 ln
1128 3278 1222 3309 Con-

107 3315 191 3362 cilio
215 3318 319 3351 etiam
345 3319 491 3352 Nicaeno
517 3332 592 3353 can.
625 3319 677 3362 14.
703 3319 776 3353 ha‘c
808 3319 1003 3353 habemur.
1041 3321 1091 3353 De
1127 3331 1222 3356 cate-

107 3358 286 3398 chumenis
300 3385 315 3407 2
336 3369 390 3411 qui
417 3368 510 3412 lapsi
539 3375 614 3402 sunt
628 3387 640 3407 ‚
667 3370 771 3404 risum
795 3375 847 3404 est
868 3375 1013 3409 sancta,
1040 3370 1080 3401 (T
1097 3380 1221 3413 magna

2288 140 2367 181 ¹97

1303 207 1430 252 tium,
1473 203 1508 239 ἃ
1541 202 1854 252 Competeutium
1890 217 1954 241 seu
1993 203 2250 242 Elector-um.
2298 201 2423 241 Primi

1304 256 1602 295 admittebantur
1631 257 1675 293 ad
1708 256 1882 308 publicas
1924 259 2182 296 instructiones
2218 259 2258 295 in
2287 255 2423 295 Eccle-

1303 311 1386 358 sia,
1417 319 1456 348 ut
1484 310 1680 356 audirent,
1710 322 1798 360 quae
1821 309 1938 354 sides,
1969 311 2001 345 ἃ
2031 311 2154 361 qualis
2183 311 2259 349 vita
2287 310 2423 349 debeat

1302 377 1380 402 esse
1408 363 1605 402 christiani
1636 363 1724 413 (a).
1767 361 1937 399 Secundi
1967 373 2071 400 erant
2102 363 2188 410 illi,
2225 366 2291 416 qui
2323 373 2422 416 post-

1301 431 1419 470 quam
1447 416 1670 468 diligentem
1698 428 1853 467 operam
1884 416 2190 453 instructionibus
2232 427 2306 455 tam
2347 419 2424 469 pri-

1305 472 1427 518 vatis,
1456 484 1573 523 quam
1603 467 1772 520 publicis
1794 476 2015 516 navas-seut,
2046 469 2248 519 participes
2279 470 2423 509 fiebant

1305 525 1519 562 orationum
1538 553 1549 572 ,
1591 524 1624 559 8<
1653 522 1961 560 benedictionum
2001 521 2158 572 genibus
2202 521 2307 559 ssexis
2337 524 2393 573 (b)
2412 551 2423 562 .

1308 576 1428 615 Tertii
1455 577 1612 615 demum
1642 584 1745 614 erant
1774 574 1860 624 illi,
1889 575 1957 627 qui
1978 587 2113 612 nomen
2133 586 2242 628 suum
2263 575 2425 624 dabant,

1305 640 1345 670 ut
1374 631 1608 683 baptismum
1640 631 1874 681 reciperent,
1912 627 1946 664 ἃ
1974 629 2041 680 qui
2073 635 2268 679 propterea
2298 629 2342 665 ad
2373 629 2424 666 1-3-

1304 686 1506 737 piscopum
1535 683 1772 722 ducebantur
1801 697 1823 720 a
1851 681 2107 732 Spmtsoribus
2124 711 2135 730 ,
2163 694 2227 718 seu
2249 680 2425 734 Fidejus-

1300 736 1452 776 soribus
1473 738 1560 789 (c).
1591 737 1759 775 Breviter
1787 737 1836 774 de
1864 735 2042 787 singulis.

1358 791 1450 838 414.
1481 792 1681 840 Quantum
1709 790 1755 828 ad
1785 791 1949 842 primos.
1979 789 2019 827 S.
2050 787 2218 828 Thomas
2239 788 2328 829 5.P,
2357 802 2427 841 qu.

1306 859 1370 896 7¹·
1391 854 1462 884 art.
1483 858 1516 883 1.
1545 845 1640 883 bene
1669 843 1869 892 observat,
1899 844 2152 881 necessarium
2169 857 2265 891 esse,
2296 851 2335 880 nt
2363 857 2427 881 ca·

1302 898 1508 937 techismus
1550 897 1738 950 praecedat
1778 897 2041 950 baptismum,
2082 899 2175 950 qnia
2215 897 2428 949 baptismus

1301 961 1354 991 est
1383 952 1473 991 fidei
1503 951 1819 997 Sacramentum;
1861 951 1908 989 ad
1937 949 2008 988 hoc
2045 959 2173 989 autem
2212 959 2251 988 ut
2286 949 2428 1002 aliquis

1300 1005 1418 1044 fidem
1448 1006 1630 1057 accipiat,
1661 1006 1866 1057 requiritur
1894 1005 2112 1052 instructio,
2141 1004 2349 1043 secundum
2382 1003 2429 1041 il-

1300 1058 1365 1097 lud
1390 1059 1499 1098 Rom.
1516 1059 1567 1098 X.
1589 1059 1649 1104 14.
1682 1057 1886 1109 Quomodo
1915 1057 2075 1096 credent
2104 1062 2167 1107 ei,
2197 1071 2315 1109 quem
2344 1070 2428 1095 non

1300 1112 1552 1151 audierunt?
1598 1111 1804 1162 Quomodo
1834 1120 1971 1150 autem
2000 1111 2165 1150 audient
2207 1116 2293 1150 sine
2321 1124 2426 1162 μνω-

1301 1165 1501 1204 dicante?
1548 1165 1659 1204 Unde
1687 1167 1801 1202 etiam
1833 1165 2023 1204 Dominus
2050 1165 2156 1203 Jesus
2185 1164 2324 1204 Matth.
2356 1165 2425 1203 ult.

1307 1232 1367 1271 19.
1390 1228 1628 1272 praeceptum
1649 1219 1869 1270 baptizandi
1893 1218 2104 1269 Discipulis
2120 1219 2266 1256 tradens
2283 1249 2293 1266 ,
2324 1232 2425 1269 prae-

1302 1275 1418 1311 mittit
1445 1274 1656 1312 doctrinam
1686 1272 1880 1323 baptismo
1908 1272 2058 1309 dicens:
2102 1270 2259 1310 Euntes
2289 1270 2427 1310 docete

1301 1340 1442 1365 omnes
1469 1334 1608 1380 gentes
1625 1356 1636 1374 ‚
1666 1324 1912 1376 baptizantes
1936 1329 2005 1362 'eos
2033 1325 2121 1364 (9⁴0.

1357 1381 1450 1426 415.
1480 1380 1594 1418 Porro
1623 1379 1694 1418 hoc
1721 1379 1881 1418 docendi
1910 1377 2105 1427 officium,
2141 1379 2241 1431 quod
2271 1379 2427 1431 proprie

1304 1433 1583 1488 Episcopoi·uin
1615 1442 1666 1472 est
1685 1463 1695 1482 ,
1732 1434 1946 1471 necessitate
1974 1442 2127 1484 cogente
2157 1433 2229 1470 fuit
2258 1432 2342 1470 aliis
2373 1442 2427 1469 et-

1305 1489 1382 1526 iam
1415 1490 1661 1540 impositum,
1691 1500 1784 1538 quos
1813 1486 1854 1524 S.
1876 1485 2015 1524 Paulus
2041 1499 2072 1523 1.
2089 1486 2134 1523 ad
2150 1485 2319 1523 Corinth.
2336 1485 2426 1524 ΧΗ.

1306 1541 1370 1579 28.
1401 1551 1507 1580 vocat
1529 1540 1742 1586 Doctores,
1773 1539 1820 1576 ab
1844 1538 2056 1591 Apostolis‚
2087 1538 2336 1590 &Prophetis
2365 1539 2424 1576 di-

1304 1596 1480 1640 stinctos;
1509 1593 1542 1630 ἃ
1572 1595 1638 1645 qui
1671 1601 1791 1644 postea
1813 1591 2050 1630 catechistae
2069 1592 2159 1630 dicti
2189 1601 2298 1641 sunt,
2329 1607 2426 1644 qua-

1303 1646 1358 1684 les
1387 1649 1424 1686 in
1444 1647 1618 1687 Ecclesia
1640 1644 2282 1684 Alexandrina'fuerantl'antaeuus
2299 1676 2309 1694 ,
2339 1646 2428 1682 Cle-

1302 1714 1425 1749 tucus,
1446 1701 1649 1751 Origenes,
1672 1699 1876 1747 Heraclas,
1898 1699 1997 1737 Dion
2030 1700 2127 1748 sius,
2157 1712 2322 1752 quorum
2344 1713 2426 1737 me-

1300 1755 1410 1792 minit
1438 1754 1629 1792 Eusebius
1657 1752 1745 1791 Lib.
1767 1752 1836 1791 Vl.
1866 1751 1972 1790 Hist.
2035 1753 2107 1791 ccl.
2136 1767 2222 1805 cap.
2249 1753 2309 1792 13.
2340 1767 2421 1806 seq.

1299 1807 1380 1844 Hoc
1409 1806 1579 1845 officium
1610 1807 1723 1844 etiam
1753 1805 1862 1845 laicis
1891 1807 2004 1844 fuisse
2032 1805 2240 1858 aliquando
2268 1820 2426 1846 concre-

1297 1861 1418 1898 ditum
1436 1890 1447 1908 ,
1476 1860 1652 1898 dubitare
1681 1872 1757 1898 non
1778 1861 1865 1898 sinit
1886 1858 2106 1912 exemplum
2122 1861 2325 1911 Origenis,
2353 1861 2424 1912 qui

1297 1927 1413 1951 annos
1440 1914 1647 1953 octodecim
1687 1922 1796 1951 natus
1823 1912 1975 1952 Scholae
2009 1913 2278 1951 Alexandrina}
2324 1927 2425 1965 prat-

1295 1968 1412 2004 fuisse
1441 1967 1610 2005 dicitur.
1654 1967 1695 2004 ld
1724 1968 1839 2004 etiam
1870 1976 1968 2019 patet
1998 1979 2042 2004 ex
2073 1966 2162 2005 Lib.
2184 1966 2297 2017 Vlll.
2322 1966 2425 2004 Con-

1294 2021 1646 2072 stitut.Apostolic.
1676 2034 1761 2073 cap.
1779 2020 1858 2068 58„
1890 2021 1956 2059 ubi
1985 2020 2149 2059 dicitur:
2184 2020 2259 2071 Qui
2288 2019 2423 2069 docet,

1300 2078 1480 2125 quamvis
1510 2079 1559 2112 sit
1589 2075 1742 2122 laicus,
1771 2078 1917 2125 peritus
1946 2083 2087 2112 tamen
2116 2077 2312 2112 sermonis
2331 2105 2340 2122 ‚
2370 2076 2422 2115 Q»

1300 2127 1470 2166 moribus
1497 2133 1630 2181 gravis
1659 2127 1828 2166 doceat.
1872 2127 2127 2181 Frequentius
2158 2127 2319 2166 Diaconi
2363 2142 2422 2165 as-

1296 2181 1547 2221 sumebantur
1567 2213 1578 2231 ,
1609 2192 1647 2220 ut
1677 2191 1755 2219 erat
1787 2180 1853 2219 ille
1881 2181 2074 2220 Diaconus
2097 2182 2296 2220 Africanus
2312 2180 2419 2219 Deo·

1292 2239 1478 2287 gratias,
1508 2236 1554 2274 ad
1584 2250 1698 2288 quem
1730 2234 1887 2273 Sanctus
1919 2235 2148 2286 Augustinus
2176 2233 2323 2273 librum
2354 2233 2420 2272 De

1292 2288 1586 2328 catechizandis
1614 2287 1773 2327 rudibus
1801 2289 1939 2327 direxit
1969 2286 2029 2338 (d)
2048 2314 2060 2326 .

2272 2340 2365 2387 416.

1285 2489 1459 2533 syuodo,
1495 2496 1529 2521 uc
1555 2490 1584 2520 ii
1609 2488 1716 2520 tribus
1743 2490 1844 2521 arinis
1868 2493 1995 2520 tantum
2020 2487 2200 2520 audientes
2240 2489 2335 2526 sinc,
2373 2489 2417 2520 (ι’

1284 2545 1403 2580 postea
1429 2543 1525 2567 orent
1551 2547 1623 2566 cum
1649 2535 1920 2567 catechumenis.

1338 2589 1385 2620 (c)
1417 2581 1561 2614 Sanctus
1591 2582 1805 2624 Augustinus
1827 2580 1880 2613 De
1899 2579 2004 2623 fide,
2032 2583 2073 2612 Θ·
2099 2580 2256 2623 operibus
2284 2590 2359 2624 cap.
2376 2580 2413 2613 6.

1286 2629 1392 2662 Tom.
1418 2629 1480 2661 xi.
1508 2627 1750 2670 Competenees
1777 2639 1832 2660 tos
1860 2627 2047 2666 nominat,
2073 2628 2133 2670 qui
2161 2638 2220 2670 per
2246 2626 2413 2659 catechu-

1284 2674 1467 2708 menorum
1492 2673 1619 2718 gradus
1647 2673 1688 2707 ad
1716 2686 1840 2708 nomen
1859 2673 1992 2706 Christi
2013 2671 2212 2706 accedentes
2228 2694 2239 2712 ,
2264 2674 2310 2705 ud
2333 2685 2416 2715 per·

1285 2723 1478 2765 cipiendnm
1504 2722 1702 2764 baptismum
1729 2734 1787 2754 suu
1811 2725 1945 2753 'torinna
1958 2720 2030 2766 jam
2049 2721 2216 2752 dederunt
2233 2741 2243 2759 ‚
2269 2722 2300 2751 ἃς
2325 2730 2415 2763 quos

1286 2778 1471 2814 propterea
1497 2769 1726 2811 diligentius,
1752 2771 1783 2799 Sc
1802 2770 1989 2800 instantius
2008 2765 2207 2810 probandos
2225 2777 2297 2798 esse
2313 2765 2416 2798 vult.

1337 2818 1389 2852 (cl)
1416 2815 1582 2847 Prseclare
1611 2816 1644 2846 S.
1672 2815 1826 2846 'l'homas
1854 2816 1885 2846 3.
1914 2813 1947 2845 P.
1975 2824 2034 2857 qu.
2063 2824 2118 2855 71.
2148 2821 2214 2845 art.
2233 2811 2266 2854 4.
2306 2810 2348 2844 ad
2376 2813 2413 2844 3.

1287 2883 1313 2904 ‚,
1340 2861 1557 2906 Multiplex,
1585 2864 1693 2904 inquit
1719 2869 1770 2893 est
1798 2859 2003 2892 instructio.
2031 2859 2110 2892 Una
2137 2858 2340 2893 conversiva
2368 2856 2412 2890 ad

1289 2930 1316 2949 ‚‚
1342 2908 1465 2948 fidem,
1501 2919 1606 2951 quam
1636 2908 1822 2951 Dionysius
1849 2906 1974 2940 tribuit
2000 2906 2202 2951 Episcopo,
2236 2908 2268 2937 &
2302 2911 2417 2949 potest

1291 2977 1316 2996 ‚,
1341 2962 1534 3000 competere
1559 2955 1702 2987 cuilibet
1728 2952 1970 2998 prfedicatori,
1995 2954 2049 2985 vel
2076 2953 2182 2986 etiam
2207 2952 2352 2985 cuilibet
2372 2951 2413 2984 fi-

1291 3023 1318 3042 „
1343 2999 1409 3034 deti
1427 3025 1435 3033 .
1473 2999 1628 3034 Secunda
1656 3009 1707 3034 est
1734 3000 1948 3039 instructio,
1985 3011 2055 3044 qua
2082 3000 2163 3044 quis
2187 2997 2346 3031 cruditur
2371 2996 2414 3030 de

1293 3069 1320 3088 ‚2
1346 3047 1422 3082 futei
1450 3046 1656 3081 rudimentis
1673 3069 1682 3087 ‚
1709 3049 1738 3079 &
1763 3047 1913 3091 ‹pialiter
1939 3057 1973 3078 se
1991 3045 2114 3080 debeat
2141 3045 2268 3079 habere
2295 3046 2330 3077 in
2353 3056 2417 3076 su-

1298 3116 1322 3135 „
1348 3095 1521 3139 sceptione
1548 3096 1878 3134 Sacraiuentorum5
1913 3095 1944 3124 δι
1970 3092 2043 3126 haec
2069 3093 2219 3137 pertinet
2244 3089 2415 3125 secunda-

1291 3161 1317 3181 „
1343 3143 1396 3175 rio
1419 3139 1561 3185 quidem
1583 3140 1826 3174 administros
1844 3161 1854 3180 ,
1880 3140 2122 3185 principaliter
2147 3148 2262 3172 autem
2287 3135 2331 3171 ad
2356 3148 2414 3186 sa-

1292 3207 1318 3227 „
1343 3187 1520 3221 certlotes.
1550 3187 1671 3220 Tertia
1697 3195 1748 3220 est
1775 3186 1961 3220 instructio
1986 3187 2026 3219 de
2045 3185 2303 3220 conversatione
2315 3182 2409 3215 chri-

1293 3254 1318 3273 ,‚
1343 3235 1464 3267 stianae
1492 3235 1597 3274 visae,
1622 3237 1652 3266 ἃ
1679 3232 1752 3266 hiec
1767 3234 1917 3277 pertinet
1935 3231 1977 3265 ad
1996 3233 2174 3277 patrinos.
2201 3231 2334 3279 Quarta
2353 3232 2409 3275 est

1288 3300 1315 3319 7,
1341 3281 1526 3314 instructio
1550 3279 1591 3314 de
1617 3279 1799 3326 profundis
1824 3280 2002 3324 mysteriis
2031 3277 2131 3317 fidei,
2167 3280 2198 3308 Β(
2223 3279 2409 3322 perstet-'Q-

1288 3346 1314 3367 ‚,
1341 3338 1382 3359 ne
1408 3325 1607 3362 christianae
1633 3327 1742 3367 vitae,
1767 3329 1799 3360 ἃ
1823 3325 1896 3360 haec
1921 3336 1963 3360 ex
1987 3324 2100 3360 officio
2121 3322 2273 3367 pertinet
2298 3315 2341 3350 ad
2358 3316 2410 3348 ἓ..-

1289 3392 1315 3414 ,‚
1338 3372 1503 3418 piscopos
1515 3376 1566 3406 “-
