2605 3624
694 89 775 136 DE
812 84 1335 133 CONFJRMATIONIS
1369 87 1767 136 EFFECTIBUS.

74 175 266 230 quoddam
296 172 492 228 spirituale
522 179 765 222 augmentum
811 182 1036 221 promovens
1064 168 1188 207 homi·

76 245 163 269 nem
194 233 234 270 iu
261 227 497 282 spiritualem
527 228 674 262 ae'tatem
723 224 933 275 perfectam
952 250 962 261 .
1020 222 1190 261 Manife-

74 295 172 322 stum
209 293 262 323 est
289 291 415 319 autern
456 291 501 315 ex
538 276 792 316 similitudine
834 276 1044 328 corporalis
1073 277 1191 325 vitae,

74 339 174 389 quod
203 336 279 375 alia
306 341 358 372 est
386 332 483 371 actio
513 331 677 369 hominis
707 332 832 370 statim
862 333 938 368 usui
957 361 967 379 ,
997 330 1029 367 ἃ
1060 329 1136 368 alia
1153 344 1194 367 a·

74 392 175 438 ctio,
203 401 290 440 qnae
311 385 489 436 competit
520 385 552 422 ei
571 413 582 432 ‚
613 397 702 422 cum
724 384 771 422 ad
802 385 1008 437 perfectam
1041 393 1191 422 aetatem

77 441 318 496 pervenerit.
362 438 410 478 Et
440 438 524 477 ideo
561 451 628 490 per
656 437 944 476 Sacramentum
975 438 1191 476 Confirma-

78 496 189 539 tionis
207 495 318 533 datur
347 491 494 530 homini
527 500 682 543 potestas
701 491 910 543 spiritualis
929 492 974 530 ad
1005 492 1190 543 quasdam

77 548 171 589 alias
197 547 363 586 actiones
390 559 543 593 sacras,
574 554 711 598 practer
745 545 850 592 illas,
882 546 927 583 ad
957 559 1052 596 quas
1081 545 1191 583 datur

75 603 111 642 ei
140 609 298 654 potestas
324 600 365 639 in
393 599 608 651 baptismo.
639 598 738 637 Nam
770 600 808 639 iu
833 599 1023 651 baptismo
1050 599 1192 651 accipit

75 654 191 695 homo
219 662 436 707 potestatem
465 652 513 690 ad
542 665 586 690 ea
601 652 741 706 agenda
760 681 770 700 ‚
801 666 888 704 quae
919 652 964 690 ad
997 654 1192 705 propriam

71 709 264 762 pertinent
290 706 473 754 salntem,
504 715 614 757 prout
629 706 772 745 scilicet
801 706 1010 745 secundum
1025 708 1194 758 seipsum

76 762 198 806 vivit3
230 760 292 800 sed
322 762 363 799 in
391 758 694 799 Confirmatione
723 761 863 811 accipit
893 757 1007 796 homo
1038 769 1195 811 potesta-

73 823 151 854 tem
181 815 226 853 ad
257 815 447 867 agendum
477 827 548 860 ea,
590 827 679 865 quae
718 815 906 864 pertinent
949 812 996 850 ad
1029 826 1196 863 pugnarn
1223 819 1230 825 ⁰

76 868 313 921 ‚spiritualem
342 876 471 906 contra
491 865 620 904 'hostes
649 865 762 903 fidei:
806 867 903 903 sicut
932 874 1032 917 patet
1070 879 1198 904 exem-

75 921 142 974 plo
171 921 461 975 Apostolorum,
489 920 557 971 qui
582 929 786 971 antequam
819 917 1092 970 plenitudinem
1110 918 1197 971 Spi-

74 977 170 1014 ritus
198 975 314 1014 sancti
343 975 585 1025 acciperent,
627 980 734 1010 eraut
765 974 804 1010 iu
833 971 1034 1009 coenaculo
1071 986 1198 1024 perse-

79 1037 250 1068 verantes
277 1027 495 1067 inoratione
511 1039 522 1071 3
551 1026 792 1077 postmodum
810 1038 900 1062 vero
927 1026 1091 1075 egressi,
1123 1039 1196 1063 uon

77 1081 305 1122 verebantur
334 1078 491 1133 publice
519 1076 637 1116 fidem
668 1078 778 1118 fateri
817 1079 933 1118 etiam
962 1091 1092 1117 coram
1122 1080 1196 1119 ini-

76 1136 188 1176 micis
216 1122 308 1172 lidei
335 1132 564 1172 Christianae
582 1132 633 1171 .’'

136 1201 222 1241 ¹¹7·
254 1187 359 1226 Hanc
400 1198 512 1240 porro
552 1185 769 1225 doctrinam
813 1183 1020 1237 Angelicus
1057 1185 1198 1225 Doctor

74 1253 119 1279 ex
149 1242 317 1293 antiquis
343 1241 482 1281 sauciis
509 1238 686 1278 Patribus
718 1239 917 1288 hauserat,
953 1240 1020 1292 qui
1053 1241 1195 1292 passim

74 1293 146 1333 hoc
163 1296 452 1334 Sacramentum
467 1293 663 1346 appellant
680 1293 933 1344 signaculum
950 1324 960 1342 ,
991 1306 1067 1346 quo
1087 1293 1196 1330 Clu-i·

76 1358 160 1388 stus
188 1352 323 1400 signat
353 1351 393 1385 in
418 1345 616 1397 frontibus
645 1348 790 1385 milites
819 1360 909 1385 suos
928 1378 938 1396 ,
971 1357 1008 1384 ut
1039 1345 1196 1384 'l'ertul-

80 1401 204 1440 liaitus
233 1403 283 1439 ait
314 1400 377 1439 De
410 1393 635 1451 Praescript.
664 1415 750 1453 cap.
772 1401 837 1446 40.
859 1431 870 1448 ,
919 1400 980 1439 vel
1011 1405 1198 1452 signacu-

75 1454 157 1493 lum
189 1454 474 1502 Dominicum,
503 1468 581 1507 quo
610 1454 741 1492 fideles
770 1463 924 1506 accepto
941 1454 1087 1506 Spiritu
1113 1469 1198 1492 san-

77 1518 136 1546 cto
154 1516 489 1547 consummantur
504 1538 515 1556 ,
547 1518 585 1546 nt
600 1509 640 1546 S.
656 1509 872 1561 Cyprianus
889 1510 996 1560 epist.
1016 1507 1198 1547 LXXIII.

74 1561 121 1600 ad
149 1561 418 1614 Jubajanum.
455 1561 594 1600 Adhuc
624 1564 838 1614 expressius
865 1561 906 1599 S.
936 1561 1108 1614 Cyrillus
1136 1561 1198 1599 Je-

77 1614 262 1668 rosolym.
305 1616 345 1655 in
374 1614 453 1655 fine
484 1614 825 1654 Protocateclzesis
853 1615 900 1652 de
927 1614 1199 1653 Confirmatio-

78 1682 128 1707 ne
155 1668 340 1721 loquens,
390 1667 469 1706 Det
499 1667 609 1706 nobis
639 1668 748 1706 Deus
766 1698 776 1716 ‚
824 1669 950 1719 iuquit
973 1698 982 1714 ‚
1031 1666 1196 1716 Spiritus

76 1725 209 1759 sancti
228 1721 481 1774 signaculum
510 1721 777 1760 indelebilem
805 1725 1117 1771 sempiternum.
1151 1720 1198 1759 Et

76 1774 118 1812 S.
150 1775 379 1825 Augustinus
411 1773 499 1812 Lib.
521 1774 568 1812 ll.
599 1784 703 1812 cont.
733 1775 887 1813 litteras
910 1774 1095 1812 Petiliani
1111 1789 1197 1826 cap.

85 1827 174 1873 104.
202 1826 517 1865 Sacramentum
547 1826 775 1866 chrismatis
793 1858 804 1876 ‚
833 1828 952 1877 dicit,
983 1832 1023 1865 in
1052 1841 1200 1880 genere

78 1879 281 1919 visibilium
300 1882 598 1933 signaculorum
618 1890 923 1920 sacrosanctum
954 1894 1040 1919 esse
1057 1911 1067 1930 ,
1097 1886 1196 1919 sicut

80 1942 138 1977 est
165 1937 248 1984 lpse
276 1932 496 1984 baptismus
513 1964 524 1983 ,
553 1935 732 1987 additque
762 1937 888 1986 ipsum
921 1948 1024 1985 posse
1054 1936 1196 1975 esse&

75 1990 119 2027 in
145 1985 367 2026 hominibus
394 1991 602 2036 pessimis,
644 1989 738 2040 quia
766 1989 958 2025 nimirum
989 1987 1197 2026 indelebile

79 2049 158 2079 est.
199 2039 241 2079 S.
270 2040 350 2080 Leo
378 2039 544 2093 Magnus
571 2041 698 2080 Serm.
720 2040 788 2080 lv.
818 2039 883 2080 De
911 2038 1079 2079 Nativit.
1109 2056 1197 2094 cap.

78 2092 118 2134 6.
146 2093 280 2134 fideles
293 2093 521 2148 alloquens,
551 2092 728 2144 Rerum,
757 2095 884 2148 inquit
900 2125 911 2144 ‚
938 2107 1010 2144 per
1025 2109 1202 2148 aquam,

128 2270 178 2307 (a)
207 2267 244 2300 S·
263 2265 425 2312 Gregorii
450 2268 560 2303 verba
584 2268 659 2303 haec
678 2275 758 2303 sunt
777 2280 790 2299 ι
815 2289 840 2309 ‚,
864 2268 915 2302 De
933 2266 1201 2302 dedicationum

81 2335 108 2356 „
134 2325 218 2348 vero
236 2314 476 2349 Ecclesiarum
501 2315 746 2357 dubitatione,
772 2327 877 2360 super
902 2328 1010 2361 quam
1036 2316 1128 2349 intei-
1146 2328 1203 2349 ce-

81 2381 108 2401 „
135 2369 208 2394 tera
233 2372 294 2394 nos
321 2361 499 2399 consulere
526 2363 712 2403 voluistis,
737 2363 802 2396 hoc
829 2374 887 2395 vos
916 2363 981 2396 rite
1001 2372 1118 2396 tenere
1143 2361 1204 2394 ‹le-

81 2427 109 2448 ‚‚
135 2405 251 2447 betis,
293 2407 389 2453 quod
415 2408 459 2442 ab
485 2409 763 2444 antecessoribus
789 2410 919 2443 nostris
949 2408 1118 2442 traditum
1146 2421 1204 2442 ac-

37 2456 42 2463 ‘
82 2474 108 2494 ,‚
135 2453 314 2499 cepimus:
357 2452 445 2488 idest
471 2463 509 2489 ut
534 2457 671 2500 qumies
699 2465 771 2489 tam
798 2455 839 2489 tle
864 2455 1042 2500 baptismo
1069 2457 1204 2500 aliquo-

82 2520 110 2540 „
133 2510 213 2534 rum
229 2521 240 2540 ‚
264 2501 320 2534 vel
338 2499 602 2536 confirmatione
619 2525 631 2544 ,
657 2514 764 2548 quam
789 2501 830 2537 de
857 2503 1120 2536 consecratione
1138 2501 1203 2535 du-

82 2566 109 2585 „
134 2545 262 2580 bitatio
284 2546 462 2590 habetur,
488 2551 521 2582 Oc
546 2561 610 2583 nec
636 2551 775 2595 scriptis
797 2572 808 2591 ,
849 2562 911 2583 nec
940 2550 1086 2584 testibus
1112 2549 1204 2582 ratio

83 2611 110 2630 „
135 2599 231 2624 certa
257 2591 429 2634 habetur,
456 2603 577 2630 utrum
600 2596 800 2641 baptizati,
826 2596 882 2636 vel
907 2597 1129 2636 confirmati,
1156 2597 1202 2630 si·

82 2657 110 2677 ,‚
134 2647 175 2668 ve
201 2637 365 2672 Ecclesia
391 2650 605 2675 consecratae
629 2644 726 2683 sint,
769 2653 808 2677 ut
834 2644 1058 2687 baptizentur
1085 2644 1171 2676 tales
1190 2663 1202 2684 ,

84 2704 112 2724 ,‚
139 2693 178 2715 ac
204 2683 454 2719 confirmentur
470 2708 483 2727 ,
525 2696 629 2732 atque
654 2689 821 2724 Ecclesiae
848 2690 1014 2723 canonice
1040 2687 1203 2723 dedicen-

82 2750 108 2770 ‚‚
136 2737 218 2769 tur,
244 2741 286 2763 ne
313 2731 391 2765 talis
415 2730 591 2767 dubitatio
609 2735 710 2770 ruina
735 2735 896 2771 fidelibus
922 2735 1006 2780 fiat,
1031 2737 1203 2782 qnoniam

83 2796 110 2816 ‚‚
139 2785 204 2807 uon
229 2785 449 2811 monstratur
474 2779 640 2814 iteratum
661 2802 673 2822 ,
712 2781 804 2828 quod
832 2794 900 2817 non
928 2784 1033 2817 certis
1062 2781 1203 2816 indiciis

82 2842 108 2862 ,‚
135 2820 332 2855 ostenditur
357 2823 421 2856 rite
445 2833 649 2869 peractum.

134 2868 181 2904 th*-
210 2867 266 2901 Jo.
292 2868 450 2902 Mor-inus
476 2871 684 2918 Conni-egat.
710 2875 865 2908 Oratorii
894 2874 1110 2920 Presbyter,
1151 2876 1207 2908 vir

88 2910 276 2947 admodum
302 2912 462 2948 eruditus
480 2936 492 2956 ,
516 2899 575 2950 seii
601 2920 662 2963 qui
689 2931 706 2952 a
732 2922 910 2954 communi
938 2920 1103 2966 opinandi
1130 2933 1205 2955 mo-

82 2958 128 2993 do
154 2960 304 2993 libenter
329 2959 555 3005 discedebat,
600 2964 762 3000 1.ib.tx.
806 2966 859 2998 De
895 2972 1101 3010 poenitentia
1126 2979 1202 3013 cap.

86 3017 140 3039 11.
167 3009 199 3038 &
224 3018 294 3051 seq.
321 3005 444 3051 dogma
472 3020 490 3040 a
518 3008 679 3043 Patribus
700 3010 920 3045 Tridentinis
945 3011 1127 3046 definitum
1147 3025 1203 3046 re-

87 3053 228 3096 stringit
272 3051 315 3085 :ul
341 3054 606 3087 Sacramentum
633 3056 917 3091 confirmationis
954 3060 988 3092 in
1030 3059 1203 3094 catholica

85 3096 240 3133 Ecclesia
266 3101 332 3132 rite
359 3100 525 3133 collatum
543 3124 550 3131 .
590 3101 623 3133 Si
651 3110 767 3134 autem
795 3102 838 3135 ab
864 3104 1038 3148 Episcopo
1065 3104 1205 3137 immu-

88 3152 131 3175 co
156 3145 375 3186 conferatur,
421 3155 545 3190 putat,
570 3155 728 3180 veterum
757 3147 898 3180 Patrium
914 3170 924 3188 ‚
963 3161 1048 3193 quos
1075 3151 1204 3183 multos

90 3188 239 3233 allegat,
263 3193 472 3226 sententiam
499 3194 605 3226 fnisse
622 3215 632 3233 ‚
658 3194 742 3232 :tale
769 3194 1036 3228 Sacramentum
1063 3196 1206 3229 irritum

89 3245 191 3274 ²⁵⁵⁸,
232 3235 382 3284 adeoque
408 3240 544 3274 nullum
571 3239 810 3273 characterem
838 3240 1040 3284 imprimere
1061 3262 1073 3280 ,
1109 3253 1209 3275 secus

90 3291 130 3313 ac
156 3278 198 3314 de
221 3280 394 3327 baptismo
415 3307 427 3326 ‚
451 3297 555 3330 quem
582 3287 688 3319 etiam
715 3287 758 3320 ab
784 3286 961 3319 lia-reticis
987 3285 1108 3320 datum
1134 3299 1208 3320 esse

83 3325 265 3370 validum,
292 3331 322 3362 &
347 3330 591 3369 characterem
618 3333 820 3378 imprimere
838 3354 850 3373 ,
875 3344 1010 3378 semper
1036 3331 1210 3369 creditum

2241 104 2323 146 223

1255 169 1304 209 Θ
1335 167 1524 219 Spiritum
1553 180 1740 209 sanctum
1771 178 1982 225 accepistis·
2010 175 2187 220 chrisma.
2215 182 2380 231 saluae,

1259 223 1309 263 Φ·
1338 224 1592 274 signaculum
1625 229 1713 260 vitoe
1742 235 1921 266 eteruae.
1971 231 2096 270 Mulio
2126 237 2237 287 plura
2267 237 2384 287 hujus

1261 278 1409 326 generis
1451 276 1587 313 afferre
1618 276 1732 315 facile
1762 279 1882 327 esset,
1931 285 2072 333 quibus
2114 290 2375 338 significarunt

1263 336 1405 367 veteres
1436 328 1622 368 Ecclesiae
1653 330 1804 379 Patres,
1854 335 1892 371 in
1938 335 2006 372 hoc
2037 333 2280 380 sacramento
2309 346 2383 380 iin-

1262 382 1382 434 primi
1410 383 1650 434 signaculum
1681 384 1918 433 indelebile,
1950 390 2051 440 quod
2082 405 2145 428 nos
2175 394 2382 434 elstrae-,te—

1262 448 1351 474 rem
1381 438 1624 474 nominamus
1647 464 1657 476 .
1705 437 1818 476 Unde
1849 443 1962 480 etium
2011 445 2134 482 iterari
2179 459 2249 484 non
2282 463 2386 499 posse

1259 489 1497 538 (luciterum,
1548 492 1616 528 nisi
1647 492 1804 543 quando
1846 494 2111 545 probahilibus
2148 506 2381 542 aretum-uus

1260 543 1387 595 ipsum
1406 545 1472 580 rite
1487 543 1668 582 collatum
1688 559 1763 582 uon
1782 547 1893 585 sutae
1910 577 1920 595 ,
1941 542 2214 600 dubitabatur]
2245 566 2379 604 quum-

1260 596 1468 635 admodum
1515 599 1643 637 statuit
1672 599 1713 637 S.
1748 601 1956 651 Gregorius
1988 603 2087 655 Papa
2134 606 2178 643 ad
2214 605 2386 645 Felicem

1261 649 1499 702 Episcopum
1544 651 1757 693 rescribens
1801 654 1889 693 Lib.
1913 655 2021 694 XIV.
2060 659 2169 710 epist.
2196 672 2255 709 ¹7·
2286 662 2349 711 (α’)
2375 676 2385 705 ;

1262 702 1295 739 8(
1338 713 1423 742 ante
1467 706 1593 756 ipsum
1622 706 1804 759 Synodus
1832 707 1880 746 V.
1923 710 2229 761 Carthaginiensis
2259 713 2382 752 celei).

1263 771 1362 796 auno
1391 757 1486 804 401.
1516 759 1620 797 idem
1648 763 1775 799 statuit
1805 775 1890 800 can.
1912 761 1973 801 6.:
2005 765 2036 800 ἃ
2067 766 2282 805 Concilium
2313 768 2385 806 Ca-

1265 810 1479 850 billouense
1510 812 1556 850 lI.
1586 828 1687 853 anuo
1717 815 1810 854 815.
1840 817 2036 856 damnavit
2050 821 2235 871 quosdam
2266 823 2392 874 impe-

1268 865 1356 902 ritos
1385 865 1431 902 de
1461 865 1602 918 plebe,
1650 870 1718 920 qui
1749 869 1834 918 bis,
1882 882 1945 907 aii:
1975 881 2067 910 terse
2110 873 2388 912 confirmando.-

1267 916 1467 970 Episcopis
1484 921 1662 960 sistebant
1680 949 1690 959 .
1723 923 1844 962 immo
1873 938 1940 962 uec
1960 926 2301 966 confirmationem
2323 930 2388 966 da·

1266 979 1342 1008 tam
1372 972 1422 1010 ab
1452 972 1640 1013 haereticis
1672 977 1785 1014 sui-,se
1833 979 1871 1015 in
1904 978 2074 1018 Ecclesia
2105 981 2300 1020 Catholica
2333 996 2389 1020 re-

1265 1034 1464 1074 novatam,
1509 1030 1608 1065 testis
1637 1039 1687 1066 est
1720 1030 2047 1082 locupletissimus
2076 1036 2238 1086 Optatus
2267 1034 2384 1074 Mile-

1264 1078 1412 1116 vitanus
1442 1081 1479 1116 in
1513 1081 1599 1118 Lib.
1621 1081 1709 1120 Vll.
1739 1083 1828 1121 adv.
1859 1085 2069 1124 Donatistas
2099 1102 2135 1125 n.
2158 1090 2195 1134 4.
2226 1091 2280 1127 ita
2311 1089 2388 1127 Du-

1262 1133 1418 1170 natistas
1446 1131 1669 1185 alloquens:
1718 1134 1922 1186 Numquid
1952 1152 2022 1176 nos
2066 1146 2394 1182 exterminamus.

1264 1183 1395 1222 oleum
1446 1195 1616 1224 restrum
1641 1218 1650 1235 ,
1699 1203 1839 1241 nempe
1883 1193 2099 1230 unctionem
2145 1195 2392 1233 confirmato-

1266 1236 1402 1276 riam?
1417 1265 1473 1278 ....
1508 1239 1623 1291 Quod
1652 1252 1921 1282 nostrum-esc
1939 1275 1949 1293 ,
1980 1246 2087 1298 apud
2114 1260 2178 1285 vos
2207 1257 2293 1287 est.
2336 1248 2394 1286 Et:

1267 1294 1300 1329 si
1330 1305 1358 1329 a
1388 1292 1499 1332 nobis
1529 1293 1583 1331 ad
1613 1308 1685 1333 nos
1715 1298 1857 1348 aliquis
1887 1305 2106 1338 transitum
2122 1299 2295 1352 fecerit,
2338 1307 2398 1341 sit:

1266 1357 1295 1385 a
1323 1344 1431 1384 nobis
1460 1357 1666 1397 servatur,
1698 1350 1894 1401 quomodo
1922 1365 1950 1390 a
1979 1353 2080 1392 vobis
2109 1354 2346 1395 dimittitur.

1327 1401 1415 1439 118.
1449 1400 1561 1439 Recte
1603 1405 1718 1454 igitur
1746 1406 1965 1444 Concilium
1998 1408 2261 1448 Florentinum
2292 1423 2396 1448 anuo

1273 1453 1390 1505 1459.
1421 1457 1575 1503 statuit,
1624 1460 1728 1495 inter
1756 1458 2029 1497 Sacramenta
2060 1465 2138 1499 tria
2168 1476 2279 1511 esse,
2313 1462 2394 1501 Bar-

1267 1510 1453 1557 ptismum
1473 1538 1483 1555 ,
1531 1508 1918 1561 C‘oufi1’·nziztiorzem‚
1955 1515 2005 1554 Φ·
2037 1514 2231 1554 Ordinem
2251 1547 2262 1565 ,
2300 1530 2391 1568 (sicce

1266 1560 1574 1610 characterem,
1623 1562 1723 1601 idest
1754 1567 1956 1615 spirituale
1999 1567 2200 1618 quodiam
2231 1574 2393 1622 signum.

1266 1626 1293 1650 a
1323 1618 1464 1652 ceteris
1493 1614 1785 1667 distinctivum,
1825 1623 2058 1671 imprimunt
2087 1627 2128 1660 in
2159 1628 2304 1662 anima
2334 1629 2395 1662 in·

1267 1666 1453 1706 delebile.
1484 1669 1533 1706 Et
1561 1670 1781 1710 Concilium
1811 1672 1987 1712 Trideut.
2015 1675 2112 1714 Sess.
2135 1676 2220 1715 VII.
2251 1692 2334 1716 cau.
2353 1692 2393 1732 9.

1266 1721 1319 1758 ita
1347 1720 1530 1760 decrevit:
1566 1721 1713 1774 Siquis
1744 1724 1916 1774 dixerit,
1946 1727 2124 1767 iratribus
2145 1729 2395 1769 Sacramen-

1267 1778 1343 1822 tis,
1374 1774 1582 1826 Baptismo
1611 1779 1760 1815 scilicet
1781 1809 1792 1827 ‚
1826 1779 2171 1833 Confirmatione,
2201 1786 2250 1826 (9‘
2274 1785 2391 1824 Ordi-

1267 1841 1319 1865 ne
1339 1857 1351 1876 ,
1383 1841 1480 1866 -1ιοη
1508 1833 1684 1880 imprimi
1713 1830 1993 1872 characterem
2023 1840 2065 1873 in
2093 1841 2239 1876 anima
2256 1869 2266 1885 ‚
2316 1838 2389 1877 hoc

1267 1890 1353 1928 est,
1384 1884 1778 1933 signum-quoddam
1806 1890 2012 1936 spirituale
2030 1920 2040 1938 ,
2069 1892 2119 1932 ὢ·
2149 1891 2356 1931 indelebile
2378 1923 2390 1941 ,

1266 1933 1372 1972 uncle
1400 1948 1450 1973 ea
1480 1940 1620 1976 iterari
1649 1952 1729 1976 non
1756 1945 1908 1991 possint
1926 1973 1935 1990 ‚
1967 1944 2192 1984 antithema
2213 1950 2262 1984 sit
2280 1974 2290 1985 .
2322 1946 2392 1986 Vi·

1263 1988 1338 2036 de,
1367 2003 1455 2041 quae
1485 2004 1602 2042 supra
1629 1991 1731 2032 dicta
1760 2005 1846 2033 suut
1876 1995 1977 2035 Diss.
1999 1997 2028 2035 l.
2059 2013 2146 2051 cap.
2173 2014 2232 2039 12.
2266 1999 2356 2052 (b).

1326 2054 1415 2095 ¹¹9·
1445 2043 1521 2082 Ob.
1551 2048 1707 2095 primo.
1736 2047 1944 2088 Character
1973 2052 2153 2104 importat
2183 2056 2334 2106 siguum
2353 2069 2394 2093 a-

1270 2093 1406 2148 liquod
1435 2098 1684 2147 'distinctum3
1706 2102 1767 2140 sic
1796 2117 1865 2155 per
1884 2104 2123 2157 Baptismum
2153 2108 2396 2160 distinguun-

2267 2171 2327 2199 tur

1269 2268 1376 2304 fuisse
1399 2268 1642 2307 demonstrat.
1671 2273 1810 2320 Allegat
1828 2276 1972 2322 *quoque
1991 2289 2032 2311 ex
2061 2278 2315 2313 recentioribus
2334 2280 2390 2313 Jo.

1269 2317 1514 2352 Maidonatnm
1537 2319 1590 2351 De
1617 2320 1771 2354 Sacrani.
1798 2323 1962 2366 Confirm.
1988 2334 2112 2369 quaest.
2140 2338 2167 2359 1.
2201 2327 2401 2372 (Negam-

1270 2363 1349 2397 hius
1379 2366 1413 2397 in
1440 2365 1664 2400 Bibliotheca
1690 2367 1829 2412 Scripc..
1851 2371 1890 2402 S.
1919 2370 1943 2402 Ι.
1973 2381 2100 2416 negat,
2129 2372 2198 2406 hoc
2225 2383 2313 2418 opus
2339 2386 2394 2406 es-

1263 2423 1306 2443 se
1333 2411 1526 2444 Maldonati
1554 2418 1590 2451 ).
1618 2413 1786 2447 Eamdem
1807 2417 2010 2460 opinionem
2037 2419 2188 2464 amplexi
2216 2429 2297 2453 sunt
2315 2432 2402 2464 pau-

1271 2458 1302 2490 ci
1330 2458 1390 2490 alii
1417 2456 1611 2492 doctissimi
1640 2461 1730 2500 viri,
1758 2469 1794 2494 nt
1817 2465 1898 2496 Ant.
1927 2466 2146 2509 Augustinus
2175 2467 2209 2499 in
2238 2465 2401 2508 Epiruma

1269 2504 1362 2550 juris
1390 2500 1571 2548 pontificii
1602 2505 1678 2539 Lib.
1703 2507 1837 2541 xxiii.
1864 2511 1919 2543 tit.
1938 2511 1995 2550 8.,
2030 2514 2061 2544 δι
2086 2513 2162 2546 lac.
2189 2513 2398 2546 sumendus

1271 2551 1313 2583 ll.
1341 2551 1584 2585 Antirrlietico
1624 2562 1747 2586 contra
1776 2555 1915 2589 Petrum
1942 2558 2150 2592 Aurelium.
2202 2560 2318 2603 Major
2345 2569 2397 2591 ta—

1269 2608 1350 2630 men
1370 2596 1628 2642 ‘I'lieologorutn
1643 2610 1723 2644 pars
1745 2608 1858 2644 tenet,
1887 2603 2040 2637 Confirm
2055 2606 2200 2638 itionem
2216 2604 2396 2648 «1111111111-

1270 2644 1396 2677 reticos
1415 2645 1480 2677 rite
1495 2666 1505 2684 ‚
1531 2648 1563 2678 ἀ
1577 2657 1592 2678 a
1610 2647 1770 2691 legitimo
1796 2650 1959 2683 ministro
1977 2651 2140 2685 collatam
2167 2650 2320 2686 validam
2341 2665 2400 2683 es-

1273 2702 1307 2723 se
1324 2712 1333 2730 ,
1361 2693 1392 2723 &
1419 2690 1658 2726 characterem
1689 2694 1892 2738 imprimere
1909 2717 1919 2735 ‚
1945 2706 1984 2730 nt
2009 2698 2127 2730 iterari
2157 2698 2230 2731 sine
2259 2699 2401 2743 piaculo

1272 2746 1451 2780 nequeam
1479 2749 1541 2782 pro
1564 2751 1633 2783 qua
1659 2742 1831 2775 sententia
1859 2742 1985 2776 tuenda
2013 2753 2141 2789 pra-ter
2169 2745 2311 2779 Petrum
2332 2747 2405 2778 Au-

1279 2784 1405 2816 relinm
1433 2784 1611 2818 Sirmundi
1643 2784 1882 2822 adversarium
1900 2810 1910 2830 ,
1948 2793 1979 2822 ἀ
2007 2791 2090 2824 alios
2117 2791 2269 2832 inultm,
2313 2802 2405 2825 stre-

1278 2841 1345 2862 nue
1387 2840 1510 2864 contra
1538 2833 1715 2866 Morinum
1742 2832 1926 2869 ‹limicavit
1970 2837 2195 2871 Christianus
2223 2839 2341 2884 Lupus
2368 2840 2403 2871 in

1277 2877 1428 2910 Dissere.
1456 2876 1511 2911 De
1536 2877 1629 2911 l'lll.
1659 2881 1791 2914 Simulo
1818 2885 2003 2925 generali.
2046 2884 2226 2919 Morinum
2264 2895 2404 2918 muten-

1278 2923 1362 2956 tiam
1393 2933 1547 2957 mutasse
1568 2927 1690 2958 asserit
1708 2928 1942 2963 Continuator
1957 2929 2082 2964 Theoi.
2102 2932 2255 2964 W'itasse
2268 2933 2401 2976 Quaest.

1275 2970 1318 3001 Il.
1345 2979 1411 3003 art.
1433 2971 1465 3003 6.
1492 2973 1522 3012 Φ.
1546 2984 1576 3015 7.
1607 2973 1643 3005 Iu
1670 2974 1872 3009 orthodoxa
1907 2977 2132 3021 consessione
2158 2978 2328 3012 Ecclesia
2356 2981 2403 3011 O·

1279 3019 1441 3050 rientalts
1467 3018 1602 3060 Qua’st.
1622 3020 1697 3053 CV.
1739 3023 1910 3056 statuitur
1933 3023 2077 3068 qiinlem
2104 3025 2168 3058 hoc
2195 3026 2401 3058 Sacramen-

1273 3069 1346 3094 tum
1371 3075 1533 3108 nunquum
1559 3071 1697 3108 repeti,
1739 3066 1799 3100 sed
1825 3068 1899 3103 haec
1924 3069 2093 3115 adjicitur
2117 3073 2298 3117 exceptio,
2325 3075 2396 3104 nixi

1276 3110 1311 3138 in
1337 3111 1440 3150 illis,
1467 3115 1523 3155 qui
1549 3126 1568 3145 (ι
1593 3117 1740 3145 nominis
1768 3115 1905 3150 Christi
1932 3119 2126 3163 ejuratione
2155 3124 2165 3157 (
2193 3120 2238 3151 ml
2262 3118 2400 3160 J‘rtgff‘·

1278 3156 1407 3188 sionem
1437 3158 1592 3204 ejusdem
1619 3165 1628 3195 )
1657 3163 1875 3204 postliminio
1901 3166 2045 3198 redeant
2063 3188 2071 3196 .
2121 3165 2222 3198 Hunc
2250 3174 2402 3196 ΘΓΓΟΓΗΙι

1278 3206 1530 3241 posterioribus
1556 3207 1692 3239 (ἐι-(τοὶς
1717 3209 1885 3252 exprobat
1912 3211 2036 3244 Petrus
2061 3209 2234 3244 Arcudius
2265 3211 2296 3241 ln
2324 3208 2398 3241 Lili-

1277 3246 1479 3283 Concordia
1506 3251 1678 3286 Ecclesiae
1702 3257 1874 3291 occident·
1902 3263 1943 3290 (9·
1968 3261 2093 3291 orient·
2120 3261 2155 3290 in
2186 3264 2305 3299 septem
2333 3255 2399 3283 §a-

1280 3302 1382 3327 cram.
1406 3297 1604 3333 adaeiiinistr.
1631 3311 1707 3344 cap.
1736 3302 1787 3336 18.
