2605 3624
207 130 285 173 ¹92
1001 91 1265 138 DISSERT.
1289 90 1366 133 ΙΙΙ.
1407 90 1534 134 CAP.
1560 90 1662 134 XII.

144 194 356 244 Presbfter
384 184 539 238 quidem
568 181 737 227 doceat,
766 175 940 226 offerat,
971 173 1164 224 baptizer,
1193 171 1255 209 be—

145 247 305 286 mussat
334 240 471 292 populo
490 268 499 285 ,
530 235 736 274 Diaconus
766 244 853 270 vero
875 233 1071 268 ministret
1093 227 1256 279 Episco-

145 314 192 352 po
209 330 217 346 ,
248 310 298 334 «τε
329 292 574 345 Presbyteris
593 316 602 328 .
816 321 817 324 ,

202 351 292 390 355.
325 349 384 386 Ad
410 343 627 384 secuudum
665 341 776 387 dieo,
818 337 936 376 verba
965 336 1094 374 Sancti
1125 332 1261 385 Ignatii

147 420 225 444 esse
256 400 481 456 explicanda
511 399 555 437 de
583 395 743 434 solemni
786 391 1109 430 administratione
1138 387 1260 437 bapti-

147 462 220 498 smi
238 490 248 508 ,
277 470 366 509 quae
398 453 513 493 fiebat
542 453 580 489 in
610 447 808 495 Paschate,
839 446 873 482 ἀ
903 444 1114 482 Pentecoste
1143 440 1191 479 ab
1212 439 1264 476 E-

146 514 313 566 piscopis
333 535 344 547 .

203 564 295 606 566.
324 556 654 609 ConciliiHispal.
683 555 876 591 decretum
907 552 955 588 ita
985 548 1196 600 explicatur
1217 544 1264 581 ab

151 619 268 658 Edm.
297 616 470 656 Marteue
488 643 498 662 ,
527 613 595 664 qui
627 609 724 647 illud
753 606 862 644 affert
891 605 1003 641 Tom.
1026 605 1054 640 l.
1085 602 1148 638 De
1177 606 1264 635 ant.

151 672 266 711 Eccl.
297 669 431 708 ritibus
461 681 546 715 cap.
573 677 634 710 1.,
685 671 723 698 ut
751 656 1067 708 subintelligenda
1110 655 1154 691 sit
1184 652 1266 688 haec

151 725 349 770 clausula,
380 720 469 760 ,Nisi
498 718 714 768 Episcopus
745 717 825 762 ipse
848 713 1011 763 jusserit
1041 708 1104 756 (a)
1122 733 1133 744 .

208 779 299 830 567.
332 776 564 814 Postremum
595 769 703 807 debet
734 766 783 804 ab
814 766 906 816 ipsis
923 761 1157 800 Adversariis
1179 769 1270 794 cum

151 833 284 885 aliqua
313 829 544 867 restrictione
575 820 788 873 explicari,
831 815 976 855 scilicet
1005 813 1106 867 quod
1136 812 1269 848 absen-

152 887 255 926 tibus
287 881 484 934 Episcopis
524 890 599 915 non
631 881 749 925 posset
791 871 1001 922 baptismus
1041 867 1269 905 solemniter

153 935 411 979 administrari
442 945 530 971 cum
561 927 835 971 Sacerdotum,
864 923 897 959 ἃ
920 922 1180 960 Diacouorum
1210 932 1269 956 as-

153 993 348 1034 sistentia5
392 999 463 1023 uon
494 992 621 1021 autem
661 979 764 1032 quod
793 977 969 1014 absolute
998 974 1164 1013 conferri
1193 985 1268 1010 non

152 1054 300 1097 posset.
347 1040 446 1078 Nam
475 1040 602 1088 primo
631 1046 701 1071 nec
743 1033 817 1084 ipsi
849 1030 1064 1069 Adversarii
1109 1035 1267 1078 negant,

151 1099 418 1149 I'resbyteros,
466 1092 500 1128 8<
531 1091 746 1134 Diaconos,
788 1084 921 1123 saltem
951 1096 996 1121 ex
1039 1081 1271 1132 delegatione

151 1167 230 1190 esse
259 1149 445 1201 legitimos
474 1143 590 1196 hujus
606 1139 1068 1181 Sacramentiministros3
1100 1135 1183 1172 haec
1204 1145 1271 1170 au-

151 1216 230 1245 tem
260 1201 444 1253 delegatio
474 1201 589 1236 etiam
617 1196 667 1234 ab
697 1194 897 1244 Episcopis
926 1189 1144 1230 absentibus
1173 1186 1270 1225 obti-

153 1259 241 1298 neri
273 1256 383 1294 facile
414 1261 581 1306 poterat.
614 1247 769 1287 Deinde
788 1246 865 1284 dici
895 1253 1039 1297 potest,
1068 1242 1273 1294 jussionem

154 1311 368 1364 Episcopi,
417 1321 492 1359 qua
520 1305 567 1342 ad
605 1302 841 1354 baptismum
883 1297 1158 1337 conferendum
1187 1294 1275 1332 Pre-

154 1366 303 1411 sbyteri
334 1359 580 1412 indigebant,
615 1363 824 1395 contentam
855 1353 969 1390 fuisse
999 1353 1038 1389 in
1069 1349 1136 1388 illa
1164 1362 1276 1399 gene-

156 1413 229 1458 rali
259 1417 497 1454 ordinatione
514 1443 524 1460 ,
554 1425 630 1463 qua
651 1408 865 1459 Presbyteri
887 1407 996 1443 certis
1013 1398 1193 1442 Ecclesiis
1214 1402 1278 1438 de-

158 1470 425 1516 stinabantur,
456 1475 495 1503 ut
525 1466 564 1502 in
597 1463 687 1514 ipsis
710 1460 916 1511 Religionis
945 1458 1091 1496 cultum
1112 1456 1194 1493 Deo
1224 1455 1281 1491 of-

159 1527 328 1572 ferrent,
358 1535 402 1559 ac
432 1517 663 1571 populorum
684 1512 966 1551 necessitatibus
996 1512 1035 1548 in
1056 1509 1282 1548 Sacramen-

157 1589 284 1618 torum
315 1571 641 1614 administratione
670 1567 922 1606 inservirent.
953 1563 1134 1613 Denique
1163 1569 1215 1599 est
1243 1574 1283 1598 a-

161 1632 241 1686 pud
269 1642 400 1668 omnes
419 1623 633 1665 Catholicos
661 1619 916 1660 indubitatum
934 1649 944 1666 ,
974 1618 1012 1655 in
1041 1629 1130 1654 casu
1160 1627 1285 1652 neces-

161 1686 276 1725 sitatis
307 1680 517 1735 quemlibet
547 1677 741 1714 hominem
773 1687 904 1725 posse,
953 1671 987 1708 &
1016 1669 1154 1710 debere
1184 1667 1285 1720 peri-

161 1737 380 1777 clitantibus
422 1733 494 1771 hoc
524 1730 654 1769 salutis
689 1728 902 1766 remedium
942 1725 1139 1763 conferre:
1188 1721 1285 1758 unde

164 1807 242 1832 non
272 1797 455 1843 apparet,
498 1783 689 1838 quomodo
718 1780 936 1819 absentibus
969 1776 1170 1830 Episcopis
1213 1779 1286 1812 im-

166 1858 312 1885 mensa
342 1841 544 1882 infantium
574 1834 780 1875 multitudo
809 1834 960 1872 deberet
989 1834 1067 1870 sine
1096 1830 1287 1881 baptismo

166 1900 296 1953 perire
318 1923 329 1936 .
414 1917 422 1925 ι

225 1951 317 1991 568.
345 1949 422 1988 Ob.
460 1944 637 1994 =secundo
659 1970 669 1981 .
713 1942 885 1981 Christus
921 1940 1113 1978 Dominus
1156 1936 1290 1974 eodem

201 2013 364 2057 raecepto
393 2002 501 2054 jussit
531 1999 671 2036 docere
689 2026 699 2044 ,
729 1996 762 2032 &
792 1995 1024 2047 baptizare:
1053 2004 1140 2042 ergo
1169 1990 1216 2028 ad
1245 1989 1292 2026 il-

167 2021 228 2099 ?os
257 2065 395 2111 spectat
424 2054 644 2106 baptizare,
673 2049 719 2087 ad
748 2062 842 2100 quos
871 2055 1010 2099 spectat
1038 2046 1192 2090 docere3
1229 2043 1294 2081 sed.

170 2114 246 2152 'hoc
276 2109 487 2150 secundum
518 2106 681 2158 pertinet
708 2103 755 2140 ad
794 2101 965 2138 officium
995 2094 1206 2151 Episcopi,
1252 2105 1292 2133 ut

171 2175 275 2221 patet
304 2178 372 2216 per
400 2161 634 2213 Dionysium
663 2156 713 2196 V.
755 2154 788 2191 &
817 2154 886 2193 IV.
918 2152 1032 2191 Eccl.
1061 2151 1175 2190 Hier.
1192 2163 1205 2187 .·
1236 2162 1294 2187 er-

171 2234 224 2273 go
257 2219 328 2257 &c-

231 2272 324 2324 569.
355 2267 569 2321 Respondet
596 2266 737 2304 Doctor
759 2261 962 2314 Angelicus
992 2261 1030 2298 in
1060 2259 1131 2297 hae
1160 2264 1298 2311 quaest.

175 2327 247 2379 67.
277 2334 346 2364 art.
369 2337 406 2362 2.
436 2322 482 2360 ad
510 2334 569 2369 1.,
599 2328 809 2368 utrumque
838 2315 1034 2364 officium,
1065 2314 1213 2351 scilicet
1233 2311 1300 2348 <lo-

178 2379 316 2428 cendi,
345 2377 394 2418 <9¹
423 2372 672 2427 Baptizandi,
703 2370 925 2409 Dominum
946 2367 1139 2417 Apostolis
1168 2367 1300 2418 injun-

179 2439 313 2481 xisse,
343 2443 507 2482 quorum
536 2432 658 2467 ricem
688 2433 829 2478 gerunt
849 2422 1063 2475 Episcopi,
1093 2421 1212 2459 aliter
1240 2427 1302 2456 ta·

184 2500 309 2533 men,
352 2486 400 2524 (9⁴
430 2484 574 2521 aliter.
623 2511 649 2530 „
678 2479 778 2518 Nam
807 2477 979 2515 officium
1010 2474 1169 2513 docendi
1199 2486 1303 2511 com-

243 2540 345 2578 misit
375 2537 426 2574 eis
455 2535 651 2582 Christus,
691 2542 730 2570 ut
759 2533 832 2584 ipsi
863 2544 931 2582 per
960 2543 998 2567 se
1026 2527 1123 2566 illud
1153 2540 1302 2565 exerce-

188 2625 215 2645 „
246 2600 352 2639 rent,
380 2596 575 2641 tamquam
607 2584 1005 2638 principalissimum,
1040 2581 1136 2619 unde
1166 2580 1200 2616 &
1229 2580 1302 2632 ipsi

187 2679 216 2698 e>
247 2643 415 2698 Apostoli
443 2643 619 2680 dixerunt
647 2641 731 2678 Act.
754 2638 820 2676 VI.
843 2639 880 2676 5.
911 2636 1005 2674 Non
1033 2643 1092 2673 est
1120 2647 1303 2685 aequum,

188 2732 215 2752 2,
245 2713 317 2737 nos
338 2697 556 2746 relinquere
572 2691 727 2733 verbum
743 2691 841 2738 Dei,
871 2691 921 2731 Θ·
943 2692 1176 2727 ministrare
1192 2701 1304 2726 men-

191 2784 218 2804 „
247 2757 321 2790 sis.
363 2749 548 2788 Officium
577 2756 704 2785 autem
732 2744 948 2796 baptizandi
977 2743 1170 2781 commisit
1200 2741 1304 2792 Apo-

194 2837 220 2858 „
248 2804 376 2852 stolis,
407 2812 445 2840 ut
475 2816 542 2854 per
570 2801 664 2839 alios
694 2798 975 2842 exercendum3
1015 2795 1114 2834 unde
1142 2793 1176 2829 &
1207 2794 1308 2844 Apo-

196 2889 224 2917 „
253 2857 368 2897 stolus
395 2857 488 2895 dicit
521 2869 555 2895 1.
585 2855 633 2894 ad
660 2852 854 2892 Corint.1.
881 2865 942 2902 17.
984 2847 1080 2887 Νοη
1109 2849 1214 2886 misit
1244 2857 1309 2884 me

184 2573 213 2592 27

251 3024 300 3057 (α)
326 3013 653 3051 Similedecretum
679 3015 823 3060 allegari
862 3014 948 3049 solet
974 3010 1100 3046 Leonis
1126 3008 1248 3052 Magni
1283 3007 1318 3041 in

200 3067 304 3112 epist·
331 3065 415 3097 olim
443 3062 498 3095 88·
525 3073 613 3093 nunc
640 3063 672 3094 3.
712 3063 746 3093 in
776 3060 933 3105 Appenni.
958 3059 1013 3092 his
1038 3057 1152 3090 verbis
1179 3063 1320 3088 conten-

202 3122 303 3146 tum:
351 3110 424 3142 Sed
450 3120 551 3150 neque
578 3119 689 3140 coram
714 3107 890 3151 Epism.po
924 3108 1009 3140 licet
1034 3103 1259 3147 Presbyterz's
1285 3105 1321 3134 in

203 3160 441 3203 baptisterium
466 3157 641 3192 introire,
678 3165 738 3186 nec
765 3162 927 3195 praesente
955 3153 1127 3185 Antistite
1153 3147 1318 3192 infantem

203 3209 360 3249 tingere.
388 3203 520 3235 Verum
545 3199 634 3233 hanc
661 3199 842 3242 epistolam
861 3197 1081 3233 subdititiam
1105 3206 1177 3228 esse
1204 3203 1319 3227 osten-

205 3251 259 3285 dit
285 3248 405 3284 Pasch.
430 3246 652 3290 Quesnellius
679 3245 827 3278 Dissert.
848 3246 909 3277 XI.
937 3244 971 3275 in
990 3244 1023 3275 S.
1046 3244 1211 3275 Leonem.
1238 3240 1319 3274 vid.

205 3299 245 3332 P.
271 3295 495 3331 Constantius
532 3294 635 3326 Dorn.
663 3293 688 3324 I.
727 3290 872 3335 Epistol.
911 3290 988 3321 RR.
1015 3288 1078 3320 PP.
1115 3288 1151 3321 in
1185 3287 1320 3332 epistol>-

209 3344 328 3379 XXV.
354 3340 547 3376 Innocentii
573 3341 599 3373 1.
627 3336 669 3373 ad
694 3336 902 3372 Decentium
929 3335 1000 3370 not.
1028 3346 1058 3367 c·-

1323 203 1348 222 „
1383 171 1556 210 Christus
1586 169 1813 219 I›.1pf.³.:n.··e‚
1844 165 1913 204 seri
1943 165 2242 218 etnlzgelizare.
2292 169 2341 208 Et
2369 171 2438 212 hoe

1326 256 1352 275 „
1383 227 1492 273 ideo,
1539 224 1629 277 quia
1661 223 1699 259 in
1729 220 1954 272 baptizando
1994 220 2094 258 nihil
2123 215 2299 273 operatur
2329 227 2441 263 meri-

1329 310 1355 329 „
1385 289 1493 326 tum,
1538 280 1571 312 ὅ(
1600 276 1790 327 sapientia
1820 274 2002 322 ministri,
2051 276 2145 312 sicut
2176 277 2215 313 in
2253 276 2445 315 docendo,

1331 363 1357 382 2,
1389 335 1429 371 ln
1472 330 1582 381 cujus
1611 331 1725 366 etiam
1767 330 1916 378 signum
1947 341 2016 365 uec
2047 329 2126 379 ipse
2155 328 2340 367 Dominus
2378 331 2446 368 ba-

1333 415 1359 435 „
1391 386 1569 436 ptizavit,
1599 382 1662 419 sed
1691 379 1871 430 discipuli
1902 379 2010 430 ejus,
2054 391 2092 420 ut
2121 382 2261 421 dicitur
2290 383 2346 420 Jo.
2379 383 2448 423 IV.

1333 469 1359 489 „
1391 439 1468 475 'Nec
1497 447 1624 473 tamen
1654 447 1720 485 per
1751 433 1819 471 hoc
1850 434 2094 482 excluditur,
2138 437 2233 488 quin
2264 436 2449 490 Episcopi

1333 521 1358 541 „
1389 491 1526 549 possint
1555 489 1748 537 baptizare
1766 515 1776 532 ,
1805 487 1897 536 quia
1925 487 2026 538 quod
2056 497 2174 539 potest
2202 499 2361 542 potestas
2392 494 2450 529 in·-v

1333 575 1359 593 :³
1391 544 1532 588 terior,
1563 549 1678 591 potest
1707 538 1740 573 δι
1771 539 1965 587 superior3
1997 543 2095 578 unde
2124 542 2158 578 8<
2190 545 2389 596 Apostolus
2418 545 2450 583 i-

1335 628 1361 646 „
1390 596 1520 634 bidem
1550 593 1642 630 dicit
1660 621 1670 640 ,
1700 605 1737 628 se
1766 590 1948 641 quosdam
1977 592 2184 645 baptizasse
2204 597 2226 614 2,
2258 597 2314 649 (b)
2333 624 2344 637 ·

1604 695 2068 737 PROPOSITIO
2136 701 2188 741 Il.

1356 810 1531 849 Diaconi
1552 821 1631 847 non
1651 814 1741 845 sunt
1764 808 1936 842 ministri
1957 805 2152 846 ordinarii
2173 807 2423 860 baptismatis

1661 860 1730 899 sed
1759 868 1919 897 tontum
1949 859 2135 912 delegati.
2426 844 2437 863 ³

1393 972 1483 1023 570.
1503 949 1723 1017 Diaconos
1754 981 1859 1020 posse
1888 967 2124 1019 baptismum
2166 971 2433 1011 administrare

1340 1028 1526 1064 evincitur
1569 1037 1613 1062 ex
1647 1023 1747 1061 Actis
1786 1021 2078 1072 Apostolorum,
2128 1023 2195 1062 ubi
2239 1040 2324 1078 cap.
2356 1004 2463 1065 Vlllz

1341 1080 1407 1119 58.
1437 1078 1641 1130 Philippus
1677 1077 1872 1114 Diaconos
1910 1075 2051 1113 dicitur
2087 1076 2295 1129 baptizasse
2326 1081 2463 1118 Eunu-

1341 1134 1487 1181 chum,
1517 1133 1549 1169 8<
1581 1145 1659 1170 ver.
1687 1143 1746 1167 12.
1777 1130 1973 1177 innuitur,
2007 1129 2057 1167 ab
2088 1132 2220 1169 eodem
2251 1134 2367 1171 fuisse
2398 1135 2464 1172 ba*-

1342 1189 1497 1241 ptizatos
1527 1187 1652 1231 viros,
1683 1182 1716 1217 8(
1746 1181 1952 1220 mulieres.
1989 1182 2063 1221 Sed
2094 1182 2164 1222 hoc
2194 1199 2238 1222 ex
2270 1187 2466 1239 Apostolo-

1343 1255 1430 1280 rum
1460 1239 1698 1290 delegatione
1741 1237 1883 1273 factum
1913 1236 2056 1284 fuisse,
2097 1238 2355 1278 communiter
2383 1255 2466 1278 cre-

1344 1297 1473 1334 ditur.
1517 1295 1617 1331 Cum
1647 1291 1750 1328 euim
1781 1290 1854 1341 ipsi
1883 1291 1998 1340 pauci
2029 1304 2187 1329 numero
2217 1293 2362 1346 ubique
2392 1308 2468 1333 esse

1345 1349 1568 1401 nequirent,
1599 1342 1808 1382 verisimile
1837 1352 1916 1390 est,
1967 1353 2184 1393 potestatem
2215 1347 2347 1384 fecisse
2377 1348 2470 1386 Dia-

1346 1403 1449 1441 conis
1468 1432 1477 1448 ,
1517 1400 1679 1450 aliisque
1709 1395 1923 1447 Discipulis
1952 1396 2188 1448 baptismum
2219 1400 2441 1439 conferendi

1348 1455 1499 1508 quando
1531 1466 1647 1505 usque
1677 1450 1727 1488 ad.
1754 1449 2068 1502 Presbyterorum
2112 1454 2355 1504 praesentiam
2398 1430 2472 1492 dif3

1350 1511 1443 1548 ferri
1488 1521 1563 1545 non
1607 1512 1776 1558 poterat.
1827 1504 2031 1554 (Sanctus
2077 1505 2301 1545 Ambrosius
2344 1508 2382 1545 in
2413 1507 2473 1546 Ps.

1351 1561 1515 1601 LXVII.
1546 1558 1777 1611 impatientis
1805 1557 1982 1595 desiderii
2011 1559 2211 1610 cupiditati
2240 1560 2374 1599 tribuit
2437 1570 2475 1604 ut

1351 1613 1566 1654 Eunuchus
1595 1627 1617 1649 a
1645 1612 1819 1649 Diacono
1847 1611 2080 1662 baptismum
2111 1614 2300 1663 exigeret.
2329 1617 2346 1663 )
2385 1591 2396 1610 ²

1410 1669 1503 1718 57¹·
1531 1665 1632 1703 Nam
1662 1664 1852 1701 Diaconos
1881 1673 1952 1700 nou
1982 1677 2059 1700 esse
2101 1665 2313 1704 ordinarios
2349 1667 2477 1718 bapti-

1353 1723 1427 1760 smi
1454 1720 1664 1764 ministros,
1696 1715 1831 1767 probat
1860 1715 1900 1751 S.
1922 1715 2090 1754 Thomas
2121 1717 2159 1755 5.
2182 1717 2223 1755 Ρ.
2253 1729 2386 1771 quaest.
2408 1720 2475 1758 6⁶.

1354 1785 1425 1814 art.
1453 1788 1512 1822 1.,
1561 1784 1607 1809 ex
1636 1769 1762 1807 verbis
1792 1768 1936 1807 Gelasii
1969 1768 2082 1820 Papae
2101 1801 2111 1819 ,
2142 1785 2230 1824 quae
2262 1755 2480 1811 referuntur

1354 1831 1396 1868 in
1427 1828 1579 1866 Decret.
1602 1820 1740 1862 XCIII.
1771 1822 1869 1860 Dist.
1891 1836 1976 1874 cap.
2003 1824 2088 1873 15.,
2130 1826 2270 1877 quibus
2299 1826 2483 1878 jubentur

1356 1883 1533 1921 Diaconi
1562 1881 1766 1929 proprium
1796 1874 2004 1915 observare
2047 1891 2282 1917 mensuram
2300 1895 2314 1924 ,-
2357 1879 2390 1916 8<
2420 1882 2480 1919 in-

1359 1937 1439 1975 fra:
1487 1933 1641 1983 Absque
1671 1929 1895 1982 Episcopo,
1925 1931 1983 1968 rel
2011 1930 2249 1982 Presbytero
2280 1933 2483 1983 baptizare

1359 2002 1441 2027 non
1469 1986 1677 2030 audeant,
1721 1986 1796 2020 nisi
1822 1982 2022 2031 praedictis
2054 1985 2266 2024 Ordinibus
2302 1986 2483 2037 fortasse

1365 2043 1520 2094 longius
1548 2040 1770 2076 constitutis
1787 2040 2019 2091 >necessitas
2039 2047 2227 2076 extrema
2256 2032 2481 2089 compellat.

1417 2097 1510 2147 572.
1540 2090 1710 2152 Ulterius
1727 2090 1896 2140 idipsum
1916 2090 2050 2141 probat
2068 2092 2271 2144 Angelicus
2294 2094 2362 2132 hac
2381 2094 2485 2131 theo·

1362 2150 1487 2201 logica
1516 2154 1685 2184 ratione.
1734 2173 1760 2191 „
1789 2143 1895 2180 Sicut
1933 2143 2144 2183 caelestium
2187 2146 2366 2184 ordinum
2397 2161 2484 2198 pro-

1366 2234 1392 2253 „
1422 2202 1617 2254 prietates,
1647 2197 1681 2233 ἃ
1712 2209 1842 2233 eorum
1872 2196 1998 2235 officia
2029 2211 2074 2235 ex
2103 2212 2234 2238 eorum
2265 2201 2488 2238 nominibus

1368 2287 1394 2307 υ
1424 2254 1663 2305 accipiuntur
1681 2280 1691 2297 ,
1722 2250 1774 2287 ita
1803 2250 1918 2287 etiam
1948 2264 1991 2288 ex
2009 2253 2231 2291 nominibus
2261 2254 2488 2292 ecclesiasti-

1369 2340 1396 2360 „
1425 2320 1558 2348 corum
1589 2304 1779 2343 Ordinum
1808 2304 1932 2354 accipi
1963 2314 2106 2356 potest,
2139 2307 2233 2358 quid
2262 2307 2309 2346 ad
2348 2322 2489 2346 unum-

1371 2394 1398 2413 „
1427 2374 1621 2413 quemque
1664 2357 1848 2417 perti-neat
1877 2358 2061 2396 Ordinem
2079 2386 2090 2397 .
2138 2360 2332 2399 Dicuntur
2362 2371 2491 2399 autem

1371 2447 1397 2466 ,‚
1428 2415 1628 2461 Dr'aconi,
1657 2423 1766 2462 quasi
1786 2413 1968 2470 ’ministri
1984 2441 1994 2459 ,
2024 2414 2116 2463 quia
2136 2413 2314 2451 videlicet
2329 2415 2375 2452 ad
2398 2415 2491 2451 Dia-

1372 2501 1400 2520 „
1430 2481 1565 2516 conos,
1593 2479 1670 2506 non
1699 2472 1859 2520 pertinet
1887 2462 2045 2516 aliquod
2065 2464 2356 2504 Sacramentum
2387 2468 2492 2519 prin-

1371 2554 1399 2573 „
1428 2521 1632 2575 cipaliter‚
1675 2517 1708 2554 &
1737 2517 1845 2568 quasi
1875 2529 1919 2553 ex
1950 2519 2105 2569 proprio
2132 2518 2260 2556 officio
2289 2521 2492 2572 praebere3

1372 2607 1398 2627 „
1428 2577 1492 2615 sed
1520 2573 1702 2613 adhibere
1731 2570 1990 2608 ministerium
2019 2571 2105 2609 aliis
2135 2571 2347 2623 majoribus
2370 2575 2405 2611 in
2426 2572 2494 2611 Sa-

1374 2661 1401 2680 „
1432 2635 1715 2668 cramentorum
1746 2623 2008 2662 exhibitione.
2040 2624 2086 2662 Et
2115 2626 2169 2662 sic
2198 2627 2246 2663 ad
2276 2626 2497 2665 Diaconum

1374 2713 1400 2733 „
1431 2697 1500 2721 non
1531 2681 1720 2732 pertinet,
1750 2678 1861 2729 quasi
1890 2690 1934 2714 ex
1964 2679 2120 2730 proprio
2148 2678 2302 2728 officio,
2346 2682 2496 2719 tradere

1376 2767 1402 2787 „
1430 2736 1719 2774 Sacramentum
1749 2731 1958 2782 baptismi,
1988 2732 2050 2769 sed
2081 2733 2119 2769 in
2149 2731 2350 2772 collatione
2379 2734 2496 2785 liujus

1377 2819 1403 2840 ,‚
1433 2787 1670 2845 Sacramenti
1699 2785 1734 2822 δι
1763 2784 1954 2832 aliorum,
1984 2786 2173 2835 assistere,
2219 2786 2252 2822 8<
2283 2789 2498 2826 ministrare

1379 2873 1406 2893 „
1434 2841 1675 2894 majoribus.
1704 2837 1814 2877 Unde
1843 2839 2006 2878 Isidorus
2034 2840 2147 2879 dicit:
2176 2840 2240 2879 Ad
2269 2840 2499 2880 Diaconum

2307 2926 2334 2945 κ
2361 2908 2448 2949 ΡΘΓ·

1434 3006 1481 3044 (b)
1507 3004 1596 3058 Huic
1622 3005 1656 3037 S.
1685 3003 1854 3045 Thomae,
1887 3003 2106 3048 aliorumque
2132 3003 2386 3048 Theologorum
2412 3011 2499 3042 pene

1389 3064 1568 3086 communi
1594 3050 1760 3085 ‹lootrinae
1787 3060 1957 3096 repugnat
1984 3051 2129 3091 Scotus,
2166 3050 2267 3094 enjus
2292 3046 2502 3080 sententiam

1389 3099 1555 3151 exponit,
1580 3102 1611 3131 ὃς
1638 3098 1796 3142 sequitur
1824 3096 1928 3131 Card.
1955 3097 2007 3129 De
2034 3098 2167 3130 Laurea
2194 3087 2228 3128 in
2255 3094 2312 3127 lV.
2340 3092 2497 3125 Sentent-

1386 3147 1487 3190 Disp.
1507 3145 1587 3178 XV.
1615 3155 1678 3178 art.
1703 3158 1731 3178 1.
1757 3143 1966 3177 contendens
1993 3146 2218 3177 ministerium
2232 3139 2428 3182 baptizandi
2455 3140 2502 3171 li·

1389 3197 1458 3227 cite
1483 3205 1524 3225 ex
1551 3194 1660 3234 officio
1686 3195 1866 3227 convenire
1886 3191 2155 3230 Sacerdotibus,
2178 3199 2242 3219 non
2262 3189 2382 3217 virtute
2396 3186 2503 3217 Ordi-

1390 3243 1445 3273 ru‘s
1470 3243 1635 3293 praecise,
1678 3241 1740 3273 sed
1764 3251 1807 3272 ex
1841 3239 2091 3282 delegatione,
2132 3244 2190 3266 sea
2224 3243 2389 3266 consensu
2412 3230 2503 3275 Epi-

1394 3299 1486 3330 scopi
1510 3309 1518 3317 .
