2605 3624
694 99 774 143 DE
809 94 1070 140 NUMERO
1104 94 1659 142 SACRAMENTORUM
1693 100 1749 143 N.
1784 101 1833 144 L.
2299 111 2354 164 59

106 180 371 223 sacramentis
393 191 447 217 ne
474 176 636 216 verbum
665 178 823 230 quidem
841 202 851 214 .
881 177 986 213 Idem
1017 176 1107 213 facit
1140 161 1231 212 *m-

108 238 288 282 Ῑηοςῐυς,
319 232 376 272 vel
406 230 568 283 quilibet
598 230 696 269 alius
712 240 875 269 vetustus
904 240 1034 266 auctor
1056 229 1144 266 libri
1168 226 1230 266 De

111 288 346 332 initiandis3
389 285 423 321 &
452 284 616 322 aliorum
659 297 721 321 sex
753 284 960 322 Librorum
990 281 1054 319 De
1081 282 1231 319 Sacra-

111 346 275 383 menrir.
305 341 428 378 Immo
456 339 497 376 in
527 337 614 375 Lib.
636 337 704 376 lv.
733 351 819 388 cap.
838 350 873 375 2.
896 351 934 374 se
964 335 1138 386 nihil-de
1160 334 1228 372 hoc

109 402 334 448 argumento
363 392 649 444 praetermisisse
679 391 893 443 significat,
921 390 1076 428 dicens:
1118 387 1230 440 Ergo

113 450 300 499 accepisti
329 444 378 484 de
406 444 685 483 sacramentis
700 475 716 492 ‚‚
759 445 987 495 plenissime
1015 446 1231 493 cognovisti

110 504 250 542 omnia
268 526 279 538 .
307 499 487 551 Denique
499 498 544 537 S.
564 498 773 550 Gregorius
802 498 902 550 Papa
933 511 1003 535 non
1033 496 1154 535 solnm
1184 496 1231 533 de

108 554 322 607 septenario
349 553 685 591 Sacramentorum
716 564 875 590 numero
909 551 1007 589 nihil
1047 550 1160 588 habet
1189 550 1230 588 in

105 621 179 648 suo
205 605 350 646 celebri
380 605 744 650 Sacramentari0‚·
787 605 849 644 sed
881 605 1030 643 nonnisi
1070 605 1143 640 tria
1173 615 1231 640 re-

112 670 238 701 censet
266 659 368 714 apud
397 659 626 697 Gratianum
657 660 695 697 in
725 674 810 711 cap.
839 657 961 696 Multa·
989 657 1230 695 secularium

109 715 260 754 dicens:
290 712 390 752 Sunt
404 722 541 751 autem
558 712 830 751 Sacramenta
847 712 1079 762 Βιιριῐςιηα,
1103 709 1233 748 Chris-

106 781 182 806 ·ma
200 798 210 815 ,
243 766 418 818 Corpus,
447 767 497 809 ὠ
526 765 699 820 διιηςιιίε
728 765 924 804 Domini.

166 821 259 867 244.
291 820 403 874 Resp.
425 850 436 869 ,
465 834 604 872 parum
633 827 758 858 nostra
789 820 957 866 referre,
999 817 1101 870 quod
1131 817 1233 870 apud

109 884 252 915 veteres
281 887 356 913 non
384 875 602 912 inveniatur
631 871 841 910 materialis
869 871 952 910 haec
982 884 1052 910 vox
1081 881 1234 922 septem

107 929 415 973 ιδῙικςνὯΛηεήεη.,0
445 926 610 964 fatemur
637 928 740 964 enim
772 925 872 964 hunc
901 938 1108 964 numerum
1138 926 1233 963 fuis-

104 996 150 1021 se
179 990 304 1038 postea
332 995 354 1018 a
383 977 586 1031 Theologis
628 980 952 1028 determinatum,
994 992 1069 1017 non
1099 991 1143 1015 ex
1173 991 1233 1016 ar·

107 1029 251 1082 bitrio,
287 1033 351 1072 sed
380 1045 426 1070 ex
455 1028 932 1085 antiquissima‘Ecclesiae
963 1033 1100 1084 praxi,
1142 1044 1232 1084 qnae

102 1086 215 1137 Ἐᾶτε,
262 1086 296 1123 8(
325 1099 400 1125 non
429 1085 506 1125 alia
533 1087 610 1124 suis
638 1085 820 1125 fidelibus
857 1086 1135 1125 administravit
1163 1085 1232 1124 Sa·

107 1150 333 1180 eramenta.
364 1139 497 1193 Neque
519 1149 578 1178 est
608 1142 831 1178 mirandum
850 1171 861 1189 ,
890 1140 991 1193 quod
1021 1141 1135 1191 prisci
1159 1138 1232 1178 Ec-

106 1194 236 1234 c'lesioe
265 1193 391 1232 Patres
419 1194 633 1232 distinctam
675 1195 850 1232 omnium
868 1224 878 1242 ‚
927 1193 961 1229 8(
989 1192 1229 1244 singulorum

104 1249 341 1289 >mentionem
372 1259 444 1285 non
474 1248 658 1296 fecerint,
688 1250 829 1300 partim
858 1248 960 1300 quod
989 1259 1118 1285 eorum
1150 1259 1230 1284 sco-

106 1316 181 1355 pus
211 1302 249 1339 id
277 1314 352 1339 non
381 1301 580 1353 exigeret,
623 1303 767 1352 partim
798 1303 911 1340 etiam
930 1331 940 1349 ‚
971 1300 1073 1354 quod
1101 1314 1230 1338 neces-

105 1369 149 1394 οε
178 1367 251 1393 non
280 1353 486 1393 habuerint
513 1354 560 1392 de
589 1353 704 1393 rebus
745 1357 948 1394 notissimis
967 1353 1094 1393 ‘verba
1130 1354 1230 1391 sace-

106 1421 149 1447 re
171 1423 184 1453 ,-
213 1421 256 1445 ac
275 1408 430 1446 domum
451 1409 543 1460 quia
572 1409 752 1460 quaedam
781 1408 989 1447 occultiora
1011 1406 1139 1460 palam
1162 1407 1229 1445 fie-

104 1463 143 1502 ri
172 1460 319 1503 vetabat
347 1459 766 1513 Disciplina-arcani.
808 1463 873 1500 Sic
902 1462 1072 1501 Justinus
1101 1461 1231 1499 debuit

105 1515 314 1554 necessario
342 1513 448 1567 loqui
476 1516 522 1553 de
552 1515 767 1568 Baptisrno,
797 1515 830 1553 8(
851 1516 898 1554 de
929 1515 1167 1554 Eucharistia
1184 1514 1231 1552 ad

107 1567 369 1621 repellendam
397 1567 615 1607 Gentilium
657 1569 892 1608 calumniam
923 1570 970 1607 de
1002 1567 1197 1606 Atheismo
1219 1598 1230 1616 ,

100 1621 144 1658 ⁴⁴&
174 1622 220 1660 de
260 1620 385 1673 epulis
413 1621 619 1660 Thiestaeis
654 1623 863 1674 impactam
889 1622 1148 1666 Christianis3
1184 1621 1231 1658 de

105 1675 192 1714 aliis
221 1674 480 1713 sacramentis
520 1675 648 1712 dicere
676 1689 771 1727 opus
801 1689 874 1712 non
919 1674 1051 1711 habuit
1069 1699 1079 1711 .
1123 1673 1229 1710 Idem

112 1729 293 1777 contingit
321 1726 408 1765 aliis
429 1726 629 1766 Patribus.
659 1727 700 1766 S.
715 1726 887 1779 Cyrillus
916 1728 957 1764 in

113 1779 188 1818 bus
219 1778 494 1818 Catechesibus
534 1781 610 1831 agit
639 1780 686 1817 de
717 1780 935 1832 Baptismo,
1042 1779 1230 1817 Poeniten-

108 1834 189 1880 tia,
227 1833 266 1870 in
297 1831 382 1870 aliis
409 1832 467 1871 16.
496 1832 738 1885 sequentibus
767 1832 934 1886 explicat
962 1832 1193 1884 Symbolum
1217 1861 1228 1879 ,

138 1885 209 1922 uod
239 1899 261 1923 a
287 1885 528 1936 'Baptizandis
571 1886 810 1924 recitandum
854 1894 955 1923 erat:
999 1888 1038 1922 in
1057 1885 1195 1936 ‚prima
1217 1913 1228 1933 ,

102 1899 322 1976 {secunda
351 1941 637 1990 mystagogica
665 1939 816 1988 exponit
836 1939 1108 1985 caeremonias,
1136 1949 1227 1989 qua:

104 1990 403 2043 praecedebant,
440 1990 474 2026 8(
503 1990 830 2042 subsequebantur
859 1991 1124 2043 Baptismum,
1154 1999 1228 2029 ter-

101 2045 161 2082 ·tia
189 2053 241 2082 est
280 2043 327 2082 de
354 2043 472 2082 Sacro
499 2042 713 2082 Chrismate
734 2073 744 2092 ,
791 2053 928 2096 quarta
962 2044 1009 2082 de
1039 2043 1228 2083 Euchari-

107 2098 178 2136 stia
197 2127 209 2145 ‚
250 2095 284 2134 8(
313 2106 502 2150 postrema
538 2097 585 2136 de
614 2096 813 2149 Liturgia‚
857 2097 892 2134 8(
921 2097 1228 2136 communione.

102 2150 194 2190 Ideo
211 2159 337 2189 autem
367 2150 414 2189 de
435 2150 494 2189 his
522 2150 609 2188 solis
628 2149 886 2190 Sacramentis
914 2160 1005 2190 tunc
1036 2151 1228 2203 populum

102 2204 369 2243 instruendum
399 2206 546 2257 putavit
576 2204 617 2242 S.
647 2205 835 2253 Antistes,
883 2206 977 2258 quia
1001 2203 1090 2243 hoec
1132 2204 1228 2243 sole-

106 2256 200 2297 bant
230 2259 269 2296 in
298 2256 531 2296 solemnitate
546 2256 718 2296 Paschali
748 2257 930 2297 fidelibus
957 2258 1163 2309 distribui3
1192 2258 1227 2295 8(

108 2307 175 2349 hic
202 2312 338 2350 unicus
367 2320 445 2350 erat
474 2312 593 2365 ipsius
620 2325 754 2362 scopus
783 2313 822 2350 in
846 2312 903 2351 his
925 2310 1229 2361 catechesibus,

107 2377 205 2417 quas
232 2373 320 2404 ante
348 2364 514 2413 Pascha,
556 2365 590 2402 8(
619 2365 755 2404 diebus
784 2366 1017 2404 immediate·
1040 2367 1231 2417 sequenti-

98 2415 178 2457 bus
205 2418 254 2458 ad
283 2418 470 2470 populum
499 2417 658 2457 habuit.
699 2418 804 2459 Idem
834 2421 949 2458 etiam
993 2420 1067 2457 fuit
1095 2431 1231 2472 scopus

100 2470 148 2510 S.
178 2470 400 2521 Ambrosii,
436 2473 506 2525 qui
536 2481 763 2511 memoratas
791 2486 879 2511 mox
908 2474 949 2513 S.
978 2472 1119 2525 Cyrilli
1152 2473 1230 2512 Ca-

106 2523 282 2564 techeses
311 2530 619 2580 mystagogicas
661 2541 755 2579 pene
784 2528 1024 2580 exscripsisse
1053 2527 1230 2573 videtur,

105 2586 148 2615 ut
175 2591 260 2617 suos
287 2577 419 2619 fideles
438 2580 486 2618 ad
515 2581 588 2619 tria
608 2579 855 2619 Sacramenta
874 2581 1111 2634 disponeret,
1140 2593 1230 2633 quae

106 2630 149 2669 in
177 2631 415 2672 solemnitate
445 2632 621 2672 Paschali
649 2634 1006 2680 distribuebantur3
1042 2634 1076 2672 8(
1106 2647 1232 2686 respe-

107 2692 173 2721 ctu
203 2683 338 2724 horum
367 2700 456 2726 vere
483 2687 610 2726 dicere
639 2689 788 2739 potuit:
819 2687 1053 2726 Plenissime
1080 2701 1228 2740 cogno-

113 2739 203 2796 visti
227 2741 392 2778 omnia.
422 2740 491 2779 His
519 2741 701 2780 omnibus
729 2741 943 2780 addendum
961 2772 972 2792 ,
1001 2755 1077 2781 non
1105 2755 1230 2794 pauca.

111 2799 237 2876 prisca
265 2802 514 2833 monumenta
542 2809 646 2833 nunc
674 2795 909 2843 desiderari5
938 2805 1050 2848 atque
1071 2797 1169 2834 inter
1189 2810 1230 2834 a·

132 2852 166 2876 ia
185 2839 272 2880 ΧΠ.
302 2844 437 2886 Libros
462 2847 509 2886 de
536 2847 793 2888 sacramentis
830 2849 879 2888 ab
907 2849 1077 2888 Eusebio
1103 2850 1230 2888 Caesa-

112 2895 236 2952 reensi
265 2901 516 2952 conscriptos.
559 2900 794 2941 Postremum
818 2934 828 2951 ,
857 2904 959 2956 quod
988 2917 1032 2941 ex
1062 2897 1103 2941 S.
1132 2905 1230 2942 Gre-

111 2958 220 3035 §ono'
247 2946 439 3008 object-um
468 2963 540 3000 est,
569 2956 683 2994 facile
710 2958 909 3009 expeditur
930 2987 941 3005 ‚
969 2957 1157 3005 dicendo,
1187 2956 1228 2995 S.

143 2998 337 3036 ontificem
368 3014 408 3040 tn
435 3017 500 3042 suo
516 3006 846 3048 Sacramentario
875 3011 1116 3063 potissimum
1133 3011 1228 3048 fuis-

110 3052 424 3112 seqcomplexum
452 3069 596 3096 sacram
625 3061 837 3114 Liturgiam
867 3076 936 3116 pro
973 3063 1227 3102 celebratione

111 3102 247 3143 Missae
278 3105 484 3152 solemnis3
512 3122 586 3145 non
616 3122 742 3151 autem
770 3131 857 3167 quae
887 3117 935 3155 ad
963 3117 1130 3156 aliorum
1160 3117 1229 3156 Sa-

107 3168 394 3196 cramentorum
424 3160 785 3203 administrationem
816 3170 1079 3220 pertinebant.
1109 3172 1152 3209 ln
1173 3171 1226 3208 lo-

109 3222 157 3247 co
183 3221 310 3249 autem
339 3225 384 3250 ex
414 3213 599 3252 Gratiano
636 3214 740 3253 land.
769 3219 809 3256 S.
839 3221 1010 3264 Pontifex
1040 3226 1111 3263 tria
1139 3225 1226 3277 qui-

109 3261 196 3301 dem
225 3264 469 3304 Sacramenta
497 3270 748 3316 memoravit,
790 3281 913 3310 cetera
939 3288 1030 3314 vero
1067 3279 1226 3316 minime

109 3314 293 3359 exclusit.
322 3319 473 3361 Eruditi
502 3330 626 3362 tamen
655 3331 830 3364 testantur
848 3353 859 3375 ,
889 3338 934 3366 ea
952 3328 1104 3381 ‘vel-ba,
1131 3345 1222 3384 quoe

1018 1727 1122 1764 rimis
1137 1726 1248 1763 dua-‹

1299 175 1506 213 Gratianus
1537 177 1648 214 refert
1671 207 1681 224 ,
1722 180 1760 215 in
1789 180 1830 218 S.
1861 181 2036 234 Gregorii
2065 182 2246 237 operibus
2275 187 2416 226 frustra

1300 229 1415 265 fuisse
1445 232 1605 279 quaesita
1624 256 1634 266 .

1357 281 1447 325 245.
1480 282 1592 320 Dices
1608 286 1758 333 primo.
1788 283 2128 339 Frequentissima,
2158 291 2191 329 ἃ
2209 302 2339 345 aperta
2358 307 2420 333 oc-

1299 338 1417 372 currit
1447 337 1547 386 apud
1581 348 1722 373 veteres
1739 336 1863 375 Patres
1892 340 2053 380 duorum
2084 344 2417 386 Sacranientorum

1297 387 1505 440 Baptismi‚
1545 388 1578 424 8(
1609 389 1860 428 Eucharistiae
1893 396 2056 431 mentio:
2094 411 2160 434 cur
2191 414 2276 450 ergo
2306 402 2420 440 etiam

1298 441 1464 479 aliorum
1501 444 1672 495 quinque
1702 444 2036 484 Sacramentorum
2080 453 2303 491 mentionem
2347 468 2420 493 non

1298 495 1498 543 fecissent,
1529 498 1558 534 si
1590 498 1721 534 eadem
1743 498 2031 549 cognovissent?
2060 501 2191 552 Majus
2221 516 2343 544 autem
2362 520 2422 545 ro-

1298 548 1371 586 bur
1402 548 1491 587 hnic
1519 549 1723 601 objectioni
1755 553 1899 590 accedit
1928 567 1973 590 ex
2003 568 2067 602 ec),
2097 556 2197 608 quod
2228 558 2267 594 S.
2291 560 2418 612 Augu—

1297 603 1416 640 stinus
1445 603 1569 641 Serm.
1593 605 1621 642 l.
1654 605 1690 642 in
1721 603 1778 642 Ps.
1799 606 1900 643 Clll.
1931 621 2039 645 num.
2067 610 2126 654 ι4.
2156 608 2204 646 Τ.
2227 610 2320 658 Vl.,
2362 615 2417 650 ‹li-

1298 657 1376 703 cit,
1415 655 1499 694 hoec
1529 658 1603 694 duo
1632 657 1710 695 sola
1739 658 1984 698 Sacramenta
2015 662 2126 700 fuisse
2158 677 2224 713 per
2254 662 2418 715 discipli-

1298 721 1399 747 nam
1429 714 1576 748 arcani
1606 712 1772 763 profanis
1814 712 2054 753 abscondita:
2101 715 2205 766 Quid
2233 727 2289 754 eet
2310 748 2321 766 ‚
2365 721 2421 756 in·-

1300 765 1410 854 Ἑιίῑ,
1459 762 1561 815 quod
1601 766 1799 803 occultum
1828 776 1914 816 est,
1955 768 2004 808 (9-
2034 782 2116 806 non
2156 770 2352 820 publicum
2382 776 2423 808 in.

1345 816 1523 855 eclesia?
1565 817 1879 858 Sacramentum
1917 821 2135 870 Baptistae,
2179 823 2423 862 Sacramen-

1301 879 1386 908 tum
1418 870 1712 911 Eucharistiae.
1747 873 1881 925 Opera
1909 880 2019 914 enim
2049 885 2185 914 nostra
2214 878 2342 916 vident
2372 879 2422 919 <J

1303 923 1489 977 Ριιςιιηί,
1538 925 1812 965 Sacramenta
1842 941 1930 966 vero
1957 931 2207 968 occultantur
2235 933 2338 970 illis.
2381 932 2425 971 Si

1303 992 1391 1030 ergo
1420 993 1494 1017 non
1521 980 1689 1018 obstante
1720 981 1790 1019 hac
1821 981 1901 1034 lege
1921 989 2067 1022 arcani
2088 983 2212 1024 Patres
2240 996 2318 1024 tam
2348 998 2418 1023 sae-

1302 1046 1350 1084 pe
1380 1033 1425 1070 de
1455 1031 1514 1071 his
1541 1033 1690 1072 duobus
1719 1035 1973 1075 Sacramentis
2009 1037 2124 1076 locuti
2155 1048 2266 1088 sunt,
2302 1038 2426 1077 multo

1301 1088 1424 1137 magis
1454 1087 1614 1124 fuissent
1643 1086 1759 1126 locuti
1790 1089 1836 1126 de
1865 1090 1950 1128 aliis
1973 1120 1983 1138 ‚
2013 1093 2043 1129 si
2074 1106 2116 1129 ea
2145 1094 2426 1145 cognovissent.

1356 1139 1447 1185 246.
1479 1138 1617 1192 liesp.‚
1660 1142 1809 1179 etiamsi
1841 1142 1955 1194 hujus
1990 1144 2218 1184 diversitatis
2262 1155 2425 1199 nequeat

1299 1203 1402 1231 certa
1429 1207 1545 1232 causa
1573 1192 1729 1242 afferri,
1770 1208 1840 1234 non
1871 1209 1975 1248 posse
2005 1200 2129 1236 tamen
2159 1211 2205 1236 ex
2234 1198 2304 1237 hoc
2334 1212 2423 1238 con-

1297 1246 1431 1294 cludi,
1474 1261 1496 1284 a
1524 1246 1673 1285 Sanctis
1702 1246 1878 1287 Patribus
1922 1263 1993 1288 non
2036 1252 2151 1289 fuisse
2193 1254 2317 1303 agnita
2347 1253 2426 1290 atis.

1297 1300 1545 1339 Sacramenta
1577 1310 1714 1352 praeter
1744 1301 1980 1353 Baptismum
1999 1334 2010 1352 ,
2052 1304 2086 1341 8(
2116 1304 2427 1344 Eucharistiam:

1296 1367 1389 1392 nam
1419 1356 1534 1392 etiam
1565 1354 1728 1392 aliorum
1759 1352 1930 1408 aliquam
1949 1359 2180 1396 mentionem
2200 1389 2210 1405 ,
2241 1358 2426 1397 licetnon

1297 1415 1376 1446 tam
1405 1407 1598 1446 celebrem
1630 1408 1662 1445 8(
1693 1422 1910 1461 expressam
1929 1442 1939 1459 ,
1969 1421 2069 1450 certe
2098 1412 2294 1458 fecerunt5
2325 1426 2426 1465 prae-

1299 1463 1428 1500 sertim
1443 1459 1751 1500 confirmationis
1768 1491 1778 1509 ,
1807 1463 1842 1499 &
1861 1463 2098 1503 Poenitentiae
2116 1495 2126 1511 ,
2155 1478 2320 1517 quorum
2344 1466 2423 1518 pri-

1300 1529 1408 1553 mum
1438 1516 1562 1553 statim
1593 1524 1674 1568 post
1705 1515 1938 1567 Baptismum
1969 1518 2131 1554 conferri
2161 1517 2326 1564 solebat3
2367 1517 2425 1556 al·

1298 1576 1423 1605 terum
1453 1578 1579 1605 autem
1609 1568 1643 1603 8(
1673 1568 1877 1620 frequens,
1908 1570 1941 1605 8(
1971 1570 2139 1608 solemne
2169 1581 2245 1609 erat
2276 1574 2316 1610 in
2347 1573 2421 1620 iis,

1298 1622 1365 1670 qui
1395 1622 1557 1670 gratiam
1587 1621 1857 1672 Baptismalem
1887 1624 2053 1673 peccatis
2081 1624 2297 1664 actualibus
2328 1626 2424 1663 infe·

1298 1670 1423 1710 liciter
1438 1672 1686 1711 amittebant.
1716 1675 1893 1712 Ceterum
1923 1677 1953 1714 si
1971 1675 2040 1714 hoc
2068 1688 2337 1729 argumentum
2355 1693 2422 1717 va·

1298 1724 1423 1773 leret,
1466 1735 1587 1778 posset
1615 1727 1728 1764 etiam
1758 1736 1887 1766 contra
1917 1730 2099 1768 nonnulla
2141 1730 2219 1770 alia
2246 1734 2422 1785 dogmata

1296 1777 1447 1826 valere,
1477 1791 1641 1830 quorum
1671 1792 1748 1817 non
1775 1790 1854 1818 tam
1875 1794 2051 1834 expressa
2067 1783 2100 1819 8(
2118 1785 2297 1836 frequens
2315 1800 2423 1823 meu-

1297 1832 1350 1868 tio
1377 1831 1480 1883 apud
1509 1841 1651 1870 veteres
1682 1832 1904 1884 invenitur,
1948 1836 2023 1874 nisi
2054 1846 2251 1889 postquam
2281 1848 2423 1876 exortat

1296 1883 1461 1922 haereses
1506 1894 1709 1937 coegerunt
1737 1884 1864 1925 Patres
1906 1891 2073 1940 apertius
2109 1889 2143 1926 8(
2187 1892 2425 1944 frequentius

1295 1937 1483 1977 Ecclesiae
1512 1938 1724 1978 doctrinam
1753 1953 1970 1993 exponere.
2001 1942 2043 1981 ld
2071 1944 2248 1983 similiter
2278 1946 2424 1984 factum

1296 1999 1351 2029 est
1380 1992 1420 2030 in
1449 2005 1539 2030 casu
1567 2000 1720 2032 nostro.
1756 1994 1930 2034 Simulac
1959 1998 2064 2035 enim
2095 1997 2300 2037 Novatores
2337 2013 2425 2038 con-

1295 2053 1354 2083 tra
1382 2045 1718 2085 sacramentorum
1748 2061 1954 2087 numerum
1983 2049 2253 2103 blasphemare
2293 2066 2423 2104 coepe-

1295 2107 1410 2148 runt,
1439 2112 1571 2138 omnes
1584 2099 1788 2140 Christiani
1811 2104 1976 2142 nominis
2004 2108 2293 2146 communiones
2310 2136 2320 2155 ‚
2351 2107 2424 2145 La-

1297 2153 1405 2201 tina,
1434 2153 1600 2203 Graeca,
1630 2154 1864 2205 Orientalis,
1906 2156 2186 2207 schismaticae,
2230 2159 2423 2198 haereticae

1296 2207 1556 2258 septenarium
1602 2207 1939 2249 sacramentorum
1993 2225 2196 2250 numerum
2240 2213 2420 2265 professae

1296 2269 1408 2309 sunt,
1437 2260 1470 2296 8(
1500 2260 1626 2300 adhuc
1654 2262 1899 2314 profitentur3
1929 2277 2003 2303 non
2031 2265 2107 2303 alia
2134 2275 2235 2303 certe
2264 2266 2310 2303 de
2330 2280 2422 2304 cau·

1297 2328 1364 2362 sa,
1403 2313 1474 2351 nisi
1503 2316 1595 2367 quia
1637 2328 1766 2354 omnes
1794 2332 1815 2354 a
1846 2316 2057 2368 majoribus
2098 2320 2175 2357 suis
2218 2318 2322 2358 hunc
2352 2333 2422 2359 nu-

1297 2380 1447 2406 merum
1478 2376 1661 2420 perpetua
1689 2370 1891 2407 traditione
1919 2381 2171 2423 acceperant.

1354 2420 1446 2472 247.
1474 2420 1515 2459 S.
1546 2421 1777 2473 Augustinus
1804 2431 1932 2462 autem
1962 2423 2067 2462 laud.
2097 2426 2135 2463 in
2165 2425 2248 2463 loco
2275 2439 2421 2464 memo·

1296 2483 1355 2513 rat
1384 2474 1540 2526 quidem
1585 2474 1659 2512 duo
1687 2474 1934 2515 Sacramenta
1964 2477 2174 2529 Baptismi,
2205 2478 2239 2515 ἃ
2270 2479 2422 2519 Eucha-

1296 2529 1443 2573 ristiae5
1473 2540 1547 2565 non
1575 2536 1704 2568 tamen
1732 2537 1855 2568 cetera
1884 2530 2072 2576 excludit3
2102 2546 2189 2570 nam
2220 2534 2258 2571 in
2290 2534 2420 2572 eodem

1297 2581 1479 2621 Sermone
1508 2581 1624 2632 paulo
1651 2584 1827 2636 superius
1856 2598 2019 2638 nnm.9.
2049 2586 2212 2624 dixerat:
2259 2586 2422 2637 Respice

1298 2635 1354 2673 acl
1383 2647 1556 2673 munera
1584 2638 1704 2685 ipsius
1732 2635 1953 2676 Ecclesiae.
1992 2637 2142 2677 Μιιηιις
2173 2640 2418 2678 Sacramen-

1295 2695 1425 2727 torum
1463 2692 1504 2726 in
1533 2687 1767 2740 Bazptismo,
1808 2695 1848 2728 in
1879 2690 2166 2742 Eucharistin,
2211 2698 2249 2731 ιή
2279 2697 2420 2732 ceteris

1295 2745 1448 2781 sanctis
1464 2741 1746 2782 Sacramemts
1761 2760 1777 2790 ,·
1805 2746 1924 2795 quale
1953 2746 2136 2785 munus?
2166 2747 2267 2786 Ecce
2284 2778 2294 2796 ,
2324 2760 2417 2800 quo-

1297 2796 1409 2835 modo
1444 2794 1486 2835 S.
1522 2794 1632 2834 Pater
1673 2797 1750 2836 alia
1778 2798 2022 2838 Sacramenta
2066 2801 2238 2852 indigitat
2281 2810 2420 2854 praeter

1295 2850 1563 2903 Bupfismum,
1593 2850 1627 2887 ἃ
1649 2851 1951 2892 Eucharistiam.
1982 2852 2264 2892 Parumautem
2296 2857 2414 2893 inter·

1297 2912 1386 2952 est,
1439 2904 1540 2956 quod
1595 2910 1866 2955 septenarium
1908 2921 2111 2946 numerum
2155 2907 2409 2947 arithmeticis

1295 2959 1394 2998 notis
1422 2971 1496 2996 non
1524 2957 1777 3005 determinet3
1820 2974 1906 2999 nam
1938 2961 2029 3000 locis
2056 2963 2279 3014 opportunis
2308 2962 2416 2999 modo

1298 3025 1416 3049 unum
1447 3013 1644 3060 nominat,
1687 3014 1798 3051 modo
1835 3013 1996 3053 alterum
2015 3045 2026 3064 ,
2068 3015 2168 3068 quod
2199 3016 2281 3055 Deo
2307 3016 2417 3053 dante

1295 3064 1605 3114 declarabimus,
1636 3078 1725 3104 cum
1755 3068 1801 3104 de
1829 3067 1987 3120 singulis
2014 3082 2168 3120 agemus
2186 3096 2196 3107 .

1352 3118 1442 3164 248.
1473 3117 1586 3156 Dices
1615 3120 1787 3158 secundo
1806 3120 1846 3159 S.
1866 3120 1905 3159 P.
1930 3123 2159 3174 Augustinus
2187 3122 2330 3172 saepius
2350 3132 2414 3158 no-

1294 3185 1383 3210 men
1413 3171 1673 3211 Sacramenti
1714 3176 1827 3213 sumit
1860 3174 1990 3213 latiore
2032 3175 2333 3228 significatione.
2363 3171 2411 3210 Ε·-

1293 3225 1439 3279 xempli
1468 3225 1553 3264 loco
1580 3227 1659 3276 sit,
1695 3230 1797 3280 quod
1836 3228 1948 3268 habet
1979 3230 2017 3267 in
2049 3230 2134 3268 Lib.
2157 3230 2204 3266 ΙΙ.
2235 3228 2297 3266 De
2325 3235 2410 3272 pec·

1293 3288 1475 3318 catorum
1505 3285 1656 3319 meritis
1673 3311 1684 3329 ,
1713 3282 1764 3322 <92
1793 3286 2026 3321 remissione
2040 3297 2125 3334 cap.
2149 3282 2211 3320 26.
2233 3280 2279 3317 T.
2302 3275 2408 3315 XIII·

1293 3333 1491 3387 inquiens:
1524 3332 1839 3376 Cacecrzumenos
1859 3335 2075 3378 secundum
2090 3333 2301 3420 quemdagz
2324 3340 2407 3367 '⁷²0-

2295 3393 2361 3418 um
