2605 3624
255 77 338 126 226

191 172 272 206 cst3
320 159 525 210 producere
555 163 681 193 autem
725 161 867 206 poterat
910 154 1076 191 similem
1122 153 1296 192 effect-un

189 229 242 251 et·
270 225 383 261 opere
412 213 614 261 operantis
636 239 646 257 ,
696 209 932 260 impetrando
975 222 995 244 a
1028 207 1106 244 Deo
1135 209 1297 258 gratiam

188 266 246 303 vel
280 279 475 316 nunquam
506 263 673 301 habitam
693 293 703 310 ,
734 261 790 299 vel
809 261 1013 299 infeliciter
1041 261 1298 312 deperditam.

250 319 335 356 13¹2.
370 317 584 355 Difficultas
605 325 729 354 tamen
751 329 898 367 semper
920 323 1084 351 remanet
1103 343 1112 360 ,
1144 327 1299 365 quomo-

188 373 237 410 do
269 373 384 409 iidem
415 373 505 408 ritus
526 371 656 408 eadem
680 371 835 406 moesia
853 400 862 415 ,
894 369 1100 419 eademque
1122 368 1241 404 forma
1265 369 1300 403 in

189 425 385 477 aliquibus
414 438 546 462 verum
578 423 768 460 estitercnt
798 424 1113 467 Sacramentum,
1145 421 1182 457 in
1213 419 1300 456 aliis

188 492 260 516 non
282 481 398 516 item.
430 478 529 515 Huic
551 477 752 528 objectioni
775 478 823 513 ita
845 475 1038 527 respondet
1062 472 1153 510 Heu.
1176 472 1299 523 Hyac.

190 533 392 570 Drouven:
437 562 462 579 „
494 532 576 569 Non
624 539 772 567 externo
803 530 900 575 ritu,
944 527 1005 563 sed
1050 538 1092 562 ex
1131 525 1299 576 ejusdem

190 615 216 633 „
245 585 469 622 observandi
500 598 609 621 cansa
629 614 638 630 ,
669 596 711 619 ex
743 582 903 631 subjecti
933 580 1167 629 capacitate,
1198 576 1300 613 aliis-

190 669 216 687 „
246 653 320 690 que
362 638 549 687 adjunctis
592 635 885 674 circumstantiis
927 633 1036 668 debet
1066 629 1301 668 Sacramenti

189 722 215 739 „
245 694 379 730 veritas
410 691 617 728 aestimari.
666 689 792 735 Quam
827 684 994 736 regulam
1041 684 1110 720 nisi
1141 683 1301 741 tenueri-

188 775 215 793 „
246 760 355 793 mus,
399 745 685 782 Sacramentum
718 741 783 778 ubi
815 752 945 776 revera
974 750 1048 775 non
1081 744 1159 782 est,
1203 748 1302 786 post-

189 800 318 846 „turi
355 811 511 834 sumus.
555 796 618 832 Sic
649 807 706 830 ex.
736 806 792 844 gr.
827 792 1057 828 Diaconissae
1101 788 1192 826 olim
1228 788 1303 825 ritu

189 881 215 899 „
244 852 467 888 ordinationi
492 849 748 886 Diaconoruin
780 844 892 896 plane
920 842 1066 889 simili,
1096 843 1303 880 ministerio

188 934 214 951 „
245 905 520 955 lfipiscoporinn
538 898 854 938 consecrabantur
872 925 881 934 .
913 896 1111 948 Numquid
1143 896 1226 932 ideo
1246 895 1303 932 di·

189 988 215 1004 ,‚
245 959 339 994 cturi
371 969 525 1001 sumus,
570 966 703 991 verum
735 953 778 989 iis
810 951 924 988 fuisse
963 950 1145 986 collatum
1175 949 1301 986 diaco-

190 1040 214 1057 „
246 1018 352 1046 natus
374 1004 694 1046 Sacramentum?
726 1005 854 1043 Absit:
885 1002 1086 1041 muliebris
1115 1002 1218 1039 enim
1248 1014 1303 1038 se-

187 1093 213 1110 „
243 1075 311 1099 xus
339 1070 450 1099 tantae
479 1061 670 1112 dignitatis
699 1068 750 1096 est
772 1060 960 1110 incaan.
990 1056 1133 1093 Pariter
1163 1067 1208 1091 ex
1237 1069 1303 1092 an-

186 1146 212 1164 „
241 1117 346 1167 tiqua
374 1113 581 1166 disciplina
608 1122 754 1150 certum
778 1121 855 1159 est,
885 1111 1051 1149 Clericus
1078 1111 1128 1147 ab
1148 1108 1306 1159 Episco-

188 1200 213 1218 „
244 1171 301 1220 pis
333 1168 548 1214 haereticis,
591 1166 869 1212 schismaticis,
907 1163 1149 1210 simoniacis,
1188 1163 1305 1198 intru-

189 1252 217 1272 „
248 1224 295 1259 sis
312 1250 322 1270 ,
353 1221 688 1258 excommunicatis
709 1227 894 1270 promotos
912 1247 922 1264 ,
945 1219 1075 1254 iterato
1097 1229 1211 1253 sacrae
1235 1216 1306 1252 Or-

189 1304 216 1325 „
246 1275 452 1313 dinationis
483 1276 584 1321 ritu,
618 1287 687 1311 noc
717 1271 826 1309 aliter
855 1271 902 1308 ad
932 1271 1121 1308 Ordinum
1153 1281 1307 1306 suorum

190 1358 216 1377 „
247 1328 457 1366 functiones
487 1328 599 1364 fuisse
630 1327 836 1363 admissos.
882 1323 1081 1375 Numquid
1119 1322 1202 1359 ideo
1240 1321 1308 1360 Sa·

194 1410 221 1430 „
252 1390 492 1418 eramentum
512 1380 759 1417 ordinationis
781 1377 1016 1415 iterabatur?
1037 1376 1308 1426 Nequaquam:

191 1465 216 1483 „
247 1443 416 1471 constans
446 1434 549 1469 enim
580 1440 660 1479 est,
692 1440 845 1482 eratque
876 1429 1114 1480 majoribus,
1152 1442 1219 1480 per
1248 1441 1308 1464 or-

192 1518 218 1536 „
248 1488 483 1523 dinationem
514 1498 660 1521 sacram
691 1485 729 1521 in
759 1496 1004 1534 quacumque
1034 1481 1194 1528 liaeresi,
1224 1480 1256 1516 &
1287 1494 1309 1517 a

192 1570 217 1589 „
247 1539 448 1590 quolibet,
492 1537 739 1590 quantumvis
782 1548 899 1587 pravo
943 1536 1143 1580 ministro,
1185 1546 1308 1571 susce-

191 1624 217 1642 „
249 1602 353 1644 ptam
384 1592 641 1631 characterem
663 1589 864 1640 imprimi,
895 1589 1064 1639 adeoque
1086 1587 1211 1624 iterari
1233 1599 1309 1624 non

193 1676 218 1695 „
251 1659 380 1697 posse.
432 1645 522 1683 Erat
552 1645 667 1695 igitur
698 1642 781 1680 haec
812 1641 1017 1679 mulierum
1036 1671 1046 1688 ,
1091 1639 1124 1675 8<
1153 1640 1311 1677 clerico-

194 1730 221 1749 „
252 1715 363 1747 rum,
405 1699 594 1736 ordinatio
625 1710 730 1734 mera
769 1696 1011 1733 iustitutionis
1045 1693 1310 1731 ecclesiasticae

196 1783 222 1802 e>
253 1753 508 1799 caeremonia,
537 1764 624 1803 quae
655 1750 744 1788 licet
773 1757 968 1786 externam
998 1749 1162 1799 speciem
1179 1746 1313 1784 Sacra-

195 1835 223 1854 „
253 1807 367 1846 menti
381 1805 555 1852 haberet,
571 1804 859 1841 Sacramentum
873 1811 1081 1839 tamennon
1094 1810 1191 1837 erat.
1209 1800 1313 1837 Idem

197 1888 223 1908 „
252 1861 420 1898 dicimus
440 1860 477 1896 in
498 1858 676 1910 praesenti
697 1856 742 1893 de
760 1856 935 1893 unctione
963 1854 1175 1892 chrismatis
1192 1882 1202 1900 ,
1232 1867 1314 1890 ma-

197 1944 225 1963 „
255 1925 452 1964 nuumque
490 1911 757 1962 impositione,
801 1921 890 1959 erga
925 1909 1120 1945 redeuntes
1155 1906 1204 1944 ab
1235 1905 1314 1943 hae-

198 1997 226 2016 „
256 1967 328 2004 resi
358 1978 402 2002 ex
432 1965 547 2002 veteri
579 1964 742 2000 instituto
769 1961 963 1999 observari
993 1960 1101 1998 solita
1130 1959 1260 1996 &c.’‘.

258 2019 345 2058 155.
375 2018 514 2055 Praeter
544 2016 654 2064 haec,
685 2014 890 2052 multorum
922 2014 1128 2051 recentium
1159 2013 1315 2050 Graeco-

199 2086 287 2112 runi
316 2071 496 2123 objIcitur
525 2070 726 2107 auctoritas
748 2099 759 2117 ,
788 2069 856 2120 qui
885 2067 1224 2104 confirmationem
1258 2079 1314 2102 re·

199 2129 276 2179 peti
305 2138 409 2177 posse
438 2126 642 2162 docuerunt
658 2146 671 2169 ,-
697 2135 791 2173 quos
813 2129 1006 2168 recenset,
1037 2120 1071 2155 8<
1093 2118 1228 2156 refellit
1251 2118 1316 2155 Pe-

200 2189 280 2217 trus
302 2177 489 2216 Arcudius
518 2178 557 2214 in
587 2189 671 2227 sup.
692 2173 797 2212 laud.
821 2174 906 2212 Lib.
928 2175 973 2211 ΙΙ.
995 2187 1080 2225 cap.
1102 2186 1162 2224 19.
1183 2172 1216 2208 8<
1238 2187 1316 2224 seq.

202 2233 462 2269 Veruntamen
491 2233 619 2279 primo
648 2241 721 2265 non
750 2228 842 2265 adeo
863 2229 989 2279 gravis
1005 2236 1056 2264 est
1074 2228 1232 2264 istorum
1252 2239 1318 2263 au-

203 2286 379 2333 ctoritas,
410 2291 450 2320 ut
478 2281 643 2320 multum
673 2281 842 2319 curanda
871 2282 946 2318 sit.
978 2280 1183 2318 Praeterea
1202 2281 1268 2331 qui
1291 2280 1326 2316 i-

204 2351 358 2392 psorum
393 2336 606 2382 testimonia
648 2335 810 2386 penitius
853 2335 1147 2380 examinarunt,
1192 2333 1324 2370 eadem

205 2391 529 2443 explicari>posse
559 2397 691 2440 putant
731 2388 778 2425 de
819 2387 1050 2439 quibusdam
1081 2386 1324 2424 unctionibus

207 2458 296 2482 cum
325 2455 431 2481 sacro
459 2441 662 2480 chrismate
679 2472 689 2490 ,
719 2454 808 2494 quae
829 2454 915 2480 vere
931 2439 1232 2479 Sacramentales
1252 2453 1326 2477 non

208 2506 291 2537 sunt
309 2523 320 2534 .

270 2549 357 2595 154.
387 2548 596 2600 Supersunt
625 2547 853 2600 explicanda
883 2563 948 2595 ea,
978 2561 1066 2600 quae
1097 2560 1140 2585 ex
1156 2546 1329 2585 Ecclesia

210 2605 331 2642 latina
359 2601 473 2640 allata
503 2610 585 2639 sunt
614 2615 697 2654 sup.
719 2615 758 2639 n.
781 2602 867 2640 125.
899 2602 948 2640 Et
977 2605 1104 2650 primo
1132 2609 1231 2638 certa
1261 2599 1329 2638 ha-

210 2658 346 2695 bemus
361 2663 607 2694 monumenta
624 2685 634 2702 ,
667 2656 704 2692 in
723 2655 898 2692 Ecclesia
918 2655 1037 2693 latina
1057 2656 1231 2692 iteratam
1255 2666 1326 2691 non

212 2711 327 2747 fuisse
344 2708 683 2746 confirmationem
701 2738 712 2755 ,
741 2710 854 2746 etiam
884 2708 934 2746 ab
965 2707 1154 2745 haereticis
1173 2708 1298 2744 datam
1315 2730 1327 2743 .

213 2762 257 2800 ld
286 2770 424 2799 constat
451 2775 495 2799 ex
525 2761 668 2800 celebri
697 2763 848 2800 decreto
880 2761 926 2799 R.
954 2761 994 2799 P.
1025 2759 1208 2810 Stephani
1237 2770 1326 2796 con-

215 2823 272 2852 tra
302 2813 610 2865 Rebaptizantes,
649 2829 724 2866 quo
752 2816 949 2867 baptizatis
979 2816 1018 2852 in
1048 2813 1182 2850 haeresi
1213 2813 1228 2861 (
1259 2812 1327 2861 qui

217 2869 351 2919 ntique
381 2879 425 2903 ex
452 2870 567 2904 veteri
597 2881 702 2905 more
732 2878 834 2907 erant
855 2869 970 2905 etiam
990 2864 1239 2911 confirmati)
1270 2864 1330 2900 ni-

216 2919 274 2958 hil
303 2918 408 2956 aliud
437 2919 523 2956 fieri
553 2922 750 2971 praecipit,
795 2935 914 2972 quam
950 2929 989 2957 ut
1032 2931 1178 2956 manus
1207 2920 1330 2966 impo-

217 2981 369 3011 nantur
397 2970 450 3008 ad
478 2976 749 3020 poenitentiam
775 2973 866 3024 (a);
895 2987 971 3025 quo
1000 2971 1111 3010 titulo
1140 2973 1332 3022 paeniten-

219 3030 286 3064 tioe
314 3024 647 3063 confirmationem
677 3027 877 3064 indicatam
907 3027 1022 3064 fuisse
1051 3037 1247 3075 nunquam
1279 3023 1331 3060 le-

219 3081 371 3132 gimus.
400 3077 569 3116 Ulterius
596 3077 782 3116 Eusebius
809 3079 899 3118 Lib.
930 3079 1018 3116 VII.
1048 3077 1198 3116 Histor.
1217 3075 1333 3116 Eccl.

276 3218 324 3254 (a)
355 3214 515 3249 Mortuus
542 3222 580 3247 ut
604 3212 709 3257 hujus
736 3214 931 3257 argumenti
948 3214 1020 3246 vim
1039 3213 1252 3254 declinaret,
1279 3227 1340 3248 no·

225 3261 280 3295 bis
307 3259 513 3306 persuadere
540 3260 677 3299 voluit,
704 3260 778 3293 loco
804 3260 988 3292 verborum
1016 3264 1050 3292 in
1076 3263 1308 3303 poenitentiam
1327 3283 1339 3302 ,

228 3306 412 3353 legendum
437 3318 510 3342 esse
538 3310 575 3341 in
604 3306 771 3350 spiritum
798 3315 966 3342 sanctum.
1004 3305 1068 3341 Sed
1093 3304 1157 3341 hoc
1183 3316 1233 3341 est
1260 3320 1340 3342 con-

994 73 1257 118 DISSERT.
1291 74 1368 119 IV.
1403 72 1531 117 CAP.
1564 73 1641 116 IV.

1365 167 1449 204 cap.
1469 167 1505 191 2.
1536 153 1692 204 loquens
1712 151 1757 189 de
1779 149 1964 195 haereticis
1982 150 2166 189 conversis
2182 181 2193 198 ,
2224 150 2372 202 inquit:
2404 149 2483 188 An-

1365 211 1475 257 tiqua
1504 204 1742 243 consuetudo
1763 205 1985 242 invaluerat
2003 234 2013 253 ,
2043 213 2083 241 ut
2103 208 2144 242 in
2165 203 2388 256 hujusmodi
2418 203 2483 240 ho-

1369 258 1534 296 miuibus
1564 260 1650 295 sola
1679 271 1874 295 manuum
1904 261 2098 308 impositio
2127 271 2218 295 cum
2248 260 2487 308 precationi-

1367 311 1434 348 bus
1463 310 1731 348 adhiberetur.
1762 310 1933 348 Alcimus
1952 312 2107 359 Avitus,
2137 314 2205 363 qui
2235 312 2305 349 sub
2327 311 2486 347 initium

1368 366 1465 402 Saec.
1484 363 1549 400 Vl.
1584 363 1831 401 Viennensem
1860 365 1897 400 in
1918 363 2056 402 Galliis
2078 366 2227 416 regebat
2248 364 2486 411 Ecclesiam,

1371 419 1617 465 interrogatus
1647 431 1665 453 a
1697 414 1885 466 Stephano
1913 416 2159 465 Lugdunensi
2189 419 2234 455 de
2265 419 2366 464 ritu,
2411 429 2487 468 quo

1371 470 1563 506 Donatista
1592 469 1750 518 quidam
1782 469 1899 518 recipi
1927 469 2104 517 deberet,
2136 472 2186 508 ita
2216 471 2405 521 respondit
2435 468 2493 506 E·-

1371 522 1456 573 pist.
1480 520 1654 557 XXIV.:
1696 519 1852 556 Manus
1882 524 2169 569 impositionem
2197 536 2377 573 personce
2395 553 2404 571 ,
2436 521 2483 558 tle

1368 586 1447 623 qua
1475 572 1663 620 scribitis,
1691 571 1893 619 adhibete,
1923 585 2045 622 quam
2066 584 2276 615 constat...
2306 589 2395 613 cum
2419 579 2491 611 eni-

1367 629 1530 663 nisterio
1559 626 1807 675 baptismatis
1850 628 1974 662 etiam
2010 625 2225 664 chrismate
2266 629 2488 681 confirma-

1368 688 1484 716 tam.
1514 678 1735 730 Eademque
1766 678 1888 715 suerat
1919 680 2046 729 praxis
2074 679 2258 718 Ecclesiae
2284 683 2489 730 Africanae,

1371 734 1410 770 in
1448 730 1557 782 cujus
1600 733 1754 769 nomine
1798 730 1992 783 inquiebat
2023 732 2227 770 Donatistis
2258 733 2298 771 S.
2332 736 2494 786 Optatus

1372 784 1622 825 Milevitaims
1653 785 1739 823 Lib.
1762 783 1849 822 Vll.
1879 794 2010 822 contra
2043 784 2365 824 parmenianum:
2395 787 2435 824 Si
2464 800 2494 825 a

1374 838 1474 876 robis
1504 838 1557 876 asi
1587 852 1658 876 nos
1689 839 1830 889 aliquis
1859 842 2075 875 transitum
2092 838 2270 889 fecerit,
2299 843 2353 876 sic
2376 853 2401 876 a
2422 853 2491 877 uo-

1372 891 1427 930 bis
1457 902 1664 940 servatur,
1694 891 1888 942 quomodo
1917 905 1943 928 a
1974 891 2074 929 cobis
2106 891 2338 930 dimittitur.

1431 946 1517 984 155.
1548 946 1733 983 Praeterea
1772 945 2015 982 recolendum
2056 954 2135 993 est,
2179 947 2280 997 quod
2324 946 2498 997 superius

1372 1000 1474 1037 Diss.
1493 999 1557 1037 ΙΙΙ.
1579 1014 1617 1037 n.
1636 998 1728 1044 546.
1759 1013 1836 1051 seq.
1866 1000 2166 1045 observavimus,
2197 1000 2431 1049 baptismum
2454 1000 2498 1036 in

1373 1053 1522 1090 fictione
1539 1052 1724 1089 inutiliter
1748 1061 1939 1104 receptum
1957 1083 1967 1100 ,
1999 1052 2192 1089 recedente
2220 1052 2370 1089 fictione
2388 1081 2398 1100 ,
2429 1066 2496 1089 seu

1375 1119 1620 1158 quocumque
1635 1105 1712 1143 alio
1726 1106 1836 1143 obice
1853 1114 1993 1143 remoto
2010 1136 2020 1153 ,
2051 1119 2162 1143 suum
2178 1106 2387 1157 producere
2408 1103 2499 1141 effe-

1377 1169 1479 1197 ctum
1499 1189 1508 1207 ,
1548 1173 1682 1210 nempe
1711 1160 1872 1210 gratiam
1901 1158 2204 1196 sanctificantem
2222 1184 2232 1197 .
2276 1158 2355 1205 Qui
2385 1160 2499 1209 igitur

1376 1214 1416 1251 in
1446 1212 1583 1250 haeresi
1612 1213 1845 1264 baptismum
1875 1211 2002 1250 valide
2031 1213 2188 1264 quidem
2207 1242 2218 1259 ,
2262 1212 2324 1249 sed
2355 1211 2501 1249 inutili-=

1377 1274 1432 1303 ter
1463 1275 1705 1318 receperant,
1748 1279 1836 1303 cum
1866 1266 1912 1303 ad
1942 1263 2413 1316 Ecclesiam-poenitentes
2444 1279 2501 1302 re-

1377 1320 1646 1366 vertebantur,
1692 1318 1882 1370 Spiritum
1912 1327 2114 1366 sanctum,
2159 1332 2295 1369 nempe
2338 1319 2502 1368 gratiam

1376 1372 1542 1424 Spiritus
1575 1373 1690 1410 sancti
1709 1402 1719 1419 ,
1750 1374 1918 1423 recipere
1939 1372 2161 1409 dicebantur
2179 1397 2190 1408 .
2225 1372 2349 1422 Atque
2371 1380 2409 1408 ut
2433 1371 2502 1408 hoc

1377 1427 1543 1477 apertius
1574 1433 1780 1473 constaret,
1826 1427 1945 1461 immo
1975 1426 2021 1462 ad
2065 1425 2134 1462 hoc
2176 1423 2325 1461 caeleste
2355 1424 2502 1463 donum

1379 1478 1571 1516 efficacius
1606 1478 1887 1530 impetrandum
1906 1507 1916 1525 ,
1948 1486 2192 1516 consueverat
2222 1477 2398 1515 Ecclesia
2428 1476 2503 1513 Ro·

1379 1545 1493 1569 mana
1524 1545 1658 1569 manus
1688 1532 1725 1568 in
1755 1532 2019 1583 paenitentiam
2049 1533 2270 1582 imponere,
2318 1529 2351 1564 8<
2384 1544 2501 1582 quas-

1379 1584 1466 1621 dam
1497 1597 1628 1635 preces
1657 1598 1770 1635 super
1801 1586 2022 1635 poenitentes
2052 1585 2189 1621 addere
2207 1610 2217 1620 .
2248 1582 2404 1620 Manus
2425 1587 2501 1621 im-

1379 1640 1516 1688 positio
1535 1666 1544 1684 ,
1576 1639 1699 1688 inquit
1715 1637 1755 1674 S.
1781 1638 2008 1687 Augustinus
2038 1637 2127 1674 Lib.
2148 1637 2197 1674 V.
2220 1636 2267 1673 de
2288 1636 2393 1686 bapt.
2414 1651 2502 1688 cap.

1383 1690 1446 1728 25.
1464 1720 1474 1738 ,
1504 1693 1536 1726 si
1566 1702 1646 1726 non
1674 1688 1922 1726 adhiberetur
1943 1689 1991 1726 ab
2014 1689 2154 1726 lzoeresi
2175 1692 2365 1736 venienti,
2396 1698 2503 1726 tam-

1381 1756 1505 1794 quam
1534 1752 1653 1780 extra
1683 1756 1848 1780 omnem
1869 1743 2026 1793 culpam
2043 1741 2319 1794 judicaretur:
2347 1752 2504 1791 propter

1383 1796 1593 1834 charitatis
1622 1805 1760 1834 autem
1790 1796 2109 1846 copulationem,
2152 1794 2253 1846 quod
2281 1803 2339 1833 esc
2370 1799 2505 1833 maxi-

1382 1863 1494 1887 mum
1524 1849 1672 1886 tionum
1701 1848 1866 1899 Spiritus
1894 1853 2092 1887 sanctim.
2131 1862 2277 1886 manus
2307 1847 2501 1888 lzaereticis

1384 1907 1579 1941 conversis
1609 1907 1850 1952 imponitur,
1895 1903 1980 1940 Non
2012 1905 2139 1955 itaque
2182 1902 2267 1940 haec
2310 1903 2505 1954 impositio

1386 1970 1573 1995 manuum
1602 1964 1680 1993 erat
1709 1956 2000 1994 Sacramentum
2028 1956 2364 2003 confirmationis,
2404 1957 2508 2007 quod

1385 2010 1514 2047 iterari
1546 2021 1619 2046 non
1657 2018 1799 2060 potest,
1842 2010 1905 2046 sed
1949 2008 2203 2046 ecclesiastica
2246 2011 2506 2047 caeremonia.

1385 2063 1465 2101 Hoc
1496 2063 1609 2099 etiam
1638 2060 1843 2099 declaravit
1860 2062 2019 2099 Siricius
2048 2061 2152 2114 Papa
2181 2063 2220 2099 in
2242 2062 2347 2113 epist.
2369 2062 2414 2100 ad
2438 2063 2508 2101 Hi-

1384 2117 1549 2153 merium
1580 2129 1664 2166 cap.
1693 2128 1725 2152 ι.
1744 2145 1754 2162 ,
1787 2115 1852 2153 ubi
1885 2125 2082 2166 postquam
2113 2128 2259 2153 morem
2289 2115 2435 2153 alicubi
2468 2118 2508 2155 in

1386 2169 1572 2220 Hispania
1601 2169 1793 2206 invectum
1825 2167 2083 2220 rebaptizandi
2128 2167 2325 2205 haereticos
2369 2170 2513 2221 impro-

1387 2222 1532 2269 basset,
1563 2223 1613 2258 ita
1643 2220 1792 2258 subdit:
1826 2220 1932 2271 Quos
1961 2235 2034 2259 nos
2063 2234 2151 2258 cum
2169 2220 2407 2259 Novatianis
2425 2252 2434 2270 ,
2465 2235 2512 2260 a·

1392 2277 1528 2326 liisque
1556 2273 1778 2322 haereticis,
1820 2278 1919 2312 sicut
1953 2279 1994 2312 in
2023 2273 2187 2327 Synotlo
2225 2278 2508 2325 constitutum,

1391 2342 1459 2380 per
1490 2332 1779 2366 invocationem
1807 2328 1938 2365 solam
1966 2327 2209 2380 septiformis
2230 2328 2395 2377 Spiritus
2417 2328 2512 2378 Epi-

1393 2383 1561 2435 scopalis
1589 2394 1737 2419 manus
1756 2384 2003 2430 impositione
2026 2381 2315 2419 catholicorum
2344 2396 2513 2419 conven-

1395 2440 1450 2474 tui
1479 2439 1677 2474 sociamus
1696 2448 1710 2471 .·
1753 2433 1854 2485 quod
1882 2438 2008 2472 etiam
2050 2442 2151 2471 totus
2183 2433 2356 2482 Oriens,
2398 2435 2513 2471 Occi-

1397 2490 1570 2540 densque
1590 2486 1780 2526 custodit.
1812 2488 1935 2538 Atque
1965 2486 2033 2524 hoc
2063 2487 2195 2524 eodem
2225 2500 2332 2524 sensu
2353 2487 2515 2526 Sanctus

1396 2545 1474 2582 Leo
1503 2543 1604 2593 Papa
1632 2543 1670 2579 in
1700 2541 1820 2592 Epist.
1840 2539 2032 2577 CLXVII.
2052 2571 2061 2586 ,
2104 2539 2199 2577 alias
2229 2540 2277 2577 ΙΙ.
2307 2540 2354 2577 ad
2386 2540 2514 2579 Rusti-

1396 2611 1483 2636 cum
1506 2609 1591 2647 cap.
1619 2594 1704 2642 18.,
1735 2593 1767 2630 8<
1798 2592 1892 2631 alibi
1920 2594 1967 2631 de
1995 2593 2222 2645 quibusdam
2253 2593 2450 2644 baptizatis
2472 2596 2511 2632 in

1397 2649 1533 2687 haeresi
1564 2648 1784 2699 inquiebat:
1829 2646 1904 2684 Per
1933 2660 2079 2684 manus
2108 2649 2421 2696 impositionem,
2453 2652 2514 2685 izz-

1396 2711 1538 2741 vocata
1567 2705 1703 2739 virtute
1733 2701 1898 2750 Spiritus
1926 2703 2085 2749 sancti,
2128 2713 2250 2751 quam
2279 2699 2330 2738 ab
2359 2700 2515 2740 hoereti-

1393 2761 1452 2793 εἰς
1480 2758 1661 2804 accipere
1689 2768 1769 2793 non
1797 2763 2031 2805 potuerunt,
2072 2753 2274 2791 catholicis
2303 2755 2513 2805 copulandi

1395 2818 1513 2848 sunt.
1543 2809 1764 2846 Omittimus
1792 2807 1868 2845 alia
1897 2807 2065 2858 eiusdem
2095 2809 2242 2857 generis
2261 2819 2509 2858 argumenta,

1396 2862 1537 2915 quibus
1566 2862 1762 2898 manifeste
1792 2862 1996 2909 docemur,
2026 2862 2064 2899 in
2084 2860 2261 2899 Ecclesia
2288 2861 2408 2900 latina
2438 2863 2512 2899 im-

1398 2917 1622 2968 positionem
1666 2929 1883 2963 manuum,
1931 2929 2008 2966 qua
2050 2914 2333 2966 recipiebantur
2365 2914 2511 2952 haereti-

1399 2970 1460 3016 ci,
1491 2982 1558 3019 per
1586 2969 1866 3006 invocationem
1896 2967 2060 3019 Spiritus
2089 2969 2235 3017 sancti,
2283 2981 2356 3005 non
2400 2967 2512 3004 fuisse

1398 3021 1706 3060 Confirmationis
1736 3021 2058 3070 Sacramentum,
2102 3022 2166 3059 sed
2208 3030 2353 3060 tantum
2399 3032 2516 3056 caere-

1400 3077 1597 3124 moniam,
1638 3089 1716 3128 qua
1743 3076 2021 3124 denotabatur,
2055 3084 2159 3114 extra
2187 3073 2401 3113 Edclesiam
2431 3074 2512 3110 dari

2378 3126 2464 3176 qui-

1407 3225 1461 3249 tra
1487 3212 1587 3246 fidem
1615 3214 1649 3246 S.
1675 3213 1872 3259 Cypriani,
1897 3214 2019 3258 quida
2045 3213 2116 3246 suis
2135 3206 2288 3254 epistolis
2316 3219 2382 3240 non
2409 3208 2515 3241 §Unel

1406 3260 1490 3303 legit
1508 3264 1543 3293 in
1567 3264 1802 3303 poenitentiam
1820 3282 1832 3301 ,
1858 3270 1980 3296 contra
1999 3258 2099 3293 fidem
2112 3254 2252 3292 Eusebii
2269 3275 2280 3294 ,
2306 3257 2337 3286 ἃ
2362 3255 2524 3295 omniumv

1397 3315 1618 3351 scriptorum
1635 3330 1642 3339 .
