2605 3624
285 124 339 165 82
417 159 424 165 .
1038 113 1301 158 DISSERT.
1336 113 1391 157 V.
1435 112 1563 155 CAP.
1595 112 1675 156 IX.

220 229 248 248 „
277 201 319 236 sti
348 196 555 234 secuudum
576 196 748 233 ordinem
765 193 1046 234 Melchisedech
1065 224 1075 242 ,
1105 208 1192 232 cum
1223 194 1260 231 in
1289 207 1329 230 o-

223 282 249 299 „
281 251 360 287 inni
389 249 471 286 loco
499 264 520 286 a
549 248 636 286 solis
665 259 749 287 ortu
780 263 897 300 usqne
926 249 973 286 ad
1001 261 1205 294 occasum,
1249 247 1331 285 Deo

219 332 247 351 „
276 302 356 353 jam
387 303 583 340 videamus
602 302 752 351 offerri,
782 302 1015 340 sacrificium
1036 311 1161 339 autem
1179 300 1331 337 Judaeo-

219 385 246 404 „
277 369 363 392 rum
471 369 655 402 cessasse,
686 369 821 407 negare
851 370 924 393 non
958 357 1121 406 possint:
1152 354 1245 405 quid
1267 353 1330 391 ad-

218 438 245 457 „
277 408 353 447 huc
382 417 577 460 expectant
613 409 734 447 alium
764 410 955 447 Christum
986 408 1056 446 διο.
1078 405 1130 444 ''?
1178 406 1256 443 Nec
1291 418 1331 441 o·

215 461 324 511 best,
356 463 607 514 Aug-istinum
638 463 724 500 Lib.
744 463 790 499 ll.
819 472 924 500 cont.
952 465 1063 510 epist.
1085 460 1268 496 Petiliam·
1296 471 1331 494 c.

215 515 308 563 86„
338 525 402 554 aut
430 516 611 566 quosdam
642 515 734 553 alios
756 515 881 553 Patres
909 513 1116 565 aliquando
1148 511 1216 548 hoc
1246 510 1332 548 Ma-

213 567 353 608 lachiae
383 569 608 607 vaticinium
638 570 874 621 interpretari
903 568 948 605 de
977 565 1164 604 sacrificio
1183 563 1332 600 laudis.

214 622 316 666 {Yam
338 625 406 661 ista
435 624 689 673 interpretatio
718 624 873 673 propria
902 632 976 657 uon
1007 627 1085 665 est,
1115 630 1185 653 nec
1215 614 1332 651 aliam

216 675 408 723 excludit,
451 689 527 726 qua
558 677 708 726 proprie
739 674 808 711 hoc
838 672 1062 710 vaticinium
1097 669 1247 707 nonnisi
1285 667 1332 704 de

218 730 408 768 sacrificio
437 727 700 765 Eucharistico
730 725 888 775 intelligi
917 732 1061 775 potest.

268 784 360 834 492.
392 782 512 828 Haec,
543 779 696 830 aliaque
725 792 820 817 sacr.
841 777 981 827 Script.
1011 772 1166 830 oracula
1195 786 1331 824 quam-

214 849 333 888 quam
363 835 449 872 satis
469 842 597 884 aperta
616 835 687 870 sint
704 861 714 879 ,
744 845 788 869 ac
810 831 1012 882 perspicua
1028 858 1038 876 ,
1069 839 1255 876 majorem
1278 835 1331 863 ta-

212 903 301 926 men
333 887 457 925 lucem
488 893 710 922 mutuantur
738 896 782 920 ex
814 890 995 934 perpetua
1029 889 1146 918 sanct·
1176 879 1330 917 Parrum

212 942 442 985 traditione,
483 951 601 988 quam
631 938 678 974 ad
708 934 979 987 explicandum
1016 947 1241 986 germanum
1271 933 1329 970 di-

212 995 291 1030 vini
322 991 429 1030 verbi
459 1004 636 1037 sensum,
678 991 738 1027 sin
770 990 896 1026 miuus
933 988 1185 1026 necessariam
1204 1017 1214 1034 ,
1256 985 1330 1023 sal-

211 1056 288 1082 tem
320 1042 526 1095 perutilem
556 1057 660 1091 esse,
692 1043 764 1094 ipsi
794 1042 1000 1079 adversarii
1032 1041 1222 1078 fatentur.
1270 1039 1330 1076 Ex

208 1097 364 1137 §ufiuita
392 1106 518 1135 autem
537 1126 547 1143 ,
577 1109 665 1148 quae
695 1097 860 1147 supetit,
898 1104 1070 1133 veterum
1100 1094 1331 1132 testimonio-

209 1153 364 1190 niorum
394 1151 569 1201 congerie
598 1151 753 1193 nonnisi
782 1163 904 1201 pauca
932 1147 1089 1186 afferam
1109 1177 1120 1195 ,
1158 1160 1246 1198 quae
1276 1159 1331 1184 so·

210 1204 279 1242 lito
298 1205 554 1242 sectariorum
583 1203 725 1255 effugio
755 1203 893 1254 (quod
921 1201 1065 1239 scilicet
1094 1214 1166 1238 non
1193 1202 1240 1237 de
1269 1214 1332 1237 ve-

213 1271 256 1295 ro
286 1267 435 1295 externo
454 1256 644 1295 sacrificio
661 1287 671 1304 ,
701 1257 766 1294 sed
784 1256 830 1293 de
850 1257 1009 1293 internis
1039 1268 1197 1307 precum
1226 1253 1332 1291 obla-

208 1310 378 1348 tionibus
408 1309 569 1361 intelligi
597 1310 793 1358 debeant)
825 1309 929 1346 eludi
950 1321 1021 1347 uon
1049 1315 1200 1359 possunt
1218 1333 1228 1343 .
1258 1306 1333 1344 Ne-

210 1376 286 1415 que
316 1365 427 1402 etiam
465 1363 776 1401 commemorabo
806 1363 909 1400 Acta
953 1364 1150 1409 passionis
1180 1359 1220 1396 S.
1252 1360 1333 1396 An-

211 1417 350 1464 clreae,
400 1418 438 1453 in
468 1417 610 1467 quibus
638 1417 923 1466 apertissimum
954 1414 1116 1451 habetur
1150 1412 1334 1452 sacrificii

212 1468 473 1507 Eucharistici
504 1470 783 1516 testimonium,
812 1468 847 1504 8<
876 1480 964 1518 quae
994 1481 1016 1504 a
1037 1465 1166 1504 multis
1185 1467 1335 1503 Criticis

209 1522 467 1571 rejiciuntur,
496 1521 750 1559 defenduntur
779 1530 905 1560 tamen
936 1529 976 1558 ut
1002 1520 1168 1571 genuina
1197 1533 1219 1556 a
1247 1519 1335 1557 Nat.

209 1573 429 1613 Alexandro
459 1575 523 1623 (a)
542 1600 553 1613 .

262 1627 358 1679 495.
385 1626 426 1666 S.
446 1628 666 1679 Cyprianus
693 1627 804 1680 epist.
825 1626 1003 1665 LXVlll.
1032 1625 1225 1664 Christum
1257 1625 1335 1662 Do-

209 1682 390 1729 minum,
420 1681 537 1729 dicit,
569 1696 734 1732 panem,
765 1681 799 1718 8(
830 1682 960 1719 vinum
980 1710 991 1727 ,
1035 1692 1151 1716 suurn
1186 1679 1334 1716 scilicet

210 1747 372 1784 corpus,
400 1734 450 1774 ξεν
470 1739 713 1783 sanguinem
731 1765 740 1782 ,
769 1733 951 1772 obtulisse
966 1737 1071 1770 inter
1090 1732 1334 1769 coenandum

210 1797 253 1825 ut
282 1786 575 1824 [Melchisedech
604 1797 744 1840 typum
773 1787 1041 1837 adimpleret:
1085 1795 1200 1835 utque
1237 1799 1334 1822 san-

210 1845 375 1892 guinem
408 1839 549 1878 Christi·
577 1845 832 1891 propinatum
859 1852 1063 1890 possemus
1093 1838 1219 1876 bibere
1236 1865 1246 1877 .
1285 1839 1334 1877 Et

210 1893 344 1932 multis
372 1892 460 1932 alus
488 1896 528 1932 in
559 1893 651 1932 locis
680 1896 868 1933 incruenti
891 1892 1006 1945 hujus
1026 1892 1208 1931 sacrificii
1229 1906 1334 1931 men-

215 1948 359 1985 tionem
389 1947 482 1984 facit
509 1958 679 1998 apertam
699 1974 709 1986 .

268 1998 362 2051 494.
390 1998 432 2037 8.
454 2000 620 2043 Irenaeus
640 2001 729 2038 Lib.
751 2000 821 2039 IV.
850 2000 937 2038 adv.
967 1999 1064 2037 haer.
1093 2013 1180 2050 cap.
1207 2012 1267 2049 17.
1297 2013 1338 2036 a·

214 2051 288 2090 lias
309 2053 373 2091 52.
403 2051 563 2090 allatum
585 2053 796 2091 Malachiae
826 2053 1053 2091 vaticinium
1077 2053 1130 2089 ita
1145 2065 1339 2090 commen-

214 2113 342 2143 tatur:
370 2105 712 2157 Manifestis-sime
739 2106 976 2159 significans
1006 2118 1075 2155 per
1102 2104 1188 2141 ἵκεο
1206 2134 1216 2152 ,
1246 2117 1339 2153 quo-

218 2162 335 2196 niam
364 2163 469 2209 prior
498 2160 658 2209 quidem
675 2161 839 2209 populus
867 2158 1035 2197 cessabit
1056 2157 1201 2207 offerre
1223 2157 1309 2194 Deo
1324 2172 1338 2201 ‚·

216 2215 327 2249 omni
354 2220 491 2249 autem
508 2213 592 2250 loco
611 2212 860 2265 sacrificium
887 2210 1099 2260 offerretur
1118 2214 1174 2253 ei,
1203 2210 1338 2251 &hoc

214 2277 358 2315 purum
387 2265 474 2305 &a
503 2265 551 2303 Et
581 2281 668 2317 cap.
697 2280 776 2318 seq.
807 2265 951 2303 subdit:
988 2265 1112 2315 Igitur
1140 2263 1339 2301 Ecclesiae

215 2317 388 2366 oblatio,
418 2331 540 2369 quarn
564 2318 761 2357 Dominus
790 2318 919 2356 (locuit
946 2317 1086 2366 offerri
1115 2321 1155 2355 in
1183 2321 1338 2354 unit-er-

218 2385 261 2408 so
277 2371 452 2420 mundo,
480 2385 622 2422 purum
638 2371 887 2425 sacrificium
915 2381 1142 2422 reputatum
1159 2380 1218 2408 esc
1233 2369 1339 2422 apud

217 2423 351 2462 Deum
368 2455 379 2473 ,
408 2425 458 2466 ἐν
477 2436 688 2476 acceptum
717 2435 775 2464 est
803 2430 866 2464 ei.
895 2426 1023 2472 Quem
1039 2425 1078 2462 S.
1097 2425 1231 2462 lrenaei
1261 2433 1338 2461 tex-

217 2485 301 2515 tum
333 2480 426 2515 notis
456 2479 662 2518 illustravit
689 2480 819 2517 doetus
848 2478 890 2516 P.
907 2478 1048 2517 Franc.
1064 2478 1341 2516 Fevardentius

215 2530 312 2567 Ord.
330 2530 504 2569 Minorit.
521 2533 562 2570 in
591 2546 659 2569 sua
678 2534 798 2584 ipsius
814 2533 987 2584 Operum
1016 2532 1180 2569 editione
1196 2561 1208 2579 ,
1239 2528 1341 2568 mul-

216 2594 342 2622 torum
371 2583 534 2622 aliorum
564 2584 721 2622 Patrum
748 2586 972 2624 testimoniis
1010 2585 1160 2631 allati83
1203 2600 1224 2621 a
1253 2584 1341 2635 qui-

217 2636 289 2675 bus
310 2637 566 2676 exscribendis
581 2639 891 2690 supersedemus,
922 2639 1168 2677 utbreviores
1196 2639 1340 2675 simus.

273 2690 366 2742 495.
397 2691 464 2728 His
492 2693 672 2730 omnibus
699 2693 846 2730 accedit
884 2693 1069 2730 invictum
1100 2690 1199 2728 illud
1228 2703 1341 2740 argu-

221 2752 396 2780 mentum
424 2749 736 2795 praescriptionis
752 2776 762 2793 ,
788 2759 868 2797 quo
895 2747 1070 2797 superius
1099 2745 1147 2782 ad
1173 2742 1340 2795 proban-

219 2796 309 2833 dam
338 2795 478 2834 realem
506 2797 647 2836 Christi
675 2801 921 2850 praesentiam
950 2800 990 2838 in
1012 2797 1254 2837 Eucharistia
1282 2795 1342 2831 usi

218 2861 375 2893 sumus3
416 2853 655 2898 provocando
683 2852 828 2890 scilicet
856 2853 1120 2898 adversarios,
1164 2857 1204 2885 ut
1233 2847 1350 2885 nobis

220 2900 354 2952 aliqua
381 2901 583 2942 exhibeant
600 2914 849 2944 monumenta
871 2907 1079 2958 temporis,
1107 2902 1314 2941 occasionis
1330 2930 1343 2950 ,

271 3057 321 3093 (a)
343 3052 521 3086 Lutlierus
549 3055 626 3088 aliis
653 3056 843 3099 sincerior,
877 3059 969 3092 lianc
1006 3065 1164 3090 veterum
1198 3054 1345 3088 Pati-um

226 3099 455 3133 traditionem
484 3100 632 3132 inficiari
659 3114 724 3134 non
744 3103 918 3143 autlelmt3
946 3103 1003 3137 sed
1030 3103 1153 3136 ceteris
1181 3102 1344 3135 omnihus

223 3146 337 3179 multo
363 3144 527 3178 audacior
553 3158 628 3178 eam
659 3147 712 3178 his
750 3150 1041 3191 petulintissimis
1077 3147 1195 3181 verbis
1226 3157 1345 3180 conte-

225 3191 368 3225 mnehat
395 3192 431 3224 in
458 3192 535 3225 Lib.
562 3191 639 3224 adv.
669 3194 796 3235 Regem
827 3197 957 3237 Anglia‘
975 3210 983 3226 ι
1013 3193 1140 3228 Ultimo
1165 3194 1263 3226 (licta
1283 3193 1347 3227 Pa-

226 3247 311 3272 trum
338 3239 474 3271 inducie
500 3250 560 3280 pro
587 3240 766 3282 sacrificio
786 3241 976 3272 iilissarnm
1002 3241 1180 3272 statuendo
1196 3261 1206 3279 ,
1231 3246 1272 3272 (θ’
1298 3245 1347 3273 ri-

228 3286 287 3318 det
314 3297 417 3317 metim
443 3288 651 3324 stultitiam,
691 3290 743 3326 isui
772 3288 863 3318 solus
890 3288 988 3318 velim
1015 3298 1133 3328 sapere
1158 3298 1217 3327 pro
1242 3292 1349 3320 omni-

230 3332 309 3376 ljus.
353 3330 446 3365 Huic
470 3333 550 3365 dico
565 3353 577 3372 ‚
619 3332 817 3375 confirmari
841 3332 904 3365 hoc
928 3336 1062 3376 nomine
1086 3344 1190 3366 meam
1214 3341 1350 3367 senten-

1400 196 1610 231 Auctorum
1627 221 1638 239 ,
1667 207 1686 228 a
1704 190 1844 243 quibus
1860 190 1926 228 illa
1943 188 2169 229 universalis
2198 189 2366 227 doctrina
2382 218 2393 237 ,
2423 203 2513 243 quae

1398 255 1486 284 ante
1514 247 1683 297 ipsorum
1715 245 2183 295 pseudo-refermationem
2213 243 2250 280 in
2280 252 2353 281 tota
2383 243 2519 282 Eccle-

1399 302 1454 337 sia
1483 299 1564 335 sine
1593 299 1842 335 controversia
1872 298 2048 350 vigebat,
2090 306 2217 334 ortum
2258 295 2439 344 duxerit,
2478 305 2518 334 ut

1399 351 1542 388 scilicet
1565 349 1805 387 Eucharistia
1833 364 1906 388 nou
1933 351 2058 388 solum
2089 350 2290 388 haberetur
2320 358 2360 387 ut
2380 350 2518 388 Sacra-

1399 412 1572 442 mentum
1595 431 1604 449 ,
1648 415 1783 452 corpus
1803 433 1813 450 ,
1858 403 1891 439 8<
1920 407 2144 455 sanguinem
2175 403 2225 441 D.
2256 402 2306 440 N.
2335 403 2371 441 J.
2400 403 2444 440 C.
2474 403 2515 441 in

1400 470 1438 493 se
1466 457 1685 500 continens,
1727 455 1791 492 sed
1827 456 1941 493 etiam
1972 466 2010 493 ut
2038 456 2301 503 sacrificium,
2343 457 2444 508 quod
2474 457 2516 493 in

1400 521 1498 545 nova
1528 506 1610 557 lege
1640 506 1722 544 Deo
1751 507 1996 546 immolatur.
2042 509 2305 556 Quamobrem
2339 510 2520 547 omnium

1401 560 1634 598 Novatornm
1662 571 1727 596 ora
1757 561 1801 597 iis
1822 561 1947 597 verbis
1966 560 2157 599 obstruere
2178 575 2403 614 possumus,
2433 564 2521 615 qui-

1402 612 1474 650 bus
1504 611 1645 649 Vener.
1676 611 1804 649 Petrus
1837 611 1967 649 Abbas
1985 613 2249 653 Cluniacensis
2279 615 2518 654 Petrobusia·

1402 678 1537 702 norum
1573 678 1640 702 ora
1680 663 1898 702 obstruebat
1927 664 2047 715 Epist.
2081 667 2129 704 Il.
2160 669 2360 718 inquiens:
2381 699 2406 719 „
2430 669 2519 707 Res-

1400 746 1427 767 „
1457 718 1597 769 pondet
1627 717 1759 765 vobis,
1790 717 1909 755 hostes
1938 718 2040 765 Dei,
2070 717 2244 756 Ecclesia
2260 721 2356 769 Dei,
2386 738 2424 761 se
2454 738 2520 761 ne-

1401 801 1428 820 „
1458 785 1534 822 que
1561 771 1705 824 absque
1734 770 1924 809 sacrificio
1961 785 2065 819 esse,
2109 772 2177 809 nec
2213 771 2282 809 illo
2310 787 2377 811 suo
2405 778 2521 814 sacri-

1400 854 1427 874 „
1457 825 1547 862 ficio
1576 824 1722 876 aliquid
1738 823 1843 862 aliud
1861 854 1872 871 ,
1901 839 2020 876 quam
2050 837 2213 876 corpus,
2244 824 2276 861 8(
2295 830 2521 877 sanguinem

1401 908 1427 927 „
1455 880 1513 915 sui
1537 878 1796 928 Redemptoris
1824 877 1987 916 offerre.
2017 878 2137 915 Offert
2166 879 2322 931 quidem
2354 879 2420 917 illa
2441 880 2521 917 Do-

1399 961 1427 980 „
1459 932 1565 968 inino
1595 931 1674 968 Deo
1715 944 1783 967 suo
1811 931 2045 969 sacrificium
2077 932 2159 969 Deo
2186 933 2342 983 spiritus
2384 934 2522 970 coutri-

1397 1014 1424 1033 „
1459 983 1581 1021 bulaii
1605 1010 1660 1022 ....
1681 983 1788 1021 offert
1816 984 2050 1022 sacrificium
2079 983 2233 1035 justitiae
2335 985 2443 1023 offert
2466 1000 2524 1023 sa·-

1401 1067 1428 1086 „
1464 1038 1656 1075 orificium
1688 1036 1812 1075 laudis
1833 1064 1902 1076 .....
1923 1039 1986 1076 sed
2015 1037 2122 1089 longe
2164 1038 2439 1089 acceptabilius
2468 1040 2526 1076 of-

1397 1120 1426 1139 „
1458 1091 1528 1128 fert
1557 1091 1793 1129 sacrificium
1815 1121 1826 1139 ,
1857 1106 1945 1129 eum
1974 1091 2145 1139 scilicet,
2189 1093 2257 1144 qui
2286 1090 2391 1142 juxta
2422 1093 2526 1144 Apo-

1399 1173 1427 1192 „
1457 1145 1641 1182 stolorum
1672 1158 1740 1196 per
1760 1144 1948 1196 Spiritum
1978 1153 2151 1183 sanctum
2181 1147 2426 1197 semetipsum
2455 1146 2523 1182 ol)-

1402 1227 1428 1246 „
1457 1197 1543 1236 tulit
1573 1197 1862 1236 immaculatam
1882 1199 1984 1246 Deo,
2014 1207 2053 1235 ut
2082 1198 2303 1236 emundaret
2331 1200 2524 1236 conscien-

1403 1281 1429 1299 „
1460 1253 1528 1288 tias
1545 1261 1683 1290 nostras
1711 1251 1761 1289 ab
1789 1251 1971 1301 operibus
1987 1253 2143 1289 mortuis
2164 1280 2176 1299 ,
2205 1253 2251 1289 ad
2282 1252 2524 1293 serviendum

1404 1333 1430 1352 „
1462 1305 1543 1342 Deo
1574 1305 1738 1343 viventi:
1768 1304 1877 1342 offert
1903 1319 2045 1356 agnum
2078 1304 2179 1353 Dei,
2208 1306 2275 1356 qui
2306 1304 2405 1342 tollit
2435 1319 2524 1356 pec-

1402 1387 1429 1405 „
1460 1368 1542 1395 cata
1571 1359 1707 1396 mundi
1729 1384 1800 1395 .....
1820 1358 2070 1409 offertipsum
2100 1371 2169 1408 pro
2184 1361 2331 1408 seipsa:
2362 1357 2394 1393 8<
2423 1358 2526 1409 quod.

1403 1439 1429 1458 „
1462 1411 1526 1448 ille
1555 1413 1643 1449 fecit
1684 1411 1800 1449 semel
1832 1412 2057 1459 moriendo,
2101 1411 2171 1448 hoc
2200 1410 2270 1448 illa
2307 1411 2399 1449 facit
2428 1425 2526 1450 sem·

1405 1493 1432 1512 „
1463 1479 1531 1515 per
1559 1464 1779 1502 offerendo.
1800 1468 1826 1486 ‘²

1458 1517 1551 1569 496.
1584 1518 1677 1556 Haec
1697 1517 1915 1565 sufficiant,
1946 1527 1986 1555 ut
2005 1525 2214 1570 appareat,
2242 1530 2321 1569 quo
2349 1517 2436 1568 jure
2451 1518 2526 1570 Sy-

1403 1571 1521 1608 nodus
1550 1570 1726 1610 Trident.
1764 1572 2003 1610 Sess.XXlI.
2035 1586 2119 1623 cap.
2153 1585 2186 1609 1.
2217 1572 2271 1608 ita
2311 1571 2527 1609 definierit:

1403 1653 1431 1672 „
1462 1624 1581 1675 igitur
1610 1626 1740 1673 Deus,
1771 1624 2008 1664 &Dominus
2036 1634 2185 1672 noster,
2214 1625 2281 1662 etsi
2310 1624 2426 1661 semel
2455 1627 2527 1663 sei-

1402 1706 1430 1724 „
1461 1692 1571 1726 psum
1603 1679 1640 1715 in
1671 1691 1737 1716 ara
1766 1680 1914 1726 crucis,
1962 1688 2081 1716 morte
2118 1678 2401 1725 intercedente,
2445 1679 2528 1716 Deo

1402 1760 1429 1778 „
1461 1730 1559 1767 Patri
1587 1730 1785 1768 oblaturus
1812 1740 1918 1779 erat,
1964 1742 2003 1768 nt
2033 1741 2216 1768 aeternam
2259 1730 2344 1768 illic
2380 1733 2528 1768 redem-

1404 1813 1432 1832 „
1463 1785 1630 1835 ptionem
1670 1793 1915 1836 operaretur,
1962 1785 2056 1836 quia
2085 1793 2211 1821 tamen
2258 1796 2324 1834 per
2365 1793 2529 1822 mortem

1405 1866 1432 1885 „
1463 1837 1716 1875 sacerdotium
1758 1837 1842 1888 ejus
1886 1838 2187 1889 extinguendum
2231 1850 2305 1875 non
2333 1846 2444 1885 erat,
2488 1839 2528 1875 iu

1405 1919 1433 1938 „
1464 1904 1577 1929 coena
1606 1891 1838 1939 novissima,
1881 1905 1959 1942 qua
1988 1900 2096 1929 nocte
2125 1890 2372 1938 tradebatur,
2403 1899 2442 1928 ut
2471 1891 2529 1928 di-

1406 1972 1433 1992 „
1462 1942 1570 1981 leetae
1601 1957 1747 1995 sponsae
1778 1958 1857 1982 suae
1887 1944 2075 1982 Ecclesiae
2106 1944 2286 1992 visibile,
2334 1945 2430 1981 sicut
2458 1943 2527 1980 ho-

1406 2025 1434 2044 „
1465 1999 1617 2034 minum
1647 2007 1783 2034 natura
1810 1999 1954 2047 exigit,
1997 1997 2231 2048 relinqueret
2260 1997 2494 2035 sacrificium
2515 2026 2528 2046 ,

1407 2078 1433 2097 „
1463 2063 1538 2101 quo
1567 2059 1767 2087 cruentum
1797 2050 1895 2088 illud
1925 2050 2040 2088 semel
2072 2052 2238 2087 incruce
2268 2051 2528 2102 peragendum

1408 2132 1435 2151 „
1465 2112 1822 2153 repraesentaretur,
1853 2102 2011 2154 ejusque
2041 2105 2225 2141 memoria
2255 2104 2295 2140 in
2324 2103 2444 2141 finem
2467 2118 2529 2142 us-

1409 2184 1435 2204 „
1466 2170 1540 2207 que
1569 2155 1702 2194 saeculi
1740 2166 1999 2207 permaneret,
2022 2182 2107 2194 ......
2128 2156 2368 2195 Sacerdotem
2399 2171 2530 2195 secun-

1406 2238 1434 2257 „
1464 2209 1556 2246 dum
1586 2210 1760 2246 ordinem
1781 2208 2064 2248 Melchisedech
2094 2224 2132 2247 se
2163 2212 2200 2248 in
2221 2219 2410 2248 aeternum
2441 2225 2529 2249 con-

1406 2291 1434 2310 „
1455 2264 1635 2304 stitutum
1660 2261 1858 2300 declarans
1875 2293 1886 2310 ,
1915 2275 2053 2313 corpus
2069 2292 2079 2310 ,
2110 2263 2143 2298 &
2163 2265 2386 2314 sanguinem
2416 2278 2530 2302 suum

1407 2344 1433 2364 „
1464 2314 1534 2353 sub
1563 2315 1762 2366 speciebus
1791 2317 1928 2366 panis,
1973 2316 2006 2351 ἃ
2036 2318 2116 2354 vini
2147 2316 2228 2353 Deo
2257 2316 2358 2354 Patri
2390 2316 2527 2357 obtulit

1407 2398 1434 2416 „
1464 2368 1534 2406 ἃς.
1557 2370 1582 2388 “
1604 2369 1699 2406 Can.
1727 2377 1854 2407 autem
1882 2382 1915 2406 ι.
1948 2383 2040 2406 euin
2069 2368 2310 2407 anathemate
2340 2370 2528 2422 perculit,

1407 2422 1476 2472 qui
1505 2421 1671 2470 dixerit,
1718 2425 1761 2458 in
1790 2421 1926 2459 Missa
1969 2435 2050 2459 non
2076 2420 2214 2470 offerri
2246 2422 2336 2460 Deo
2372 2435 2529 2472 ver-iim,

1408 2475 1458 2514 (Ψ
1486 2478 1688 2524 proprium
1715 2474 1966 2526 sacrificium
1983 2504 1993 2521 ,
2035 2483 2107 2512 aut
2135 2474 2237 2524 quod
2280 2474 2420 2522 offerri
2447 2488 2530 2513 non

1408 2532 1461 2564 sit
1490 2527 1599 2565 aliud
1615 2557 1624 2575 ‚
1664 2540 1791 2578 quam
1819 2527 1930 2564 nobis
1961 2526 2165 2564 Christum
2189 2527 2246 2565 ad
2274 2528 2532 2566 manducan-

1410 2580 1507 2618 dum
1534 2579 1625 2617 dari
1647 2606 1658 2618 .

1463 2634 1556 2686 497.
1585 2633 1660 2671 Ob.
1689 2637 1818 2682 primo
1847 2647 1893 2672 ex
1921 2635 2037 2673 sacris
2065 2633 2220 2674 litteris.
2246 2634 2422 2673 Christus
2451 2635 2531 2673 Do-

1407 2688 1535 2724 minus
1554 2700 1688 2724 anova
1715 2701 1783 2725 sua
1813 2687 1894 2739 lege
1921 2701 2033 2726 omne
2061 2688 2297 2726 sacrificium
2327 2698 2528 2728 externum

1407 2739 1592 2778 exclusit:
1622 2749 1753 2778 notum
1783 2751 1834 2778 est
1865 2743 1967 2779 enim
1985 2771 1995 2789 ‚
2025 2743 2129 2794 quod
2155 2742 2253 2780 dixit
2282 2742 2436 2780 mulieri
2461 2742 2530 2781 Sa-

1409 2794 1609 2831 maritanae
1629 2793 1688 2831 J0.
1710 2793 1779 2832 IV.
1811 2794 1899 2833 25.:
1933 2793 2049 2833 Venit
2079 2795 2198 2844 liora,
2227 2795 2277 2836 (θ’
2305 2808 2412 2833 nunc
2441 2805 2528 2846 est,

1411 2845 1572 2897 quando
1613 2851 1692 2885 reri
1734 2847 1971 2888 adoratores
2013 2848 2239 2888 adorabunt
2281 2848 2448 2888 Patrem
2489 2853 2533 2888 in

1407 2902 1579 2950 spiritu,
1609 2900 1658 2941 (θ’
1686 2905 1880 2941 veritate.

2380 2955 2476 3010 498.

1413 3056 1517 3089 tiam.-
1543 3068 1616 3088 nam
1642 3055 1705 3089 hoc
1731 3064 1785 3090 ese
1802 3078 1813 3096 ‚
1837 3058 1924 3100 quod
1940 3059 2020 3091 dico
2038 3078 2049 3098 ‚
2075 3057 2309 3092 Tliomisticos
2334 3060 2450 3090 asinos
2475 3056 2532 3086 ni-

1413 3102 1466 3135 hil
1491 3102 1639 3142 habere,
1679 3105 1765 3147 quod
1789 3106 2004 3146 producant,
2040 3109 2113 3137 nisi
2146 3105 2393 3138 multitudinem
2423 3100 2531 3131 homi-

1413 3161 1510 3188 num,
1548 3152 1588 3180 0-
1615 3154 1784 3193 untiqnum
1808 3163 1923 3188 ristzm;
1959 3165 2021 3195 ego
2047 3164 2123 3184 vero
2149 3153 2310 3183 aduersus
2345 3149 2440 3180 dicta
2468 3145 2531 3179 Pa-

1416 3204 1526 3235 trum,
1552 3195 1742 3236 hominum,
1778 3199 1972 3240 angelorum
1987 3220 1998 3238 ,
2034 3199 2213 3231 daemonnm
2235 3207 2321 3240 pono
2349 3205 2415 3225 non
2439 3196 2532 3225 anti-

1416 3255 1510 3285 quum
1534 3254 1650 3282 usum,
1677 3256 1740 3275 non
1765 3245 2016 3277 multitudinem
2041 3245 2219 3283 hominum,
2245 3241 2308 3275 secl
2324 3239 2531 3285 Majestatis

1416 3297 1549 3324 «ξενικοῦ
1576 3290 1706 3324 verbum
1729 3292 1979 3334 evangelicum.
