2605 3624
987 107 1255 156 DrssEnr.
1269 107 1303 153 1.
1336 107 1465 151 0111».
1482 107 1559 153 1v.
2299 122 2347 164 ,5

158 214 249 242 roo.
278 198 417 250 Resp.,
445 191 610 232 dubium
638 203 712 229 non
739 202 818 229 esse
835 218 845 238 ,
875 201 922 227 au
942 189 1153 235 sacrificia,
1180 186 1216 224 &

101 261 339 296 sacramenta
367 251 406 287 in
437 247 551 286 veteri
582 252 801 283 testamento
821 243 1058 294 prodessent5
1087 241 1151 279 sed
1171 254 1219 279 an

108 308 321 362 prodessent
361 314 413 342 ex
434 311 556 351 vopere
582 307 772 349 operato,
815 295 873 335 vel
904 309 957 334 cx
986 308 1102 345 opere
1129 308 1220 345 ope·

108 357 272 400 rantt's?
314 354 438 395 Allata
473 362 600 391 autem
638 348 846 403 exempla,
888 350 921 385 &
966 349 1084 387 multa
1122 347 1224 394 alia,

104 426 194 467 qua
215 409 340 450 afferri
358 415 503 461 possent
520 436 530 454 ,
562 406 741 444 evincunt
756 403 914 456 quidem
933 432 943 450 ,
971 402 1117 439 utiliter
1135 402 1225 438 suis-

108 481 148 506 se
174 463 360 504 sacrificia
390 460 471 499 Deo
497 458 624 498 oblata
646 488 657 506 ,
692 471 767 495 non
797 466 921 494 0111010
952 457 1033 507 ipsa
1062 455 1223 506 gratiam

107 520 248 560 virtute
274 530 343 554 sua
370 511 572 552 contulisse
589 538 600 549 .

165 584 255 609 101.
284 565 465 607 Secundo
492 566 626 617 objicit
646 563 827 602 Calvinus
842 561 1049 599 achilleum
1068 591 1077 608 ‚
1101 568 1139 598 ut
1155 575 1225 612 pu·

104 632 189 672 101,
232 623 280 662 ad
307 619 558 660 Scholasticos
588 619 776 656 feriendos
805 616 922 654 telum
941 645 951 663 ,
981 628 1031 652 ex
1061 613 1140 652 illis
1171 616 1221 652 A·

159 675 241 715 stoli
270 674 397 715 verbis
421 675 465 711 10
483 673 610 726 prima
626 672 671 709 ad
687 672 773 708 Cor,
792 669 841 707 X.
860 669 896 708 5.
914 698 926 717 ,
958 669 1022 706 ubi
1039 669 1084 705 de
1105 668 1221 704 lsrae-

106 691 190 769 fiiis
216 730 379 769 dicitur:
411 725 564 765 Omnes
593 723 780 763 eamdem
808 735 948 760 escam
976 721 1222 771 spiritualem

106 781 375 837 (nobiscum)
406 777 749 818 manducaverunt
764 789 778 812 .·
806 776 855 816 <9⁶
876 787 1023 812 >omnes
1036 773 1228 812 eumdem

110 846 246 890 potum
289 834 508 886 spiritalem
550 830 749 869 biberunt.
794 827 944 876 Quibus
970 827 1128 874 verbis,
1168 828 1228 865 in—

109 892 194 944 quit
213 887 418 933 Calvinus,
449 883 587 923 Paulus
617 882 801 922 israelitas
832 883 870 919 in
890 881 1147 919 Sacramentis
1162 893 1228 919 no-

109 944 171 982 bis
193 955 306 996 ‚pares
335 939 447 979 facit:
477 951 594 990 quam
610 934 753 974 habeut
770 944 890 972 nostra
907 937 1081 973 virtutem
1101 963 1111 980 ,
1137 947 1226 971 eam

112 1009 266 1050 quoque
295 992 449 1032 Hebraei
479 994 519 1029 iu
545 991 624 1029 suis
647 988 884 1036 sentiebant,
928 996 969 1026 ut
996 986 1140 1026 scilicet
1170 1001 1226 1025 es-

110 1058 190 1088 sent
217 1047 296 1087 illis
323 1046 464 1084 divinae
493 1057 580 1096 erga
608 1056 646 1082 se
675 1041 953 1081 benevolentius
984 1040 1135 1094 sigilla,
1183 1042 1226 1080 in

104 1114 213 1156 opem
243 1109 396 1139 aeternae
425 1097 581 1138 salutis.

172 1168 261 1193 102.
291 1153 405 1206 Resp.
433 1156 587 1205 primo,
624 1149 764 1189 frustra
793 1162 860 1187 nos
888 1148 935 1186 ad
965 1147 1066 1186 hunc
1096 1149 1224 1187 locum

140 1209 335 1256 rovocari,
377 1207 418 1245 in
445 1217 523 1258 quo
550 1216 673 1243 sermo
701 1216 777 1241 non
807 1212 860 1241 eet
895 1202 942 1239 de
969 1201 1226 1241 sacramentis

156 1262 288 1300 osaicis
305 1286 317 1299 .
345 1259 592 1300 Sacramenta
614 1258 724 1296 'enim
754 1257 847 1309 ipsis
870 1255 1078 1294 fatentibus
1093 1257 1228 1295 adver-

107 1316 216 1354 sartis
245 1314 383 1352 debent
411 1326 489 1352 esse
517 1312 621 1364 signa
649 1310 933 1362 permanentia,
963 1308 1224 1361 &perennia,

108 1368 325 1420 cujusmodi
354 1375 452 1406 certe
480 1378 552 1404 non
572 1365 900 1410 fueruntrnanna,
930 1363 1106 1415 &aqua,
1135 1375 1225 1415 quas

109 1421 225 1460 'fluxit
254 1421 298 1458 de
328 1429 454 1472 petra:
481 1427 587 1457 erant
617 1419 729 1470 igitur
758 1417 892 1469 figurae
924 1426 1133 1454 nostrorum
1158 1417 1227 1455 Sa-

109 1482 394 1513 cramentornm
412 1503 423 1521 ,
453 1486 528 1510 non
558 1473 640 1523 ipsa
668 1470 913 1509 Sacramenta
934 1469 1133 1516 Mosaiea3
1162 1483 1229 1507 011-

110 1526 281 1580 jusmodi
311 1526 426 1564 fuisse
455 1526 552 1564 infra
580 1525 750 1563 dicemus
779 1524 1114 1563 circumcisionem
1132 1553 1142 1570 ‚
1171 1537 1228 1561 sa-

112 1580 261 1619 crificia
277 1610 288 1628 ,
319 1580 546 1632 expiationes
562 1608 572 1627 ‚
602 1577 636 1614 8<
665 1591 806 1630 agnum
826 1576 1044 1630 paschalem
1064 1603 1073 1614 .
1104 1575 1228 1614 Dein-

113 1634 163 1672 de
189 1632 372 1673 Calvinus
401 1633 543 1672 addidit
570 1631 617 1669 de
637 1645 702 1668 suo
723 1630 830 1668 illam
851 1643 982 1668 vocem
1000 1628 1224 1676 nobiscnm,

113 1699 204 1739 quae
227 1699 308 1724 11011
336 1685 460 1724 30111111
489 1686 588 1722 deest
617 1685 732 1721 textui
764 1682 948 1729 Pauline,
978 1682 1041 1720 sesi
1072 1684 1142 1733 ipsi
1171 1695 1229 1718 re-

111 1747 284 1791 pugnat.
323 1739 507 1790 Loquitur
536 1738 640 1776 enim
670 1736 808 1773 Paulus
838 1736 883 1772 de
911 1735 998 1772 solis
1028 1734 1230 1781 Israelitis,

117 1794 185 1844 qui
214 1804 343 1829 ornnes
371 1792 546 1828 eamdem
589 1802 710 1825 escam
749 1787 986 1839 spiritualem
1025 1788 1232 1825 manduca-

119 1853 281 1890 verunt,
311 1841 454 1880 scilicet
483 1855 648 1889 manna,
678 1841 932 1892 eumdemque
962 1850 1088 1891 potum
1115 1840 1231 1891 spiri-

120 1895 265 1933 rualem
297 1895 497 1943 biberunt,
527 1907 662 1945 nempe
690 1907 807 1944 aquas
834 1894 880 1929 de
902 1902 1006 1943 petra
1027 1893 1233 1930 scaturien-

123 1955 199 1997 tes,
242 1946 275 1983 &
303 1955 429 1985 tamen
471 1959 551 1984 non
579 1950 620 1982 in
645 1944 817 1995 pluribus
846 1957 982 1982 eorum
1012 1945 1232 1996 beneplaci-

115 2009 201 2040 tum
217 1999 304 2053 suit
333 1998 446 2047 Deo,
483 2000 575 2051 quia
602 2011 677 2036 non
704 2011 835 2037 omnes
863 2011 951 2036 cum
982 1997 1057 2036 fide
1087 2001 1126 2037 in
1156 1997 1233 2036 Do·

119 2056 270 2094 minum
299 2053 426 2091 Jesurn
454 2051 649 2090 Christum
679 2051 1032 2100 manducaverunt,
1064 2051 1098 2087 &
1122 2051 1234 2090 bibe-

120 2115 206 2147 runt
223 2137 234 2155 ‚
262 2106 297 2143 81
325 2114 526 2159 propterea
553 2108 597 2142 in
625 2105 778 2143 deserto
803 2109 992 2154 prostrati
1021 2113 1139 2144 sunt.

178 2159 265 2199 103.
295 2159 428 2213 Neque
455 2159 597 2207 refert,
626 2158 683 2197 ibi
713 2173 860 2207 escam,
889 2158 923 2196 &
954 2168 1083 2211 potum
1105 2158 1233 2198 vocari

120 2213 366 2265 spiritualem
381 2227 397 2258 ;
426 2214 477 2251 ita
506 2213 608 2251 00101
639 2222 844 2265 utrumque
864 2214 1012 2250 vocavit
1033 2212 1235 2264 Apostolus

119 2267 263 2306 ratione
302 2267 486 2318 originis,
527 2266 621 2319 quia
649 2280 791 2307 manna
829 2266 1011 2318 stupendo
1049 2266 1237 2304 miraculo

123 2319 224 2373 pluit
251 2320 297 2358 de
325 2318 451 2366 coe105
494 2319 594 2358 unde
623 2320 737 2358 etiam
765 2321 805 2358 in
835 2318 975 2358 Psalm.
993 2318 1236 2359 LXXXVII.

119 2382 277 2412 vocatur
303 2377 419 2423 panis
433 2372 675 2426 Angelorum
692 2404 704 2423 ,
731 2375 824 2426 quia
855 2371 1088 2424 Angelorum
1119 2373 1234 2411 mini-

121 2428 236 2465 sterio
260 2426 346 2466 data
375 2435 451 2466 est:
487 2441 588 2480 aqua
616 2440 705 2469 vero
733 2428 780 2466 ad
809 2427 1089 2476 percussionem
1120 2425 1235 2479 Moy·-

121 2480 173 2518 sis
195 2480 247 2525 ,de
275 2489 380 2533 petra
399 2480 604 2520 durissima
624 2481 775 2534 erupit.
805 2479 907 2529 Vel,
937 2489 977 2518 ut
992 2479 1155 2518 Liranus
1170 2493 1235 2518 ex-

151 2533 254 2582 ouit,
284 2533 481 2586 Apostolus
510 2536 656 2573 vocavit
683 2547 811 2573 escam
839 2533 873 2570 &
905 2543 1035 2585 potum
1049 2537 1236 2585 spiritua·

139 2599 230 2635 em,
258 2588 350 2640 quia
378 2587 540 2640 mystice
566 2597 735 2627 nostrum
763 2586 1054 2626 Sacramentum
1084 2586 1235 2626 Eucha-

121 2639 238 2678 ristiae
253 2641 553 2693 praesignabaut,
583 2643 623 2680 in
651 2654 728 2694 quo
754 2654 842 2680 caro
860 2640 1095 2678 JesuChristi
1112 2655 1236 2679 come·

121 2691 246 2742 ditur,
275 2692 433 2748 ejusque
452 2696 745 2747 pretiosissimus
770 2695 919 2746 sanguis
936 2693 1103 2740 bibitur,
1135 2695 1238 2746 quod

128 2743 324 2802 Alpostolus
353 2747 453 2786 infra
478 2761 576 2788 vers.
603 2747 662 2788 16.
693 2747 726 2784 8<
754 2761 833 2801 seq.
861 2747 1052 2787 declarat:
1096 2747 1163 2786 ubi
1199 2761 1239 2786 e·

131 2802 225 2834 tram
252 2800 458 2840 notandum
487 2810 565 2851 est,
590 2814 665 2841 non
694 2803 816 2854 ipsam
837 2815 1004 2853 aquam,
1035 2801 1096 2840 sed
1116 2802 1240 2854 potius

133 2856 306 2900 petram,
333 2853 432 2892 uude
459 2869 560 2908 aqua
588 2855 722 2904 fluxit,
751 2855 866 2893 fuisse
884 2853 1024 2893 Christi
1053 2854 1240 2906 figuram,

134 2899 170 2936 ἃ
200 2910 359 2953 typum:
401 2905 520 2946 Petra
548 2918 687 2948 autem
715 2917 803 2947 erat
835 2907 1009 2946 Christus
1025 2923 1039 2953 ;
1082 2908 1152 2946 hoc
1189 2917 1242 2946 est

131 2961 240 3014 petra
268 2953 457 2996 Christum
482 2961 778 3016 praefigurabat,
809 2975 852 3001 ex
880 2975 960 3015 quo
988 2961 1243 3000 saluberrima.

131 3005 249 3045 fluxit
277 3020 378 3057 aqua
403 3009 612 3061 Baptismi.

193 3058 281 3105 104.
312 3059 489 3113 Denique
521 3077 597 3114 qua
625 3067 746 3106 fronte
784 3081 948 3108 asserere
976 3068 1086 3107 audet
1114 3067 1243 3107 Calvi-

134 3125 210 3152 nus
228 3141 238 3157 ,
283 3110 451 3150 Paulum
469 3113 624 3166 fecisse
650 3118 854 3159 Israelitas
893 3125 936 3159 in
964 3121 1244 3160 sacramentis

135 3164 248 3204 nobis
275 3178 394 3217 pares
410 3195 421 3213 ,
450 3180 537 3204 cum
565 3167 735 3207 Christus
753 3172 942 3212 Dominus
961 3177 1173 3214 maximam
1188 3175 1246 3213 di-

133 3220 354 3271 sparitatem
383 3220 626 3270 assignaverit
655 3222 751 3259 inter
778 3224 888 3263 illum
916 3227 1071 3277 cibum,
1114 3229 1147 3266 81
1184 3241 1251 3281 po-

138 3277 220 3309 tum
238 3301 249 3320 ,
277 3285 394 3325 quem
422 3272 528 3312 Deus
556 3274 656 3312 dedit
686 3273 864 3313 Israelitis
893 3278 932 3314 in
950 3279 1121 3330 deserto,
1149 3281 1184 3319 81
1206 3280 1252 3320 11·

139 3318 250 3374 lum,
289 3339 405 3379 quem
433 3327 514 3380 ipse
543 3327 652 3368 uobis
679 3328 837 3369 daturus
864 3336 942 3369 erat
968 3331 1009 3370 in
1034 3336 1251 3386 augustissi-

1287 199 1350 225 mo
1379 187 1625 225 sacramento
1654 184 1938 228 Eucharistiae?
1970 190 2084 242 Ego,
2116 194 2238 248 inquit
2256 195 2317 236 Jo.
2335 197 2406 237 Vl.

1288 237 1354 286 43.
1383 254 1461 291 seq.
1480 270 1491 288 ‚
1521 253 1609 277 sum
1636 243 1755 289 panis
1783 245 1898 280 vztoe.
1931 242 2069 283 Patres
2100 253 2213 288 vestri
2233 251 2403 289 mandu-

1291 301 1481 331 caverunt
1509 305 1667 330 manna
1687 296 1729 330 in
1748 291 1900 331 deserto
1915 325 1925 342 ,
1955 298 2003 336 <9-
2026 306 2166 339 mortui
2182 312 2295 342 sunt.
2325 303 2406 344 Hit:

1293 355 1351 386 est
1381 349 1498 396 panis
1527 345 1574 383 cle
1604 346 1704 384 caelo
1732 345 2005 385 descendens:
2035 360 2074 388 ut
2095 367 2126 389 st
2146 359 2230 404 quis
2249 369 2302 396 ex
2321 360 2406 408 ipso

1294 398 1620 448 manducas-eric,
1650 412 1731 437 non
1760 404 1954 439 moriatur
1973 425 2032 439 ....
2065 403 2166 442 Caro
2196 421 2288 449 mea
2316 423 2406 450 vere

1292 461 1350 491 est
1379 452 1484 491 cibus
1504 483 1516 501 ,
1544 453 1593 494 <9¹
1622 457 1787 505 sanguis
1816 467 1927 492 meus
1956 467 2043 493 vere
2073 467 2130 493 esc
2159 470 2295 508 potus.
2328 464 2406 514 Qud

1293 505 1514 544 manducat
1545 519 1682 545 meam
1712 520 1881 544 carnem
1899 538 1909 554 ,
1953 509 2002 548 Θ
2031 507 2118 546 bihtc
2148 525 2281 551 meum
2309 530 2405 556 san·

1293 563 1454 613 guinem
1478 590 1488 606 ‚
1518 564 1558 596 in
1589 573 1652 596 me
1682 569 1848 608 manet,
1878 563 1926 602 ζ’)
1956 575 2027 613 ego
2056 567 2098 599 in
2128 564 2219 603 illo.

1348 614 1437 651 105.
1469 614 1556 651 lust.
1586 613 1626 651 S.
1659 614 1888 664 Augustinus
1918 613 2214 656 'ſtraet-XXVI.
2243 619 2283 658 in
2297 617 2408 661 Joan·

1289 681 1330 706 n.
1348 677 1413 705 12.
1442 665 1557 704 Tom.
1576 666 1641 704 111.
1672 667 1865 718 explicans
1892 667 2012 707 verba
2039 669 2128 707 Jesu
2156 671 2299 711 Christi
2320 688 2407 715 mon

1292 719 1438 768 relata,
1485 718 1605 757 Hunc
1632 732 1781 770 panem
1799 750 1809 768 ,
1841 721 1993 772 inquit,
2022 722 2260 776 sIgnific-‹wit
2291 739 2411 765 man-

1296 786 1377 821 na,
1407 773 1508 811 hunc
1538 786 1689 825 panem
1718 773 1955 826 significavit
1986 775 2118 814 altare
2136 776 2233 817 Dei.
2263 777 2414 818 Sacra-

1295 836 1437 865 menta
1466 827 1535 864 illa
1553 826 1753 877 suerunt:
1797 831 1838 864 in
1867 831 1990 880 signis
2027 828 2181 869 diversa
2209 841 2300 870 sunt
2318 863 2329 882 ‚
2370 839 2412 873 in

1296 893 1340 918 re
1357 911 1367 928 ,
1395 893 1486 931 quae
1514 880 1766 933 significatur
1782 910 1792 928 ‚
1822 886 1940 931 paria
1961 890 2072 921 sunt.
2103 882 2184 923 Post
2204 895 2330 926 autem
2347 887 2412 925 ad-

1295 933 1438 972 ducens
1467 935 1584 971 verba
1616 933 1785 984 Apostoli
1822 948 1853 973 1.
1875 935 2049 974 Corinth.
2070 936 2123 975 X.
2153 941 2328 989 superius
2347 939 2415 980 ob-

1293 985 1415 1038 jecta,
1444 987 1593 1026 subdit:
1627 986 1778 1024 Omnes
1811 986 1997 1026 eamdem
2032 1002 2170 1028 escam
2191 994 2416 1041 spiritalem

1294 1040 1661 1078 manducaverunt:
1690 1041 1908 1090 spiritalem
1924 1045 2051 1091 utique
2066 1044 2255 1083 eamdem
2265 1061 2280 1090 ;
2314 1059 2417 1086 nam

1295 1094 1544 1143 corporalem
1565 1095 1767 1137 alteram,·
1787 1098 1879 1144 quia
1899 1095 1953 1131 illi
1975 1108 2136 1134 manna
2153 1127 2162 1144 ,
2182 1111 2255 1137 nos
2274 1099 2386 1138 aliud
2399 1114 2416 1138 .-

1296 1148 1514 1196 spiritalem
1561 1159 1677 1194 vero,
1720 1160 1844 1196 quam
1873 1159 1944 1185 nos
2059 1149 2108 1189 <9¹
2137 1163 2276 1189 omnes
2306 1167 2416 1192 eum·

1296 1201 1388 1239 dem
1429 1209 1563 1250 potum
1605 1200 1827 1250 spiritalem
1857 1198 2058 1239 biberunt.
2102 1202 2219 1242 Aliud
2246 1206 2327 1253 illi,
2370 1220 2418 1244 α.

1296 1253 1376 1292 liud
1404 1267 1503 1302 nos,
1546 1252 1617 1292 sed
1645 1257 1772 1302 specie
1801 1253 1961 1303 visibili,
1997 1253 2105 1305 quod
2133 1265 2300 1306 tamen,
2343 1258 2418 1300 hoc

1295 1307 1401 1346 idem
1430 1306 1680 1359 significaret
1708 1310 1845 1344 virtute
1873 1308 2061 1359 spiritali.
2092 1309 2196 1349 Idem
2227 1313 2359 1362 repetit
2378 1313 2422 1351 S.

1293 1361 1403 1400 Pater
1433 1362 1472 1399 in
1504 1359 1785 1399 Ps.LXXV11.
1815 1374 1923 1399 num.
1948 1374 1983 1399 2.
2015 1361 2149 1401 T.1V.
2167 1393 2177 1411 ,
2208 1364 2276 1403 ubi
2296 1366 2420 1418 expli-

1297 1427 1387 1454 cans
1430 1415 1499 1466 qui
1529 1415 1706 1452 eumdem
1744 1414 1877 1452 cibum
1914 1415 2126 1465 spiritalem
2165 1418 2422 1457 manducave·

1294 1477 1387 1506 runt
1405 1468 1475 1506 &c.
1492 1497 1502 1514 ‚
1519 1469 1732 1519 ‘expressius
1747 1467 1860 1505 dicit:
1895 1467 1992 1505 Cum
2009 1478 2139 1506 essent
2154 1475 2294 1510 omnia
2309 1484 2420 1510 com.

1296 1525 1441 1559 munia
1470 1521 1746 1559 Sacramenta
1768 1550 1778 1567 ,
1805 1533 1888 1557 non
1917 1525 2140 1558 communis
2169 1532 2258 1560 erat
2286 1529 2418 1563 omni.

1298 1573 1365 1612 bus
1393 1576 1535 1625 grat-ia,
1565 1587 1654 1625 quae
1684 1573 2045 1611 sacramentorum
2066 1577 2183 1613 virtus
2203 1585 2288 1616 est.
2321 1578 2421 1618 Hinc

1299 1627 1412 1679 plura
1441 1626 1719 1664 concluduntur
1739 1635 1867 1663 contra
1887 1638 1975 1663 nos:
2003 1630 2132 1675 primo
2148 1657 2158 1675 ,
2189 1643 2328 1669 manna
2344 1662 2354 1680 ,
2385 1631 2421 1668 ἃ

1299 1693 1439 1730 aquam
1468 1679 1514 1716 de
1544 1687 1649 1730 petra
1679 1679 1794 1716 fuisse
1823 1678 2068 1718 Sacramenta
2099 1680 2295 1732 Mosaica,
2327 1686 2422 1738 quia

1299 1731 1371 1769 1100
1400 1733 1555 1770 nomine
1584 1731 1651 1768 illa
1671 1732 1711 1769 S.
1728 1729 1835 1769 Pater
1855 1732 2047 1783 appellat:
2076 1735 2274 1784 secundo,
2305 1738 2423 1776 Israe-

1301 1783 1385 1822 litas
1415 1784 1591 1821 eumdem
1613 1784 1744 1822 cibum
1763 1813 1773 1831 ,
1804 1782 1838 1820 ἃ
1856 1793 1985 1836 potum
2003 1784 2179 1825 habuisse
2195 1789 2395 1828 nobiscum
2408 1805 2424 1830 :

1299 1837 1401 1890 quod
1430 1836 1577 1888 colligit
1605 1836 1803 1875 S.Doctor
1832 1850 1876 1876 ex
1907 1851 1948 1876 eo
1967 1866 1976 1883 ‚
2005 1839 2107 1892 quod
2138 1842 2337 1894 Apostolus
2365 1844 2425 1882 di-

1298 1892 1426 1928 xerit:
1458 1888 1598 1927 Patres
1627 1893 1778 1939 nostri,
1806 1902 1889 1929 non
1916 1901 2053 1942 patres
2080 1893 2264 1933 illorum:
2307 1900 2423 1937 tertio

1300 1943 1548 1982 Sacramenta
1577 1942 1670 1992 illa,
1713 1945 1892 1996 quamvis
1928 1947 1968 1984 in
2009 1947 2124 1998 signis
2153 1949 2299 1988 diversa
2326 1952 2426 2001 sint,

1302 1999 1343 2035 1η
1371 2009 1415 2035 re
1445 2006 1571 2035 tamen
1596 1997 1814 2049 *significata
1842 1999 1892 2040 (9·
1912 2002 2048 2038 9111010
2075 2006 2195 2051 paria
2215 2016 2330 2042 esse:
2359 2018 2427 2056 po·

1301 2059 1490 2098 stremo,-
1525 2052 1688 2103 gratiam
1731 2052 1848 2090 fuisse
1887 2061 2058 2092 veterum
2089 2053 2427 2098 sacramentorum

1297 2107 1512 2151 virtutem,
1542 2119 1607 2144 seu
1637 2104 1840 2152 effectum,
1871 2114 1910 2144 ut
1941 2107 1978 2144 10
2008 2109 2140 2147 nostris
2169 2112 2380 2163 contingit.

1361 2157 1450 2196 106.
1479 2155 1616 2210 Resp„
1646 2172 1848 2211 perperam
1868 2159 2076 2199 Calvtnum
2094 2191 2104 2209 ,
2126 2161 2285 2216 ejusque
2305 2173 2423 2204 secta·

1302 2211 1378 2250 rios
1408 2224 1452 2249 ex
1484 2211 1554 2250 11οο
1583 2211 1663 2250 3010
1690 2212 1731 2251 S.
1749 2213 1949 2265 Augustini
1980 2214 2064 2252 loco
2092 2217 2332 2269 triumphum
2361 2230 2425 2256 00-

1303 2278 1422 2314 nere,
1471 2279 1561 2304 cum
1591 2266 1631 2304 in
1658 2264 1743 2304 aliis
1773 2266 1864 2304 locis
1891 2266 1990 2305 bene
2018 2268 2146 2306 multis
2189 2269 2312 2318 (Vid.
2342 2283 2429 2323 sup.

1301 2331 1414 2357 1111111.
1435 2317 1502 2356 86.
1524 2320 1539 2368 )
1570 2320 1770 2372 perspicue
1798 2320 1996 2367 docuerit,
2026 2329 2154 2359 nostra
2180 2321 2426 2363 Sacramenta

1303 2385 1378 2410 non
1409 2372 1541 2410 eadem
1569 2385 1648 2410 esse
1684 2385 1773 2410 011111
1802 2372 2055 2410 Sacrameutis
2083 2371 2292 2425 mosaicis,
2335 2377 2428 2428 quis.

1302 2435 1430 2464 nostra
1445 2424 1544 2463 (lant
1558 2425 1730 2463 salutem
1742 2455 1753 2473 ,
1774 2424 1844 2462 illa
1861 2423 2145 2476 promittebant
2160 2428 2428 2480 Stlvatorem,

1304 2479 1344 2518 in
1374 2479 1452 2517 illis
1481 2478 1590 2518 nulla
1619 2488 1697 2517 erat
1724 2482 1901 2528 expiatio
1918 2489 2203 2530 peccatorum,
2234 2497 2304 2522 nec
2325 2493 2429 2535 pote-

1304 2540 1390 2569 rant
1419 2531 1485 2570 illa
1512 2535 1687 2582 peccatis
1705 2530 1858 2570 mederi
1873 2557 1885 2571 .
1914 2532 2119 2582 Quomodo
2138 2536 2252 2587 igitur
2270 2537 2430 2588 eadem,

1303 2595 1370 2626 aut
1396 2587 1505 2636 paria
1534 2584 1646 2624 sunt?

1366 2651 1453 2690 ¹07·
1483 2638 1540 2676 Ne
1568 2639 1696 2691 itaque
1724 2637 1764 2677 S.
1781 2635 1983 2679 Doctorem
2013 2654 2142 2680 secum
2174 2642 2255 2695 ipso
2283 2657 2431 2696 pugna·

1306 2705 1347 2730 re
1374 2692 1587 2783 fingamus,
1608 2692 1824 2733 dicendum
1860 2701 1912 2731 est
1940 2697 2067 2743 primo
2083 2725 2094 2744 ,
2125 2695 2180 2734 ibi
2201 2698 2329 2735 minus
2346 2710 2431 2748 pro·

1306 2746 1390 2798 prie
1450 2749 1679 2784 aeramenti
1707 2759 1847 2785 nomen
1867 2745 2044 2786 tribuisse
2064 2761 2238 2798 mannae,
2269 2750 2302 2787 8t
2323 2752 2433 2802 aquis

1306 2799 1355 2837 de
1383 2808 1490 2852 petra
1519 2798 1837 2852 erumpentibus3
1865 2813 1957 2839 nam
1978 2801 2122 2840 ibidem
2142 2803 2343 2856 conjungit
2360 2816 2433 2841 nu-

1309 2851 1397 2891 bem
1415 2884 1426 2902 ,
1456 2852 1527 2892 sub
1556 2866 1633 2906 qua
1662 2852 1844 2892 Israelitae
1873 2853 2053 2903 suerunt,
2097 2854 2132 2893 8<
2162 2868 2301 2904 mare,
2329 2856 2433 2910 quod

1308 2908 1564 2953 transierum3
1610 2918 1700 2959 quae
1728 2906 1806 2944 duo
1833 2915 1933 2945 certe
1960 2909 2061 2947 veris
2083 2908 2342 2949 'Sacrameutis
2371 2923 2435 2949 ac-

1309 2962 1456 2999 censeri
1489 2967 1711 3012 nequeunt3
1740 2973 1904 3012 quorum
1938 2962 2043 3014 signa
2076 2965 2340 3016 permanentia
2359 2976 2436 3002 esse

1306 3013 1477 3062 debent,
1507 3027 1581 3051 non
1610 3014 1850 3062 transitoria,
1880 3022 1920 3052 ut
1949 3015 2016 3053 illa
2046 3016 2227 3057 fuerunt.

1372 3066 1460 3106 108.
1490 3064 1674 3104 Secundo
1707 3065 1790 3104 vult
1820 3068 1976 3119 quidem
1995 3097 2005 3117 ,
2048 3068 2191 3108 Patres
2222 3070 2275 3109 ibi
2305 3069 2354 3110 ab
2383 3068 2433 3107 A·

1311 3120 1458 3174 postolo
1485 3129 1796 3158 commemoratos
1824 3121 1902 3159 dici
1932 3131 2088 3161 nostros
2103 3138 2119 3168 ;
2148 3138 2280 3163 verum
2311 3123 2433 3162 nomi-

1317 3188 1363 3212 ne
1395 3171 1551 3213 Patrum
1570 3181 1782 3212 nostrorum
1811 3185 1887 3212 non
1909 3174 2085 3228 iutelligit
2104 3190 2166 3216 eos
2183 3190 2313 3216 omnes
2328 3205 2338 3224 ,
2395 3174 2432 3211 υἱ

1317 3241 1460 3267 manna
1488 3226 1758 3275 comederunt,
1788 3236 1851 3265 aut
1879 3241 1998 3280 aquas
2026 3228 2232 3276 biberunt,
2260 3230 2319 3268 sed
2352 3228 2374 3264 il
2393 3237 2433 3263 00

1318 3280 1440 3330 110103,
1469 3281 1537 3334 qui
1557 3281 1839 3329 comederunt,
1881 3280 1915 3317 &
1946 3282 2126 3321 biberunt
2155 3281 2432 3333 spiritualiter,

1318 3335 1414 3376 idest
1441 3346 1531 3374 cum
1559 3333 1638 3374 fide
1665 3335 1706 3374 in
1736 3332 2027 3388 Redemptorem
2055 3344 2224 3376 nostrum
2240 3363 2252 3383 ,
2279 3343 2366 3421 qud&
2386 3329 2434 3369 fi·

2349 3395 2388 3421 es
