2605 3624
757 153 836 198 DE
873 149 1104 196 VETERI
1138 151 1741 199 CATECHUMENATU.

83 241 283 296 inquiens:
330 237 570 280 scrutinium
601 231 696 270 nihil
725 232 835 270 uliud
864 242 948 280 est,
993 246 1116 283 qiutm
1148 232 1209 286 fi-

85 296 149 334 det
206 298 255 338 (9-
283 295 355 332 reli
383 294 482 329 ionis
501 288 742 326 Christianae
769 290 994 337 inquisitio:
1025 295 1080 324 est
1100 291 1210 325 enim

87 327 203 406 qua’si
232 307 430 400 qttotidi'im
460 346 561 391 iter,
605 354 673 378 seu
701 343 946 390 praeparatio
987 339 1042 377 ιιιί
1085 338 1209 390 bapti-

84 416 240 449 smum,
268 401 317 441 (9·
347 397 486 436 dicitur
514 410 542 434 a
571 393 789 434 scrutando
807 424 817 442 ,
847 393 941 432 itlest
975 393 1210 445 inquirendo

88 457 174 498 (9²0.
192 455 319 502 Quam
336 450 606 505 etymologiam
626 448 779 486 exhibet
800 449 914 486 etiam
935 448 1080 486 liituale
1095 448 1211 485 Card.

86 508 273 549 Sanctorii
303 505 375 544 sub
404 506 589 555 Gregorio
607 502 711 541 Xlll.
743 502 886 539 etlitum
905 504 958 540 tit.
990 500 1053 540 De
1081 501 1211 541 obser-

89 560 229 605 vandis
259 564 300 599 in
327 559 536 613 generali,
565 559 810 608 solemnique
839 554 1036 606 baptismo
1066 555 1129 605 (a)
1147 582 1157 593 .

149 614 243 661 425.
273 613 552 652 Verumtamen
580 625 655 650 non
702 609 771 647 hoc
801 609 922 647 solum
954 623 1111 648 examen
1144 609 1212 649 fte-

87 668 155 710 bat
185 669 225 708 iu
246 668 461 716 scrutiniis,
489 666 551 704 sed
570 664 802 704 addebantur
816 662 998 702 solemnes
1021 664 1212 702 abrenun-

89 723 271 763 ciationes
287 751 298 771 ‚
324 721 512 760 confessio
541 719 662 767 fidei,
692 717 726 755 ἃ
746 716 959 768 complures
989 718 1214 766 exorcismi,

91 790 183 817 cum
214 788 402 815 manuum
431 774 673 827 impositione
701 785 815 823 super
829 781 942 823 caput
970 770 1213 809 catechume-

85 844 254 869 norum.
298 828 604 881 Aspergebantur
634 826 722 863 item
763 824 1031 863 catechumeni
1069 826 1210 862 cineri-

86 883 161 922 bus
189 882 400 922 benedictis
418 907 428 920 .
472 881 568 919 Haec
595 879 777 917 scrutinia
819 880 958 930 saepius
989 878 1210 929 repeteban-

89 946 177 984 tur;
220 936 254 973 δι
283 938 322 975 in
353 936 493 984 tertio,
534 933 636 986 quod
677 933 812 970 ceteris
854 930 1063 970 solemnius
1102 941 1209 980 erat,

90 989 341 1043 tangebantur
369 1001 480 1027 aures
497 1018 508 1036 ,
536 987 570 1024 ἃ
588 999 698 1026 nares
726 984 1087 1023 catechumenorum
1117 998 1208 1023 cum

86 1053 199 1096 sputo
225 1043 300 1081 oris
329 1040 572 1094 Presbyteri.
616 1039 658 1077 In
689 1035 766 1078 alio
794 1040 977 1077 scrutinio
1006 1037 1208 1091 Presbyter

85 1096 332 1149 baptizandos
362 1095 527 1147 ungebat
556 1094 596 1132 in
627 1102 798 1144 pectore,
843 1092 876 1128 &
909 1094 1004 1130 inter
1032 1093 1207 1145 scapulas

85 1163 175 1189 cum
203 1148 288 1188 oleo
316 1161 423 1188 sacro
451 1149 552 1187 dicto
592 1147 678 1186 oleo
707 1144 1087 1184 catechumenorum
1118 1145 1175 1198 (b)
1194 1172 1205 1183 .

81 1203 253 1243 Demum
283 1202 490 1242 Dominica
516 1200 740 1240 Palmarum
777 1199 900 1238 lavari
942 1199 1113 1238 solebant
1143 1215 1206 1238 ca·

85 1258 166 1310 pita
194 1257 515 1310 competentium,
543 1268 595 1294 ne
611 1254 728 1308 forte
747 1252 1018 1293 observatione
1034 1253 1208 1304 quadra.-

82 1314 252 1364 gesimae
279 1309 471 1349 sordidati
499 1308 555 1348 ad
583 1311 812 1346 unctionem
840 1307 1079 1347 accederent
1093 1323 1107 1351 ;
1136 1308 1205 1359 qui

85 1366 182 1403 ritus
224 1377 320 1404 novo
359 1363 549 1404 vocabulo
591 1360 901 1414 capitularium,
937 1361 999 1403 vel
1027 1362 1212 1414 capitila-

94 1422 199 1457 vium
228 1417 441 1470 appellatus
471 1418 541 1456 fuit
562 1443 573 1455 .

147 1471 242 1518 424.
271 1472 419 1510 Horum
449 1471 718 1510 scrutiniorum
750 1483 860 1508 usum
883 1469 1121 1523 postmodum
1145 1469 1210 1508 de-

88 1525 198 1564 siisse
225 1525 327 1564 Saec.
349 1525 419 1563 lX.
448 1525 580 1563 scribit
607 1523 743 1577 Joseph
776 1523 1000 1563 vicecomes
1044 1525 1084 1562 in
1124 1523 1209 1562 lau-

83 1579 281 1617 datissimo
307 1592 330 1616 ο
360 1593 423 1617 ere
450 1577 515 1617 De
544 1582 719 1628 antiquis
748 1576 934 1628 baptismi
962 1576 1097 1615 ritibus
1119 1577 1209 1616 Lib.

83 1631 152 1671 ΙΙΙ.
181 1646 268 1685 cap.
300 1646 321 1672 2
353 1660 364 1672 .
393 1631 521 1672 Guill.
563 1641 689 1671 tamen
720 1632 924 1670 Duraudus
962 1632 1084 1669 dictus
1115 1630 1209 1680 Spe·

85 1686 266 1733 calator,
295 1688 364 1738 qui
394 1685 553 1724 florebat
582 1685 682 1723 Saec.
704 1685 811 1723 thl.
843 1685 932 1722 Lib.
951 1684 1016 1721 Vl.
1049 1683 1210 1722 Ration.

85 1738 204 1776 divin.
233 1737 401 1786 officior.
442 1752 528 1790 cap.
561 1737 625 1776 56.
669 1740 709 1776 in
741 1737 853 1776 Feria
886 1736 953 1775 lV.
985 1737 1109 1775 Hebd.
1141 1736 1210 1775 IV.

87 1791 284 1842 Quadrag.
313 1790 439 1830 adime
477 1804 544 1829 suo
573 1799 744 1842 tempore
774 1799 916 1843 septem
956 1793 1138 1830 scrutinia
1171 1792 1211 1829 in

91 1844 327 1897 quibusdam
356 1843 539 1883 Ecclesiis
585 1844 669 1882 fieri
713 1846 950 1882 consuevisse
997 1853 1210 1893 memorat,

91 1907 252 1949 propter
278 1897 554 1950 septiformem
583 1901 764 1951 gratiam
795 1897 958 1948 Spiritus
985 1902 1117 1936 sancti
1134 1924 1145 1936 .

149 1951 245 1996 425.
272 1950 444 1990 Celebris
473 1960 552 1989 erat
572 1953 685 1989 etiam
706 1951 868 1990 traditio
883 1950 1062 2004 Symboli
1079 1982 1089 1999 ,
1119 1964 1208 2003 quae

89 2002 208 2044 fiebat
237 2013 321 2043 ante
348 2004 583 2056 baptismum
602 2033 613 2053 ,
643 2013 682 2042 ut
715 2003 812 2042 illud
832 2004 1095 2043 catechumeni
1130 2019 1208 2043 me-

84 2058 221 2098 moriae
250 2057 507 2106 mandarent,
548 2071 594 2096 ac
624 2066 751 2108 postea
780 2058 938 2110 publice
978 2061 1211 2099 recitarent.

85 2111 227 2151 Narrat
253 2111 295 2151 S.
317 2112 552 2165 Augustinus
567 2111 656 2150 Lib.
679 2111 784 2150 Vlll.
817 2110 1000 2165 ConfeSS.
1031 2127 1118 2165 cap.
1151 2127 1212 2162 2.‚

86 2164 328 2204 Victorinum
371 2165 606 2218 quemdam,
649 2164 841 2204 celebrem
883 2168 931 2205 iis
975 2167 1213 2219 temporibus

87 2217 293 2258 Rhetorem
316 2249 328 2267 ,
356 2218 589 2258 oblationem
619 2219 693 2258 sibi
723 2234 746 2257 a
775 2218 1007 2272 Presbyteris
1037 2222 1177 2259 factam
1195 2252 1207 2270 ,

86 2281 128 2311 ut
157 2276 345 2311 secretius
373 2272 608 2325 Symbolum
637 2273 831 2322 redderet,
876 2275 986 2312 illum
1017 2275 1209 2314 maluisse

84 2326 260 2365 salutem
289 2338 410 2365 suam
438 2329 480 2365 in
508 2335 720 2379 conspectu
748 2336 906 2366 sanctae
948 2328 1210 2368 multitudinis

84 2379 264 2434 profiteri
284 2410 296 2429 ,
326 2381 456 2432 itaque
483 2381 744 2431 conscendisse
772 2382 976 2421 ambonem
995 2413 1005 2429 ‚
1051 2381 1085 2418 &
1114 2383 1210 2422 iuter

86 2434 264 2473 om‘nium
291 2432 469 2473 fidelium
497 2435 763 2487 gratulationes
791 2435 906 2474 illum
932 2435 1069 2489 fidem
1099 2449 1212 2476 vera-

92 2499 184 2526 cem
211 2487 416 2538 praeclara
431 2487 594 2542 fiducia
621 2493 908 2540 pronunciasse
922 2491 1009 2532 &a
1041 2490 1123 2529 Hoc
1143 2505 1213 2529 au-

89 2548 170 2582 tem
212 2540 446 2595 Symbolum
472 2542 748 2585 Catechumeni
789 2545 986 2584 restituere
1033 2545 1213 2585 teneban-

82 2602 149 2633 tur
177 2595 236 2645 (c)
258 2621 269 2634 .

145 2646 238 2692 4¹²ss-
269 2648 364 2686 Haee
381 2678 393 2698 ‚
420 2664 508 2703 quae
539 2653 740 2705 praecipua
769 2653 851 2692 visa
879 2662 994 2702 sunt,
1035 2653 1082 2692 de
1110 2661 1210 2692 cate-

90 2697 292 2739 chumenis
320 2701 612 2754 adnotavimus,
640 2720 730 2759 quae
761 2707 882 2745 fusius
913 2716 1139 2760 pertractata
1169 2722 1210 2746 a-

91 2752 171 2805 pud
201 2754 444 2805 innumeros,
486 2771 623 2812 eosque
661 2761 936 2799 eruditissimos
965 2761 1177 2814 Scriptores
1198 2793 1210 2811 ,

90 2806 258 2856 quorum
288 2811 513 2849 memoriam
543 2812 732 2862 fecimus,
777 2815 941 2853 inveniri
981 2815 1096 2854 facile
1125 2829 1212 2868 pos-

89 2866 204 2899 aunt.
234 2859 368 2902 Unum
396 2863 570 2904 addimus
597 2867 644 2905 de
672 2867 1014 2909 Catechuineuatus
1043 2870 1211 2912 duratio-

143 2982 191 3017 (α)
219 2977 334 3022 Hujus
361 2981 513 3016 Ritualis
538 2984 794 3028 pei-honorifica
831 2986 867 3021 fit
901 2988 1034 3023 mentio
1063 2989 1098 3023 in
1123 2990 1218 3024 ΡΜ».-

94 3023 159 3058 fat.
198 3024 348 3058 Ruuatis
373 3027 456 3060 editi
483 3041 502 3062 a
526 3030 632 3064 Paulo
657 3032 700 3065 V.
733 3044 788 3064 an.
820 3033 942 3076 1614.;
978 3036 1037 3069 nbi
1071 3047 1217 3072 vocatur

93 3070 236 3127 R.¹²¹'.·¹¹⁸
261 3073 362 3118 longo
383 3076 520 3115 studio,
545 3079 708 3121 multaque
728 3079 901 3113 industria
915 3102 926 3120 ‚
952 3084 993 3114 (⁴7⁴
1011 3083 1124 3117 labore
1141 3086 1218 3128 ple·

91 3129 273 3152 ausimum
285 3142 294 3150 .

145 3166 194 3204 ‹b›
219 3165 390 3208 Quamvis
425 3167 757 3201 catechumenorum
795 3174 967 3205 scrutinia
996 3173 1030 3205 in
1055 3175 1218 3209 omnibns

97 3205 264 3245 Ecffiesiis
291 3214 382 3247 facta
410 3215 514 3247 fuisse
544 3213 753 3249 credendum
781 3217 852 3255 sit,
890 3229 956 3250 non
982 3218 1074 3252 idem
1103 3229 1219 3254 tamen

100 3254 232 3300 ubique
258 3261 468 3293 servabatur
495 3273 690 3302 numerus,
718 3264 749 3294 δι
775 3260 881 3303 ordo,
908 3273 945 3296 ut
972 3264 1088 3297 videre
1114 3276 1165 3299 est
1184 3278 1222 3301 a-

100 3299 172 3345 pud
211 3303 312 3338 Edm.
339 3308 499 3341 Martem·
529 3309 604 3342 Lib.
635 3309 656 3341 l.
693 3307 751 3342 De
789 3317 859 3342 ant.
887 3309 1059 3344 Ecclesiae
1095 3314 1221 3346 ritibus

97 3357 232 3400 ⁸³.P·.¹·
260 3359 325 3385 art.
350 3365 400 3387 12.
440 3354 615 3388 Nonnulla
646 3353 713 3389 huc
731 3358 924 3400 spectantia
951 3356 1049 3391 affert
1077 3358 1131 3390 vir
1157 3357 1220 3394 do-

96 3400 274 3430 ctissimus
298 3409 414 3437 noster
439 3401 475 3436 Ρ.
490 3403 544 3437 Jo·
564 3401 688 3437 Franc.
717 3403 765 3437 M.
788 3404 839 3439 Dc
855 3403 987 3440 Rubeis
1013 3404 1050 3439 in
1068 3404 1220 3442 Dissert.

2261 177 2342 222 ¹99

1278 245 1348 277 ne;
1392 245 1481 284 quae
1512 241 1636 270 tamen
1668 244 1770 273 certo
1810 236 1965 277 definiri
2006 253 2080 280 non
2118 248 2265 295 potest,
2307 258 2399 283 cum

1278 285 1384 323 varia
1415 285 1448 321 &
1477 286 1626 324 diversa
1656 288 1771 324 suerit
1808 303 1878 340 pro
1914 295 2319 346 circumstantiarum,
2362 297 2397 336 Bt

1278 337 1540 378 Ecclesiaruin
1562 340 1776 379 diversitate
1793 368 1802 379 .
1826 344 1867 380 ln
1892 345 2095 385 Constitut.
2118 350 2289 398 Apostol.
2308 352 2398 390 Lib.

1278 391 1385 430 Vlll.
1405 407 1490 445 cap.
1523 393 1587 432 3¹2.
1619 403 1818 446 postquam
1855 399 2007 435 triennii
2037 404 2199 450 spatium
2231 419 2298 456 pro
2325 405 2398 443 Ca-

1277 445 1515 485 techuinenis
1535 448 1831 487 determinatum
1852 451 1938 498 fuit,
1957 452 2006 489 ita
2023 454 2218 492 subditur:
2241 487 2266 504 „
2286 459 2398 505 Quod

1278 502 1310 538 si
1338 500 1503 538 studiose
1530 516 1568 539 se
1595 503 1721 552 gerit,
1759 503 1793 540 ἃ
1825 506 1877 542 rei
1906 505 2092 544 desiderio
2121 517 2292 557 tenetur,
2335 512 2401 549 ad·

1280 555 1454 592 mittatur
1476 584 1486 602 ,
1529 557 1620 607 quia
1650 569 1723 593 non
1753 565 1928 610 tempus,
1970 560 2032 596 sed
2065 561 2152 597 vita:
2184 563 2400 603 institutum

1279 608 1555 660 perpenditur.
1589 608 1729 648 Cimon
1759 621 1896 649 autem
1926 612 1992 658 42.
2026 612 2190 651 Concilii
2218 613 2401 654 Elliberi-

1279 667 1369 700 tani
1397 666 1454 700 ita
1483 666 1643 700 statuit:
1673 664 1751 712 Qui
1782 666 1829 705 ad
1852 665 1967 704 sidem
1998 669 2167 719 primum
2198 670 2401 707 credulita-

1280 717 1328 754 tis
1356 716 1570 765 accedunt,
1608 717 1641 756 si
1670 717 1782 757 bona:
1813 720 1953 758 fuerint
1982 723 2297 769 conversationis,
2344 725 2402 761 iu-

1280 778 1337 808 tra
1365 769 1563 808 biennium
1596 770 1740 823 placuit
1768 773 1817 810 ad
1854 774 2031 826 baptismi
2074 778 2235 827 gratiam
2265 777 2403 815 admit-

1279 825 1307 862 ti
1328 823 1495 873 debere,
1525 825 1596 863 nisi
1627 825 1848 865 infirmitate
1877 828 2132 880 compellente
2160 832 2322 882 coegerit
2345 845 2404 868 ra-

1278 879 1332 916 tio
1364 878 1533 917 velocius
1553 878 1758 918 subvenire
1789 881 2038 933 periclitanti,
2072 882 2130 921 vel
2151 887 2312 935 gratiam
2336 897 2403 936 po-

1279 931 1454 969 stulanti.
1477 932 1498 946 '’
1520 933 1573 970 lta
1601 932 1651 971 ab
1680 936 1878 986 opposito,
1908 938 1975 987 qui
2007 939 2044 974 in
2074 938 2404 977 Catechuineuatu.

1278 986 1516 1037 peccabant,
1564 987 1604 1024 in
1635 986 1706 1024 illo
1734 988 1876 1027 diutius
1906 991 2106 1028 immorari
2136 991 2369 1043 cogebantur
2389 1022 2401 1040 ,

1279 1048 1316 1076 ut
1354 1053 1471 1092 supra
1514 1040 1682 1078 vidimus
1712 1042 1749 1079 in
1790 1051 1866 1080 not.
1897 1044 1942 1080 ad
1973 1057 2012 1082 n.
2042 1044 2136 1091 4¹2·
2165 1045 2405 1084 Generaliter

1275 1101 1403 1130 tamen
1436 1094 1474 1131 in
1503 1107 1589 1131 can.
1613 1107 1650 1131 2.
1679 1094 1844 1133 Concilii
1877 1097 2027 1136 Nicaeni
2051 1128 2061 1146 ,
2100 1098 2133 1134 8<
2165 1099 2203 1137 in
2236 1113 2272 1150 7.
2301 1100 2401 1138 Con-

1274 1146 1356 1184 cilii
1386 1146 1416 1184 Ι.
1459 1147 1867 1198 Constantinopolitani
1896 1161 2052 1188 cautum
2083 1161 2162 1198 est,
2205 1167 2251 1190 ne
2279 1155 2400 1191 nimis

1276 1199 1387 1238 brevi
1418 1209 1586 1251 tempore
1619 1200 1965 1241 Catechumenatus
1994 1204 2282 1243 absolveretur.

1331 1253 1424 1305 427.
1455 1253 1503 1292 Et
1524 1256 1702 1306 quamvis
1731 1263 1804 1293 tres
1832 1270 1946 1308 supra
1975 1267 2197 1295 memoratae
2217 1257 2405 1297 Catechu-

1277 1320 1478 1345 mersorum
1507 1309 1684 1346 stationes
1712 1308 1864 1360 jamdiu
1893 1312 2149 1360 cessaverint,
2179 1324 2254 1350 non
2283 1326 2404 1351 cessa·

1279 1363 1332 1399 vit
1363 1370 1489 1399 tamen
1507 1391 1518 1410 ,
1561 1376 1633 1400 nec
1661 1376 1806 1401 cessare
1835 1373 1953 1417 potest
1983 1365 2168 1404 Ecclesia:
2197 1365 2300 1405 zelus
2322 1394 2333 1412 ‚
2364 1374 2408 1404 ut.

1279 1415 1400 1454 adulti
1428 1415 1520 1463 diu,
1555 1415 1750 1469 probeque
1780 1421 2074 1468 examinentur,
2105 1433 2149 1457 ac
2178 1434 2402 1472 praepareti-

1280 1478 1342 1507 tur
1363 1499 1374 1518 ‚
1412 1479 1617 1521 antequam
1647 1471 1692 1508 ad
1723 1470 1905 1523 baptismi
1935 1474 2097 1524 gratiam
2126 1473 2403 1512 admittantur.

1278 1522 1542 1569 Quamobrem
1572 1524 1602 1561 ii
1643 1537 1794 1576 semper
1841 1526 2049 1576 improbati
2080 1527 2212 1575 suere,
2255 1529 2321 1579 qui
2353 1527 2402 1565 de

1277 1575 1520 1614 multitudine
1550 1576 1699 1627 potius,
1741 1591 1858 1630 quam
1888 1580 1934 1616 de
1966 1579 2150 1631 probitate
2187 1581 2398 1633 proselyto-

1278 1643 1366 1667 rum
1395 1627 1550 1667 solliciti
1579 1630 1698 1668 nimis
1728 1644 1886 1684 propere
1914 1633 2092 1672 'infideles
2114 1663 2124 1681 ‚
2155 1643 2219 1671 aut
2247 1634 2404 1673 Judoeos

1279 1695 1386 1721 sacro
1417 1682 1655 1735 baptismatis
1698 1684 1800 1723 fonte
1830 1684 2039 1725 lavabant.
2083 1687 2175 1726 Vid.
2204 1687 2247 1725 P.
2277 1688 2406 1726 Drou-

1280 1751 1352 1774 ven
1384 1736 1473 1774 Lib.
1504 1737 1554 1775 II.
1583 1751 1669 1789 cap.
1698 1737 1766 1786 4.,
1809 1738 1843 1775 8(
1872 1740 2040 1779 Juvenin
2070 1741 2229 1781 Dissert.
2262 1742 2310 1780 II.
2341 1740 2405 1781 De

1279 1789 1478 1841 baptismo
1507 1800 1642 1842 qnaest.
1667 1805 1703 1842 7.
1732 1805 1819 1844 cap.
1842 1805 1879 1831 2.
1910 1803 1982 1832 art.
2004 1794 2044 1833 3.

1332 1842 1427 1890 428.
1455 1843 1633 1882 Ceterum
1664 1843 1839 1884 Ecclesia
1875 1861 2027 1900 semper
2073 1849 2231 1902 quidem
2272 1861 2407 1887 omne·

1279 1896 1427 1935 hortata
1456 1906 1536 1946 est,
1568 1907 1607 1936 ut
1626 1900 1860 1950 quamcitius
1889 1902 1933 1938 ad
1955 1903 2118 1953 gratiam
2139 1903 2322 1954 baptismi
2342 1917 2407 1942 ac-

1277 1951 1484 1999 cederent,
1528 1966 1606 2003 qua
1633 1952 1679 1990 de
1710 1966 1749 1990 re
1778 1953 1979 2008 complura
2016 1957 2120 2008 apud
2163 1965 2307 1995 sanctos
2337 1956 2407 1995 Pa-

1280 2014 1353 2045 tres
1384 2006 1600 2045 testimonia
1627 2017 1856 2057 occurrunt,
1887 2011 2084 2048 nemiuem
2106 2019 2232 2049 tamen
2254 2010 2409 2050 absolu-

1280 2068 1317 2097 te
1345 2060 1464 2111 coegit
1493 2060 1540 2098 ad
1584 2060 1823 2113 baptismum
1865 2065 2150 2116 suscipiendum
2168 2095 2179 2113 ,
2222 2064 2256 2101 ἃ
2286 2064 2411 2103 multa.

1281 2112 1460 2166 exempla
1490 2123 1627 2165 praesto
1654 2124 1741 2153 sunt
1771 2118 1945 2156 virorum
1975 2121 2090 2157 etiam
2121 2121 2271 2171 piorum
2289 2148 2300 2167 ,
2340 2119 2412 2171 qui

1280 2167 1519 2220 baptismum
1549 2169 1720 2222 recipere
1748 2170 1840 2218 diu,
1869 2172 1991 2210 imino
2019 2187 2139 2224 usque
2168 2174 2215 2211 ad
2248 2181 2409 2210 mortem

1281 2220 1540 2261 distulerunt.
1570 2223 1618 2262 Et
1648 2222 1732 2262 haec
1761 2225 1849 2262 satis
1877 2227 1951 2263 sint
1980 2226 2026 2264 de
2053 2226 2410 2264 catechumenatu.

1278 2275 1355 2314 Sed
1384 2276 1566 2327 quaedam
1604 2277 1775 2314 addenda
1817 2288 1903 2316 sunt
1931 2279 1978 2316 de
2021 2281 2269 2326 exorcismis,
2342 2291 2409 2315 uo-

1279 2343 1367 2368 rum
1399 2330 1579 2381 frequens
1608 2340 1686 2368 erat
1707 2330 2055 2370 iuCatechumenis
2080 2346 2167 2371 usus
2183 2363 2194 2381 ‚
2225 2331 2259 2368 &
2280 2293 2407 2370 adluit:

1279 2383 1454 2436 religiose
1480 2383 1731 2423 observantur
1759 2385 1875 2423 etiam
1895 2387 1933 2424 in
1954 2385 2147 2439 baptismo
2161 2397 2373 2440 puerorum
2395 2409 2408 2424 .

1632 2489 2057 2533 PROPOSITIO

1301 2598 1513 2651 Sapienter
1540 2597 1590 2640 Θ
1619 2599 1765 2637 utiliter
1794 2603 1836 2638 in
1864 2599 2126 2654 baptizandos
2154 2600 2391 2640 adhibentur

1674 2659 1892 2694 exorcismi
1921 2656 2013 2708 (d).

1333 2736 1582 2815 429.Prob.
1614 2759 1699 2800 haec
1728 2764 1934 2815 propositio
1971 2764 2193 2802 auctoritate
2231 2770 2406 2802 veterum

1278 2814 1433 2855 Patrum
1453 2847 1463 2865 ,
1493 2817 1559 2869 qui
1581 2817 1662 2854 sine
1690 2816 1810 2854 dubio
1830 2818 2088 2869 Apostolicaui
2117 2818 2326 2856 doctrinam
2349 2830 2406 2854 se-

1277 2871 1368 2910 ctati
1397 2879 1511 2920 sunt,
1552 2882 1630 2909 non
1658 2869 1817 2924 quidem
1853 2873 2065 2926 scriptam,
2105 2872 2171 2911 sed
2200 2872 2403 2963 traditigne

2312 2939 2334 2963 a

1283 2989 1342 3023 De
1369 2993 1482 3024 sacris
1500 2987 1796 3036 Forojuliensibus
1821 2991 1971 3032 ritibus,
1997 2990 2034 3024 in
2048 2990 2198 3026 Dissert.
2226 2994 2323 3025 varia
2337 3003 2413 3023 eru-

1285 3039 1435 3071 ditionis
1461 3049 1536 3081 cap.
1564 3047 1740 3082 postremo
1761 3062 1772 3081 ‚
1811 3038 1870 3072 ubi
1897 3039 2052 3081 Officium
2092 3042 2256 3073 scrutinii
2288 3037 2411 3071 Eccle-

1286 3084 1345 3116 siae
1371 3084 1609 3129 Aquilejensis
1638 3085 1785 3119 inseruit
1802 3107 1811 3118 .

1331 3135 1379 3169 (c)
1404 3131 1548 3164 Clariss.
1589 3132 1670 3164 Ant.
1710 3131 1834 3166 Franc.
1859 3133 2048 3166 Vezzosins
2093 3132 2134 3165 ad
2171 3131 2410 3165 Sacramenta·

1285 3179 1373 3209 rium
1389 3178 1611 3211 Gelasiunum
1637 3189 1716 3223 pag.
1741 3179 1800 3222 44.
1824 3179 1976 3213 ostendit
2004 3181 2038 3212 in
2057 3179 2190 3212 Ordine
2219 3179 2308 3211 Rom.
2334 3186 2407 3225 ¹tra-

1284 3220 1457 3257 ditionem
1484 3225 1635 3270 symboli
1655 3227 1761 3259 fnisse
1789 3239 1867 3260 cnm
1889 3228 2025 3260 aurium
2042 3227 2232 3270 aperitione
2260 3231 2409 3269 constu-

1286 3276 1378 3302 ctam
1395 3292 1405 3310 ,
1432 3281 1552 3306 contra
1579 3283 1618 3305 ac
1645 3275 1890 3307 consueverint
1917 3274 2081 3308 Ecclesia*
2097 3272 2290 3304 Gallicana
2311 3289 2320 3307 2
2348 3265 2410 3297 ΗῙ·

1286 3318 1428 3360 spanica
1448 3339 1459 3358 ‚
1486 3321 1517 3350 &
1542 3320 1774 3353 Ambrosiam
1795 3344 1803 3351 .

1335 3364 1388 3400 (d)
1419 3365 1513 3396 lnter
1538 3365 1624 3398 alias
1653 3367 1790 3399 Calvini
1816 3364 2050 3408 ht³>phemias
2078 3375 2144 3395 non
2182 3362 2326 3394 minum
2355 3362 2407 3389 est

1288 3407 1350 3443 illa
1368 3429 1381 3450 ,
1405 3421 1484 3454 (με
1510 3410 1588 3445 Lib.
1615 3411 1677 3448 lv.
1704 3411 1822 3448 Instit.
1849 3421 1926 3455 cap.
1955 3411 2010 3450 ¹5·
2036 3421 2071 3443 n.
2094 3419 2148 3453 ¹9·
2174 3417 2292 3442 omne-5
2318 3403 2408 3438 ⁵012·
