2605 3624
808 133 888 177 DE
923 131 1352 175 CONFESSIONE
1386 131 1765 175 AURICULARI
1782 161 1794 172 .

180 221 273 274 337.
302 221 436 273 Neque
463 229 552 257 vero
579 223 716 253 nostrae
747 213 1004 265 responsionis
1036 214 1116 250 vim
1148 211 1252 249 labe-

124 274 239 314 factat
268 274 374 313 solita
395 270 535 310 Daltaet
563 270 730 319 objectio
751 297 762 316 ‚
791 268 892 320 quod
923 280 1048 318 neque
1076 266 1151 303 duo
1181 266 1251 305 Hi-

123 330 249 367 storici
269 328 438 366 Socrates
454 354 464 371 ,
495 323 528 359 8(
549 322 774 360 Sozomenus
791 351 801 368 ,
832 334 953 373 neque
975 319 1140 358 Nectarii
1161 333 1250 357 con-

124 381 292 420 siliarius
311 377 526 416 Eudaemon
547 376 718 429 aliquam
749 376 888 414 faciant
910 376 1141 412 mentionem
1162 387 1251 411 con-

123 434 295 472 fessionis
315 440 468 470 secretae
485 462 496 480 ,
526 443 615 484 quae
638 438 780 468 retenta
800 429 913 467 fuerit
931 455 941 466 .
971 428 1054 466 Non
1076 428 1252 480 inquam:

123 494 347 537 argumento
374 487 479 524 enim
510 484 578 522 hoc
610 485 781 536 negativo
810 492 931 521 nostra
975 483 1134 535 positiva
1164 482 1250 519 fun-

123 538 303 577 damenta
331 552 405 577 uon
435 538 731 578 convelluntur.
779 537 966 574 Praeterea
1003 549 1092 573 cuin
1130 544 1251 574 totum

120 591 221 632 illud
249 593 473 632 scandalum
503 606 547 630 ex
577 592 655 630 sola
684 591 843 644 publica
861 591 1094 628 confessione
1122 598 1250 627 ortum

120 645 266 696 fuerit,
308 660 380 685 non
408 656 534 686 autem
565 659 608 683 cx
639 645 871 685 confessione,
907 645 1053 696 privata
1072 673 1081 691 ‚
1126 642 1160 679 8(
1190 657 1251 680 ar-

120 713 242 749 cana,
274 714 431 754 aequum
461 709 562 748 erat,
595 698 909 738 uttantutnmodo
928 698 974 734 de
997 699 1144 749 prima,
1176 710 1251 734 non

121 762 248 792 autem
279 755 325 793 de
353 755 471 793 altera
501 753 617 793 verba
646 753 803 792 fierent:
841 753 886 791 de
917 751 987 789 hac
1017 751 1123 788 enim
1153 750 1255 788 nihil.

120 807 245 846 fuerat
275 809 530 848 innovatum.

180 860 272 900 558.
304 863 393 901 lust.
421 866 573 914 primo.
613 861 671 900 Ex
701 860 829 899 verbis
857 858 1022 898 Socratis
1050 871 1166 909 supra
1195 870 1256 894 re-

121 911 208 952 latis
236 925 405 964 constat,
445 931 467 953 a
496 915 677 953 Nectario
703 928 748 952 ex
781 913 1015 965 imprudenti
1047 911 1254 949 Eudaemo-

119 969 182 1006 nis
210 969 370 1007 consilio
397 983 472 1007 uon
503 968 627 1006 solum
658 968 774 1006 fuisse
803 966 886 1004 loco
916 976 1063 1004 motum
1092 964 1255 1016 Presby-

121 1030 277 1070 terum,
307 1023 374 1074 qui
405 1020 710 1060 confessionibus
738 1029 926 1072 praeerat,
971 1020 1032 1057 sed
1065 1019 1178 1056 etiam
1210 1032 1253 1055 u-

121 1075 307 1126 nicuique
338 1076 595 1126 permissum,
625 1087 696 1124 pro
725 1073 914 1121 arbitrio,
945 1073 993 1113 (9¹
1023 1086 1093 1123 pro
1122 1075 1252 1109 animi

114 1130 177 1166 suc·
204 1132 450 1167 conscientia
471 1129 526 1167 ιιιΖ
545 1128 906 1167 sacramentorum
925 1129 1252 1164 communionem

119 1181 342 1230 accedere,
384 1183 486 1236 quod
517 1182 716 1222 manifeste
753 1182 921 1228 indicat,
963 1193 1252 1232 quamcumque

117 1237 234 1274 etiam
264 1237 454 1288 privatam
482 1237 759 1276 consessionem
789 1236 905 1273 fuisse
933 1234 1151 1272 sublatam.

175 1289 267 1341 559.
300 1290 438 1343 Resp.‚
476 1304 551 1329 nou
582 1291 650 1328 uni
681 1299 827 1328 tantum
858 1287 1085 1341 Presbytero
1112 1300 1249 1326 curam

117 1343 236 1382 fuisse
264 1344 314 1382 ab
344 1344 533 1397 Episcopo
561 1344 686 1382 datam
705 1374 716 1391 ,
750 1342 930 1381 audiendi
960 1343 1127 1394 privatas
1155 1340 1250 1378 fide-

116 1394 219 1435 lium
247 1398 525 1446 consessiones,
567 1411 657 1436 cum
695 1399 734 1436 iu
764 1395 1086 1448 frequentioribus
1115 1395 1250 1433 civita-

115 1450 245 1498 tibus,
275 1453 488 1502 pr-aesertim
518 1465 610 1489 vero
637 1453 676 1490 in
706 1452 808 1502 regia
839 1449 934 1487 urbe
960 1448 1250 1500 Constantinop-

115 1505 294 1541 omuium
325 1504 618 1556 populosissima
636 1535 646 1553 ‚
689 1505 818 1542 fuisset
846 1515 999 1593 prorsus
1029 1503 1248 1554 impossibi-

112 1555 150 1595 le
168 1586 178 1604 ,
207 1558 447 1606 necessitati,
489 1557 524 1594 8(
554 1558 708 1596 utilitati
739 1571 840 1611 popu
861 1570 971 1594 orum
1002 1556 1074 1595 hac
1103 1558 1247 1594 ratione

112 1610 356 1658 satisfacere3
385 1625 462 1650 nou
489 1621 568 1649 erat
584 1625 673 1650 vero
693 1609 953 1663 impossibile,
983 1619 1048 1649 aut
1078 1609 1246 1648 multum

112 1662 300 1712 difficile,
345 1668 414 1705 uni
450 1667 641 1718 primario
666 1665 859 1704 Sacerdoti
903 1663 1072 1715 publicae
1104 1677 1247 1715 pauco-

112 1729 200 1754 rum
232 1719 470 1770 poenitentiae
500 1720 730 1771 praesidere,
769 1727 808 1756 ut
845 1717 997 1755 debitus
1031 1726 1249 1755 servaretur

107 1770 223 1808 ordo.
270 1771 535 1820 Quamobrem
565 1781 709 1810 remoto
736 1770 959 1823 Presbytero
997 1770 1245 1810 Poenitentia—

110 1824 198 1872 rio,
227 1823 365 1863 deduci
395 1826 555 1878 quidem
584 1834 724 1878 potest,
754 1825 938 1863 abolitam
968 1825 1085 1863 fuisse
1113 1824 1244 1877 publi-

109 1889 197 1915 cam
227 1879 499 1918 confessionem
517 1909 528 1927 ,
559 1893 633 1917 non
662 1889 789 1917 autem
819 1880 1042 1931 privatam,
1071 1893 1160 1931 quae
1191 1879 1244 1917 E·

107 1930 293 1982 piscopo,
322 1932 356 1970 8(
385 1932 733 1972 Sacerdotibus-ab
759 1946 802 1970 eo
830 1933 1021 1985 deputatis
1051 1932 1196 1972 fiebat.

167 1984 261 2030 340.
293 1985 512 2025 Verborum
542 1996 667 2024 autem
698 1986 862 2025 Socratis
899 2000 1030 2024 sensus
1057 1999 1132 2024 non
1160 1995 1241 2035 est,

105 2037 212 2088 quod
239 2038 371 2078 fideles
397 2042 575 2093 gravium
604 2039 813 2092 culparum
842 2041 896 2078 rei
919 2049 1065 2092 possent
1085 2053 1155 2091 pro
1174 2053 1243 2078 ar-

104 2089 218 2129 bitrio
246 2093 294 2132 ad
321 2094 658 2133 Sacramentorum
688 2094 1004 2132 communionem
1032 2094 1240 2143 accedere,

106 2156 182 2182 uon
213 2147 364 2199 expiata
394 2149 501 2200 prius
531 2163 598 2201 per
627 2148 820 2201 privatam
848 2148 1124 2186 confessionem
1153 2162 1241 2187 con-

105 2199 291 2245 scientia3
331 2202 396 2240 sed
424 2202 526 2254 quod
559 2214 634 2239 non
677 2201 847 2252 amplius
889 2201 1240 2253 adstringerentur,

104 2258 147 2288 ut
176 2261 316 2300 antea,
345 2268 384 2293 se
412 2267 542 2293 coram
563 2253 853 2292 Poenitentiario
879 2255 1010 2292 sistere
1028 2284 1038 2302 ,
1068 2255 1102 2291 8(
1131 2255 1239 2306 juxta.

107 2304 192 2355 ejus
221 2308 491 2359 praescriptum
519 2316 671 2346 statutas
699 2322 722 2345 a
751 2307 961 2346 canonibus
1005 2322 1142 2359 poenas
1173 2323 1240 2361 pa-

104 2356 185 2396 lam
216 2360 429 2411 persolvere
445 2391 456 2410 ,
486 2370 691 2413 antequam
712 2361 760 2399 ad
779 2360 1117 2400 Sacramentorum
1135 2375 1242 2402 com·

101 2413 326 2452 munionem
355 2415 647 2453 admitterentur
662 2441 672 2453 .

158 2465 252 2512 541.
283 2468 373 2522 lust.
401 2468 602 2507 secundo.
633 2468 806 2507 Socrates
836 2468 921 2506 loco
948 2467 1054 2507 laud.
1083 2483 1123 2507 se
1149 2483 1240 2508 con-

103 2518 236 2559 silium
257 2520 507 2562 Eudaemonis
535 2523 769 2575 improbasse
793 2522 952 2572 scribit,
983 2525 1094 2576 eique
1123 2524 1242 2561 dixis-

104 2586 174 2623 se,
214 2587 367 2615 ansam
397 2589 451 2616 ex
478 2590 525 2616 eo
560 2577 726 2631 singulis
769 2576 916 2616 datam
958 2591 1046 2616 esse
1081 2577 1246 2617 liberius

119 2734 218 2769 sticis
244 2735 381 2780 legibus
407 2744 482 2770 erat
508 2737 694 2779 instituta,
721 2741 752 2772 8(
778 2740 892 2784 reipsa
917 2741 1074 2781 sensim,
1101 2753 1140 2774 ac
1166 2752 1246 2774 sen-

113 2785 206 2824 sim,
246 2783 282 2815 in
305 2783 469 2816 omnibus
496 2784 696 2828 regionibns
722 2788 894 2827 cessavit3
934 2800 1001 2821 non
1040 2789 1090 2820 sic
1124 2797 1245 2821 antem

117 2829 280 2873 privata,
319 2831 351 2861 6<
383 2827 550 2863 distincta
574 2832 730 2865 omnium
759 2834 917 2876 gravium
938 2835 1135 2879 *culparum
1161 2847 1245 2868 con-

115 2875 245 2915 fessio,
286 2887 362 2920 quse,
389 2888 430 2909 ex
458 2877 659 2921 Apostoliea
699 2878 886 2912 traditione
923 2878 1173 2921 descenderat,
1211 2884 1244 2913 &

114 2921 247 2966 ubique
282 2921 316 2954 in
344 2921 525 2956 catholica
562 2924 721 2958 Ecclesia
760 2937 894 2970 semper
928 2927 1104 2960 obtinuit.
1142 2926 1243 2960 Unde

115 2966 277 3012 Synodus
304 2967 467 3003 Trident-
494 2971 585 3004 Sess.
605 2971 703 3004 XlV.
729 2983 804 3016 cap.
835 2973 866 3006 5.
895 2973 944 3006 ita
968 2974 1121 3007 statuit.-
1155 2974 1242 3008 Etsi

108 3015 277 3047 Christus
297 3028 362 3048 non
381 3018 524 3049 uetuerit
541 3038 551 3057 ,
577 3021 656 3061 quin
678 3021 805 3062 aliquis
833 3023 870 3052 in
896 3021 1084 3054 vindictam
1109 3034 1244 3054 suorum

111 3064 302 3102 scelerum,
329 3066 370 3096 <9¹
398 3067 449 3095 sni
475 3063 770 3106 humiliationem,
797 3078 869 3098 cum
893 3068 934 3099 ob
960 3069 1104 3100 aliorum
1129 3080 1243 3100 exem-

102 3111 198 3152 -plutn
217 3131 227 3150 ,
261 3117 327 3141 tum
352 3110 392 3142 ob
419 3108 589 3144 Ecclesia
613 3111 751 3153 offensa
779 3112 1041 3156 adficastnnem
1060 3135 1070 3153 ,
1105 3114 1241 3148 delicta

110 3168 172 3189 sua
197 3157 332 3200 publice
359 3157 521 3200 confiteri
547 3162 687 3201 possit‚·
723 3172 787 3191 non
812 3167 867 3192 est
893 3167 1004 3192 twnen
1031 3160 1096 3192 hoc
1120 3161 1240 3194 divino

105 3212 271 3247 pracepto
296 3205 513 3246 mandatum,
549 3216 613 3237 nec
638 3209 726 3238 satis
751 3208 908 3239 consulte
943 3204 1087 3239 huinana
1124 3209 1241 3251 aliqua

108 3250 188 3291 lege
212 3256 451 3295 praciperecur
466 3273 476 3291 ‚
512 3260 547 3283 uc
571 3252 704 3285 delicta
724 3274 734 3291 ,
774 3256 962 3296 prasertim
987 3261 1143 3293 secreta,
1178 3266 1240 3298 pu-

107 3296 202 3329 blica
226 3306 342 3331 essent
369 3298 587 3342 confessione
612 3301 818 3341 aperienda.

151 3345 203 3380 (a)
228 3342 428 3378 Doctissimi
456 3344 660 3379 Cardinales
687 3346 854 3379 Baronius
872 3367 882 3385 ,
910 3346 1166 3386 Bellartninns,
1202 3349 1236 3380 &

101 3385 296 3424 Petronius
327 3387 478 3435 dicunt,
517 3393 552 3428 S·
576 3393 752 3428 Joannem
784 3390 1048 3439 praedecessoris
1084 3393 1139 3428 sui
1165 3393 1236 3431 Ne-

2319 133 2402 182 ¹47

1321 211 1524 264 peccan‹li;
1555 220 1666 262 atque
1695 209 1904 262 expressius
1926 209 1962 248 id
1985 217 2085 248 notat
2106 207 2333 248 Sozomenus
2351 240 2360 256 ,
2393 211 2451 247 in-

1320 266 1456 316 quiens
1474 277 1481 300 :
1514 262 1626 300 an
1643 274 1768 301 antea
1786 294 1796 311 ,
1827 272 1864 299 ut
1881 263 2062 313 equalem
2083 266 2290 311 existimo,
2322 268 2451 301 mino·

1320 331 1369 355 ra
1399 326 1516 356 erant
1547 326 1715 368 peccata
1734 347 1743 364 ,
1786 326 1871 352 turn
1900 315 1945 353 ob
1974 316 2254 354 verecuniittm
2283 330 2450 366 eorum,

1320 376 1385 423 qui
1415 385 1490 409 sua
1518 375 1590 420 ipsi
1619 370 1764 408 delicta
1794 370 2057 406 enuntiabant
2081 400 2091 417 ‚
2121 379 2203 408 turn
2233 371 2279 407 ob
2309 375 2450 410 sewert'ss·

1320 435 1450 464 tutem
1474 425 1658 478 judicum
1676 455 1686 471 ,
1715 427 1780 475 qui
1809 422 1864 460 acl
1892 423 1932 460 ιἰὶ
1960 433 2077 460 erant
2107 428 2305 461 constituti
2324 453 2334 463 .
2367 425 2449 463 Hoc

1322 489 1451 518 autem
1481 492 1617 518 verum
1647 491 1721 516 non
1753 477 1873 524 foret,
1911 479 1940 514 si
1971 477 2149 529 abrogata
2179 478 2336 528 publica
2368 493 2451 531 ρας.

1319 535 1476 573 nitentia
1497 564 1508 580 ,
1538 541 1682 572 retenta
1712 532 1842 569 fnisset
1873 532 2019 582 privata
2049 530 2260 568 confessio.

1375 588 1468 634 342.
1500 586 1639 639 Resp.,
1682 587 1798 623 etiam
1828 594 1970 622 retenta
1999 584 2149 636 privata
2185 585 2420 623 consessione
2439 617 2453 635 ,

1320 641 1354 678 8(
1383 641 1509 680 solum
1539 641 1717 692 abrogata
1748 638 1907 691 publica
1928 638 2180 691 poenitentia‚
2210 651 2342 676 ansam
2363 640 2453 677 suis—

1319 709 1358 734 se
1387 695 1586 748 aliquibus
1614 696 1743 732 datam
1770 692 1931 731 liberius
1961 706 2004 730 ea
2034 701 2189 743 peccata
2232 702 2455 744 perpetran-

1324 750 1392 797 di,
1422 766 1443 788 a
1473 749 1614 800 quibus
1643 749 1725 786 sine
1755 746 1913 799 publica
1942 746 2185 793 confusione,
2217 747 2294 783 siue
2325 745 2455 783 multis

1324 802 1538 855 lacrymis,
1567 801 1744 853 jejuniis,
1774 814 1818 838 ac
1848 799 2195 853 supplicationibus
2213 799 2359 837 absolvi
2383 813 2456 838 non

1324 865 1619 894 consueverant:
1649 855 1735 893 ltaec
1763 856 1868 892 enim
1898 868 2078 904 magnam
2106 862 2205 892 certe
2227 855 2307 892 vim
2324 855 2370 892 ad
2388 853 2454 892 ho-

1324 911 1448 948 mines
1477 911 1516 948 in
1544 908 1672 947 officio
1701 908 1940 946 continendos
1971 907 2190 946 habebant.

1377 963 1470 1010 545.
1500 964 1587 1001 lust.
1617 966 1761 1001 tertio.
1810 962 1914 1010 Quid
1943 962 2088 999 factum
2119 962 2234 999 suerit
2263 975 2285 998 a
2315 961 2453 1000 Necta-

1321 1017 1407 1066 rio,
1449 1017 1594 1055 discere
1629 1029 1828 1070 possumus
1866 1029 1909 1052 ex
1940 1014 1981 1054 S.
2009 1015 2119 1054 Joan.
2147 1016 2417 1067 chrysostomo
2437 1046 2450 1064 ,

1320 1072 1389 1122 qui
1432 1070 1557 1109 eidem
1597 1072 1637 1108 in
1679 1068 1835 1107 'Plirono
1876 1069 2197 1121 Constantinopol.
2241 1071 2451 1108 successit.

1321 1125 1356 1161 ls
1382 1133 1511 1162 'autem
1542 1124 1583 1162 S.
1614 1123 1720 1161 Pater
1750 1122 1784 1159 8(
1813 1136 1942 1174 saepe,
1973 1122 2007 1159 8(
2036 1133 2164 1174 aperte
2193 1123 2332 1172 docet,
2363 1137 2454 1162 con-

1320 1177 1524 1216 fessionem
1553 1187 1797 1229 peccatorum
1830 1176 2043 1214 faciendam
2074 1190 2150 1214 esse
2179 1190 2310 1215 coram
2338 1177 2452 1228 Deo,

1317 1243 1396 1269 non
1425 1244 1557 1270 coram
1586 1230 1808 1268 hominibus
1826 1255 1837 1267 .
1868 1230 1984 1267 Ηοιη.
2007 1229 2144 1268 LVlll.
2191 1228 2451 1268 Verecunda-

1316 1287 1399 1333 ris,
1429 1285 1579 1337 inquit,
1609 1284 1659 1324 ἔθ’
1689 1282 1883 1323 erubescis
1903 1287 2113 1321 enuntiare
2133 1283 2344 1334 peecata?
2374 1284 2451 1322 Sa-

1317 1351 1369 1376 ne
1397 1337 1556 1390 quidem
1585 1341 1618 1376 si
1647 1350 1790 1375 coram.
1818 1335 2036 1375 hominibus
2080 1350 2131 1374 ea
2173 1336 2346 1376 dicenda
2389 1351 2450 1376 es-

1316 1401 1434 1441 sent,
1475 1392 1526 1433 &
1554 1390 1808 1444 evzclgczncla,
1851 1405 1933 1429 non
1971 1400 2113 1429 tamen
2151 1395 2209 1429 itu,
2238 1391 2385 1442 pudere
2413 1401 2453 1431 te

1315 1450 1506 1496 oportuit:
1534 1445 1658 1498 pudor
1687 1449 1797 1483 enim
1825 1454 1884 1483 est
1901 1476 1912 1494 ,
1941 1445 2238 1497 &ignominia
2265 1458 2450 1496 peccare,

1315 1513 1396 1538 non
1425 1513 1514 1552 quoe
1542 1503 1790 1550 peccaveris,
1820 1498 2030 1552 confiteri.
2078 1497 2175 1537 ,Iam
2205 1512 2293 1538 vero
2322 1513 2452 1551 neque

1316 1558 1592 1592 necessarium
1621 1562 1707 1602 est,
1738 1551 1911 1591 ⁴testibus
1950 1552 2209 1603 praesentibus
2238 1552 2419 1606 confiteri
2437 1581 2450 1593 .

1315 1607 1431 1657 Apud
1459 1611 1718 1646 conscientiae
1758 1611 1957 1645 rationem
1987 1607 2076 1660 Jitzt
2117 1610 2316 1655 inquisitio
2353 1607 2450 1646 ‹teli-

1315 1671 1468 1699 ctorum
1487 1689 1498 1700 .
1526 1661 1621 1700 Sine
1650 1660 1875 1715 testibusfit
1890 1660 2110 1714 judicium.
2144 1660 2254 1699 Deus
2283 1671 2322 1700 te
2352 1675 2452 1700 con-

1301 1715 1496 1768 fitentem
1529 1716 1632 1754 solus
1661 1715 1773 1754 audit
1792 1743 1802 1753 .
1832 1717 1926 1754 Item
1957 1715 2071 1753 Hom.
2103 1714 2173 1755 lV.
2201 1715 2246 1752 de
2276 1716 2451 1755 Lazaro.

1320 1769 1399 1807 Cur
1426 1774 1568 1822 igitur,
1599 1783 1755 1819 quaeso,
1784 1769 1986 1820 puclescis,
2016 1769 2066 1810 (ν’
2095 1769 2289 1808 erubescis
2318 1769 2450 1808 dicere

1311 1834 1482 1874 peccata.
1512 1833 1581 1862 tua
1596 1823 1620 1860 ?
1649 1821 1762 1861 Num
1791 1827 1901 1861 enim
1920 1823 2070 1861 homini
2090 1823 2187 1861 dicis
2203 1854 2213 1872 ,
2244 1833 2283 1860 ut
2303 1833 2341 1862 te
2359 1837 2450 1874 pro-

1312 1877 1380 1916 bro
1409 1876 1604 1926 afficiat?
1645 1875 1756 1915 qum
1787 1882 1897 1915 enim
1927 1890 2114 1915 conservo
2142 1877 2370 1932 confiteris,
2407 1888 2450 1914 ur:

1311 1935 1354 1969 in.
1381 1931 1576 1982 publicum
1597 1929 1814 1982 proferat?
1842 1931 1974 1969 Immo
2003 1943 2092 1969 vero
2121 1935 2182 1979 el,
2212 1936 2276 1982 qui
2306 1931 2449 1969 Domi-

1311 1999 1387 2023 nus
1417 1995 1503 2034 est,
1547 1986 1597 2027 Θ
1626 1989 1690 2037 qui
1719 1989 1774 2023 tui
1803 1996 1949 2023 'curam
1986 1988 2113 2038 gerit,
2155 1985 2206 2025 (9·
2249 1984 2450 2024 humanus

1311 2048 1398 2078 est.
1429 2039 1584 2078 Similia
1613 2040 1756 2091 saepius
1787 2040 1921 2091 repetit
1949 2038 1991 2077 S.
2021 2038 2152 2087 Pater,
2183 2038 2297 2090 liujus
2329 2041 2449 2079 trede-

1311 2095 1393 2132 cim
1420 2094 1632 2133 testimouia
1662 2093 1738 2131 huc
1766 2093 1974 2145 spectantia
2004 2093 2166 2132 studiose
2185 2093 2450 2145 collegitDal-

1313 2148 1439 2196 laeus,
1483 2161 1560 2186 non
1590 2157 1630 2186 ut
1658 2148 1862 2186 consentiat
1890 2146 2122 2200 patriarcha:
2161 2160 2228 2185 suo
2256 2146 2446 2196 Calvino,

1310 2201 1498 2240 effutienti
1527 2202 1644 2240 fuisse
1672 2216 1695 2239 a
1723 2201 1903 2240 Nectario
1944 2210 2128 2239 secretam
2166 2200 2445 2238 confessionem

1309 2255 1522 2302 abolitam,
1565 2255 1628 2293 sed
1672 2263 1711 2292 ut
1741 2256 1918 2302 evincat,
1959 2268 2159 2307 uunquam
2201 2255 2241 2291 in
2269 2253 2446 2293 Ecclesia

1307 2310 1597 2359 Constantinop.
1643 2307 1744 2346 lianc
1785 2308 2062 2346 consessionem
2104 2307 2345 2345 obtinuisse.
2394 2307 2443 2345 Et

1307 2362 1466 2414 quidem
1497 2361 1665 2399 inficiari
1696 2373 1768 2399 non
1790 2374 2011 2413 possumus,
2043 2359 2127 2398 liaec
2157 2361 2371 2400 testimonia
2391 2364 2442 2399 si-

1308 2415 1391 2454 mul
1424 2416 1529 2454 unita
1559 2428 1739 2466 magnam
1769 2414 1951 2452 exhibere
1979 2413 2244 2452 difficultatem
2263 2444 2273 2462 ,
2304 2416 2343 2452 in
2363 2429 2442 2467 qua

1308 2469 1487 2507 solvenda
1516 2468 1702 2520 Theologi
1733 2481 1806 2506 non
1837 2482 1951 2506 unam
1981 2469 2313 2507 instituuntrviam
2345 2470 2408 2521 (th)
2429 2495 2441 2508 .

1309 2522 1388 2562 Nos
1416 2531 1541 2560 autem
1572 2537 1661 2561 cum
1691 2532 1816 2560 nostro
1845 2521 1974 2560 Natali
2005 2521 2224 2561 Alexandro

1367 2575 1459 2623 544.
1491 2575 1799 2629 Respondemus,
1846 2576 2165 2630 Chrysostomum
2205 2576 2438 2629 plerumque

1724 2655 1726 2657 μ
2314 2643 2389 2668 non

1312 2738 1416 2772 ctat-ii
1442 2737 1573 2772 factum
1598 2737 1783 2772 defendere
1808 2738 1963 2772 voluisse
1979 2760 1991 2778 ,
2024 2749 2063 2771 :ic
2089 2745 2274 2783 propterea
2299 2736 2341 2770 de
2367 2737 2443 2773 sola

1311 2786 1520 2830 poenitentia
1545 2785 1682 2830 publica
1699 2807 1710 2825 ,
1734 2797 1811 2830 qna:
1839 2797 1899 2830 per
1923 2797 2002 2818 enm
2029 2785 2143 2818 suerat
2169 2785 2360 2829 abrogata,
2385 2797 2442 2818 es·-

1313 2844 1347 2864 se
1375 2830 1664 2876 intelligendum.
1691 2833 1793 2865 Dion.
1823 2832 1981 2865 l'etavius
2007 2831 2042 2864 in
2069 2830 2248 2864 animadv.
2275 2830 2318 2865 ad
2345 2832 2379 2864 S.
2400 2833 2444 2866 E-

1311 2877 1518 2924 piphanium
1547 2880 1639 2912 Hm.
1662 2881 1752 2912 htx.
1780 2887 1965 2924 postquam
1989 2878 2106 2911 locum
2124 2878 2369 2923 Chrysostomi
2397 2891 2442 2912 ex

1314 2926 1421 2959 Hom.
1450 2926 1492 2958 V.
1530 2926 1584 2958 De
1611 2925 1773 2969 Incompr.
1801 2925 1869 2958 Dei
1897 2933 2018 2958 natura
2044 2923 2086 2957 ‹le
2112 2925 2242 2959 abolita
2269 2927 2441 2970 poeniten-

1312 2972 1360 3005 tia
1380 2972 1519 3017 publ1ca
1547 2973 1754 3017 explicasset
1774 2994 1785 3013 ‚
1809 2971 1884 3005 haec
1908 2970 2004 3005 addit
2024 2980 2145 3005 notatu
2164 2970 2292 3016 digna:
2321 2972 2442 3017 Quam·

1311 3032 1405 3064 quam
1430 3023 1532 3054 multu
1559 3028 1635 3053 sune
1659 3033 1679 3053 α
1705 3022 1943 3053 sanctissimis
1969 3017 2156 3060 Patribus,
2189 3023 2439 3063 prasertimque

1311 3079 1332 3099 a
1359 3067 1612 3112 Chrysostomo
1638 3070 1675 3099 in
1698 3066 1869 3100 Homtliis
1894 3078 2035 3109 aspersa
2053 3087 2065 3106 ,
2089 3079 2157 3111 ‹711ae
2183 3069 2214 3099 si
2240 3067 2285 3099 ad
2309 3071 2438 3097 exacte

1314 3117 1472 3147 veritatis
1498 3117 1646 3157 regulum
1671 3115 1924 3147 accommodare
1950 3115 2120 3154 volueris,
2156 3114 2233 3145 boni
2260 3123 2378 3143 sensus
2406 3111 2437 3141 i-

1306 3164 1410 3193 nania
1435 3162 1653 3195 videbuntur.
1681 3161 1816 3206 Quippe
1841 3162 2088 3195 declamatorio
2114 3162 2178 3193 illo
2203 3170 2292 3189 more
2309 3158 2354 3189 ad
2371 3159 2433 3188 im-

1306 3211 1451 3250 peritam
1465 3208 1550 3252 sere
1576 3209 1828 3242 multitudinem.
1853 3208 2086 3253 exaggerandi
2106 3217 2228 3243 causa,
2254 3208 2294 3236 <5⁴
2323 3203 2434 3235 subito

1306 3256 1446 3297 quodam
1472 3259 1595 3300 impetn
1613 3257 1785 3295 dicendi,
1809 3267 1851 3288 ac
1877 3258 1992 3288 calore
2015 3253 2156 3297 profusa
2171 3250 2334 3293 seruntur
2357 3250 2432 3289 ple-

1301 3313 1434 3347 rumque
1458 3304 1623 3336 licentius
1643 3326 1652 3334 .
1690 3301 1789 3335 Unde
1814 3315 1856 3335 ex
1881 3305 2024 3335 aliorum
2049 3305 2298 3338 comparatione
2335 3297 2431 3327 loco-

1302 3360 1398 3388 rum,
1425 3351 1476 3382 vel
1502 3350 1734 3383 conciliorum
1757 3352 1870 3391 potius
1887 3369 1898 3387 ,
1935 3359 1976 3379 ac
2002 3345 2138 3377 patrum
2174 3343 2396 3385 temperanda
2416 3361 2431 3381 s

1302 3398 1345 3437 (9⁴
1369 3399 1406 3431 t'n
1429 3407 1558 3443 gyrum
1583 3398 1740 3435 veritatis
1766 3395 1955 3441 revocanda
1981 3398 2079 3427 sunt·
