2605 3624
353 104 378 144 <3

299 184 473 236 Quaeres
508 175 680 234 quinto,
727 185 780 212 an
811 171 1053 224 baptizandi
1097 171 1179 210 sint
1210 169 1284 209 sub

417 239 641 279 conditione
673 232 853 286 infantes
886 243 1026 272 recens
1058 232 1145 270 nati
1162 261 1173 282 ,
1215 230 1285 281 qui

416 298 566 337 mortui
599 295 788 334 videntur
808 295 833 330 .>

298 360 471 411 Quaeres
505 361 625 394 sexto
645 385 657 407 ,
690 355 787 405 quid
803 355 1014 404 agendum
1035 353 1091 390 sit
1120 363 1217 390 cum
1233 350 1285 388 iis

414 414 668 468 infantibus,
715 415 785 464 qai
816 419 925 451 certo
971 412 1123 449 mortui
1163 417 1285 460 sunt,
1331 432 1335 435 -

416 476 666 515 miraculose
691 480 837 511 autem.
868 473 921 510 ad
953 470 1285 509 intercessionem

416 537 601 585 alicujus
614 533 757 571 Sancti
774 532 1018 570 reviviscere
1035 529 1284 568 creduntur?
1303 521 1402 565 ibid.

295 595 471 648 Quaeres
507 590 707 649 septimo,
740 592 838 642 quid
870 591 923 629 sit
946 590 1180 641 baptismus
1211 599 1284 639 pro

1304 281 1403 326 ibid.

413 653 626 694 mortuis?
1326 645 1407 693 184

295 715 469 767 Quaeres
505 719 645 753 octavo
663 743 673 763 ,
707 711 804 762 quid
828 711 991 761 proprie
1006 710 1059 748 sit
1079 709 1205 758 vulgo
1226 708 1287 746 cli-

414 782 507 813 ctus
544 773 860 823 Campanorum
893 769 1172 820 baptismus?
1307 761 1392 804 ibid

300 834 437 892 Caput
456 832 535 873 XI.
568 833 634 872 De
669 828 884 880 effectibus
919 829 1158 880 Baptismi.
1328 826 1406 868 185

300 892 432 952 Prop.
457 892 488 932 l.
522 893 601 932 Per
631 891 888 941 baptismum
910 901 986 927 non
1019 889 1152 926 solum
1185 887 1290 925 tolli-

418 961 487 992 tur
518 959 739 1003 peccatum
780 949 1010 1000 originale,
1056 948 1128 986 sed
1159 947 1290 985 etiam

417 1014 607 1051 delentur
637 1016 813 1062 peccata
862 1009 1079 1058 actualia,
1132 1007 1168 1044 si
1201 1018 1292 1056 quae

413 1073 495 1110 sint
531 1073 573 1110 in
605 1071 794 1120 homine,
826 1068 898 1119 qui
929 1068 1199 1117 baptizatur.
1311 1060 1411 1104 ibid.

295 1130 421 1188 Prop.
445 1130 499 1170 ΙΙ.
533 1132 614 1169 Per
645 1129 902 1180 baptismum
937 1128 1056 1165 lzomo
1086 1126 1288 1164 liberatur

417 1192 466 1229 ab
498 1191 610 1228 omni
645 1196 765 1227 reatu
798 1188 988 1239 peccati.
1328 1184 1407 1233 187

296 1250 328 1292 P
336 1264 425 1307 τοι).
446 1248 521 1289 111.
540 1250 619 1288 Per
634 1249 891 1299 baptismum
908 1247 1063 1285 homini
1079 1242 1290 1296 conserun-

417 1317 486 1348 tur
515 1311 691 1361 gratiae,
724 1304 762 1348 ξφ·
797 1309 972 1346 virtutes
994 1333 1005 1344 .
1328 1302 1409 1341 183

300 1369 474 1421 Quaeres
510 1366 674 1424 primo,
707 1380 759 1406 an
794 1368 1028 1417 baptismus
1061 1365 1213 1403 habeat
1249 1365 1291 1401 in

415 1430 603 1467 omnibus
635 1428 842 1477 aequalem
875 1424 1111 1474 effectum?

296 1486 471 1539 Quaeres
500 1482 705 1536 seeundo,
752 1493 896 1523 utrum
929 1485 1048 1533 fictio
1089 1483 1294 1533 impediat

422 1543 619 1594 effectum
652 1544 892 1594 baptismi?
927 1543 985 1580 Et
1018 1555 1072 1580 an
1104 1543 1294 1580 receden-

415 1613 454 1643 te
488 1604 656 1653 fictione
701 1602 936 1651 baptismus
981 1612 1108 1638 suum
1153 1612 1293 1639 conse·-

417 1671 572 1714 quatur
602 1660 839 1711 effectum?

299 1724 476 1776 Quaeres
511 1719 669 1773 lertio,
714 1733 768 1759 an
815 1725 988 1769 peccata
1032 1724 1121 1767 post
1162 1717 1296 1766 bapti-

421 1795 561 1822 smum
578 1781 801 1819 commissa
817 1779 905 1816 sola
940 1776 1139 1826 baptismi
1174 1776 1295 1813 remi-

419 1841 620 1881 niscentia
654 1840 847 1878 dolantur
862 1839 888 1875 ⁸>

300 1901 442 1959 CapuL
467 1898 564 1940 VH.
599 1900 664 1938 De
696 1898 894 1949 baptismi
928 1896 1140 1934 ministro.

302 1961 431 2018 Prop.
458 1958 491 1999 Ι.
533 1959 744 1997 Ordinarii
796 1956 976 1995 ministri
1027 1952 1294 2005 baptismatis

424 2027 520 2060 sunt
551 2019 781 2069 Episcopi,
814 2013 852 2056 ὃ*
887 2015 1153 2065 Presbyteri.

303 2076 510 2137 P1=op.11.
528 2078 707 2118 Diaconi
722 2089 796 2115 non
819 2083 915 2114 sunt
938 2074 1117 2112 ministri
1132 2073 1295 2112 ordina-

426 2141 477 2178 rii
501 2138 789 2190 baptismatis,
810 2137 881 2174 sed
906 2141 1070 2173 tantum
1092 2133 1296 2183 delegati.

307 2198 435 2257 Prop.
464 2197 542 2238 III.
575 2196 821 2237 Imminente
855 2195 1036 2246 periculo
1083 2194 1227 2231 mortis
1257 2203 1298 2229 e-

424 2260 529 2298 tiam
545 2258 666 2296 Laici
689 2257 904 2305 utriusque
926 2266 1082 2300 sexus5
1115 2253 1244 2290 immo
1260 2247 1297 2290 Β

427 2318 581 2367 Judaei,
603 2317 667 2355 vel
680 2316 864 2354 Gentiles
879 2314 1098 2364 baptizare
1114 2317 1296 2362 possunt.

309 2376 485 2429 Quaeres
501 2406 512 2426 ,
537 2386 590 2413 an
608 2376 747 2413 valeat
760 2375 994 2425 baptismus
1011 2384 1036 2410 a
1051 2373 1208 2410 duobus
1222 2371 1300 2408 mi-

430 2435 568 2474 nistris
588 2434 787 2484 collatus,
816 2445 989 2482 quorum
1014 2444 1122 2470 unus
1145 2442 1301 2481 aquam

431 2493 648 2546 infundat,
673 2493 779 2530 alter
801 2489 987 2542 formam
1017 2489 1298 2541 pronunciet?

311 2555 450 2611 Caput
484 2551 608 2592 XIII.
641 2552 787 2590 Breuis
833 2550 1004 2588 historia
1051 2551 1201 2589 veteris
1231 2561 1301 2588 ca-

431 2614 749 2653 techumenatus
764 2638 776 2648 .
1324 2601 1423 2648 ibidt

311 2673 440 2730 Prop.
475 2673 715 2724 Sapienter,
749 2667 786 2710 δ’
820 2671 977 2709 utiliter
1008 2670 1051 2707 in
1083 2668 1301 2719 baptizan-

434 2734 498 2772 dis
531 2732 775 2771 adhibentur
797 2730 1021 2768 essorcismi
1037 2755 1048 2766 .

315 2792 514 2847 Quaeres,
548 2803 627 2843 an,
660 2791 822 2841 quando
844 2802 971 2840 super
1003 2786 1229 2839 infantibus
1261 2788 1303 2825 in

435 2864 539 2892 casu
571 2851 829 2889 necessitatis
843 2849 1043 2901 privatim
1076 2848 1304 2897 baptizatis

435 2912 681 2962 supplentur
695 2909 948 2949 coeremonioe
965 2908 1129 2947 omissoe
1142 2938 1153 2958 ,
1174 2907 1304 2945 etiam

436 2971 621 3022 suppleri
651 2970 823 3008 debeant
854 2967 1114 3007 exorcismi?

319 3032 459 3086 Caput
494 3036 625 3086 postr.
663 3029 728 3068 De
765 3028 1005 3068 coeremonis
1034 3026 1252 3077 baptismi.

317 3086 571 3131 Dissertatio
597 3085 674 3127 IV.
715 3089 780 3128 De
814 3087 1130 3137 Confirmatione
1152 3113 1162 3124 .

320 3149 460 3207 Caput
485 3147 518 3188 I.
552 3148 881 3198 Confirmationis
906 3158 1050 3186 nomen
1079 3147 1187 3184 unde
1210 3145 1264 3183 sit
1277 3146 1303 3182 Ρ

439 3209 647 3259 EJusdem
678 3208 861 3258 definitio
893 3208 1074 3245 traditur
1090 3219 1108 3253 ,·
1154 3217 1203 3244 ac
1235 3206 1305 3243 de-

440 3281 559 3308 mum
599 3280 695 3309 eam
732 3280 821 3309 esse
850 3278 995 3307 verum
1040 3277 1153 3304 novoe
1198 3265 1305 3315 legis

1314 1651 1415 1695 ibid.

1334 1846 1345 1870 1
1359 1845 1411 1884 qo

1314 1887 1412 1930 ibid.

1314 2006 1413 2049 ibid.

1335 2144 1413 2183 192

1338 2322 1416 2361 19..)

1339 2501 1419 2540 ¹97

1342 2738 1421 2779 199

1339 2977 1416 3003 201

1338 3038 1419 3062 202

1340 3086 1421 3124 205

1594 167 1915 206 Sacramentum
1932 199 1942 218 ,
1974 167 2307 207 demonstratur.
2481 162 2582 208 ibid.

1473 223 1604 282 Prop.
1638 225 1670 265 I.
1711 228 1783 265 Eae
1830 228 1963 265 sacris
2006 227 2156 266 litteris
2201 227 2463 278 ostenditur,

1591 286 1953 336 Confirmationem
1986 298 2076 326 esse
2109 299 2277 338 verum,
2309 283 2347 325 ξφ·
2375 297 2465 337 pro-

1593 347 1733 396 prium
1774 358 1888 384 nova?
1928 347 2034 396 Iegis
2081 345 2404 385 Sacramentum
2437 357 2464 384 ct

1591 406 1739 444 ceteris
1770 406 2010 444 distinctum
2027 431 2037 443 .

1473 462 1600 521 Prop.
1633 462 1686 502 11.
1720 465 1789 502 Ex.
1815 471 2002 504 ueterum
2022 465 2197 502 Patrum
2221 465 2469 516 traditione,

1591 530 1715 574 atque
1748 524 1951 561 Ecclesioe
1982 524 2204 574 disciplina
2246 525 2469 576 probatur,

1596 582 1957 632 Confi-rnmtionem
1990 594 2078 620 esse
2099 594 2246 623 verum
2278 595 2392 623 novae
2409 584 2467 622 le-

2493 404 2579 445 206

1597 644 1663 693 gis
1697 643 2047 680 Sacramentum.
2510 638 2590 681 208

1477 702 1616 759 Capul,
1648 700 1702 741 ll.
1744 702 1810 740 De
1842 701 2022 739 materia
2069 701 2334 740 Sacramenti
2371 700 2471 741 Con-

1589 762 1845 812 firmationis
1861 787 1872 799 .
2508 758 2593 808 214

1478 821 1604 878 Prop.
1623 821 1653 860 l.
1677 822 1863 860 Materia
1881 823 2105 872 adaequata
2123 851 2135 871 ,
2158 818 2196 860 δέ
2212 822 2375 871 integra
2395 822 2471 860 Sa-

1598 881 1801 920 cramcnti
1835 880 2168 930 Confirmalionis
2210 887 2272 918 est
2322 893 2474 919 manus

1599 941 1807 992 impositio
1823 970 1835 993 ,
1858 937 1895 979 89·
1918 941 2029 979 sacri
2046 940 2288 978 chrismatis
2303 941 2443 978 unctio
2459 966 2468 977 .
2492 933 2591 977 ibid.

1482 999 1657 1052 Quaeres
1683 997 1845 1055 primo,
1868 1001 1967 1051 quid
1981 1001 2032 1037 sit
2053 999 2245 1038 Clzrisma
2260 1029 2272 1051 ,
2295 1011 2373 1049 quo
2399 1001 2473 1038 Sa-

1600 1066 1863 1099 cramentum
1908 1058 2240 1109 Confirmationis
2296 1059 2474 1097 admini-

1601 1121 1795 1159 stratur?
2513 1131 2556 1156 21
2575 1128 2594 1167 7

1480 1181 1657 1233 Qaoercs
1691 1174 1903 1231 secundo,
1937 1191 1992 1219 an
2024 1179 2217 1218 Chrisma
2253 1179 2399 1218 debeat
2414 1191 2477 1218 es,-

1599 1253 1642 1279 se
1675 1241 1725 1278 ab
1758 1240 1966 1291 Episcopo
1999 1239 2324 1278 consecratum?

1479 1297 1714 1356 Caputlll.
1748 1299 1814 1337 De
1841 1297 1984 1350 forma
2017 1297 2379 1349 Confirmationt's.

1478 1357 1666 1417 P1-0p.l.
1700 1358 1854 1396 Forma
1889 1359 2154 1396 Sacramenti
2190 1357 2482 1407 Confirmatio-

1602 1419 1664 1457 nis
1697 1424 1791 1456 sunt
1825 1419 1972 1469 verba,
2027 1429 2118 1468 quae
2152 1418 2390 1468 Episcopus
2435 1418 2478 1454 in

1605 1478 1794 1517 unctione
1817 1478 2097 1528 pronunciat:
2131 1474 2260 1532 Signo
2296 1482 2338 1514 tc
2360 1473 2479 1530 signo

1604 1534 1781 1588 Crucis,
1813 1531 2074 1576 &confirmo
2106 1543 2147 1575 te
2165 1533 2393 1575 chrismate
2417 1547 2480 1573 sa-

1603 1594 1729 1635 tuLis.
1762 1595 1811 1636 ln
1844 1593 2010 1634 nomine
2044 1593 2208 1646 Patris,
2240 1593 2319 1634 &e.

1486 1653 1692 1710 Pr0p.11.
1725 1656 1938 1693 Probabile
1970 1657 2198 1694 admodum
2229 1663 2318 1706 est,
2350 1655 2483 1693 etiam

1603 1714 1853 1765 orationem,
1885 1727 1977 1764 quoe
2001 1713 2209 1766 profertur
2242 1716 2292 1752 ab
2309 1715 2484 1764 Episco-

2509 1236 2595 1276 218

2512 1307 2597 1347 2¹9

2501 1588 2602 1632 ibid.

1605 1784 1655 1824 po
1688 1773 1729 1810 in
1763 1773 2064 1823 protensionem
2116 1784 2329 1810 manuum
2360 1785 2486 1822 super

1603 1832 1934 1879 confirmandos,
1968 1831 2177 1878 pertinere
2212 1832 2267 1868 ad
2296 1828 2486 1879 Jormam

1604 1888 1870 1927 Sacramenti
1903 1886 2236 1936 Confirmationis
2251 1914 2262 1924 .

1483 1946 1622 2003 Caput
1653 1945 1732 1986 IV.
1763 1947 1828 1984 De
1847 1947 2111 1984 Sacramenti
2149 1946 2481 1996 Confirmationis

1604 2004 1818 2055 effectibus
1834 2032 1845 2044 .

1483 2064 1610 2122 Prop.
1625 2065 1659 2105 1.
1683 2067 1731 2104 In
1756 2065 2086 2116 Confirmationis
2111 2067 2384 2106 Sacramenta
2408 2070 2484 2107 rite

1605 2133 1795 2176 suscepto
1811 2125 2018 2172 confertur
2034 2127 2175 2176 gratia
2191 2128 2482 2177 sanctificans.
2505 2122 2605 2166 ibid.

1487 2185 1615 2243 Prop.
1640 2184 1696 2225 ΙΙ.
1730 2186 1845 2224 Alter
1861 2187 2125 2224 Sacramenti
2149 2185 2482 2236 Confirmationis

1608 2244 1783 2295 effectus
1812 2252 1874 2284 est
1905 2245 2129 2285 character
2161 2246 2202 2283 in
2235 2247 2378 2286 anima
2409 2248 2487 2285 im-

1607 2318 1778 2357 pressus
1793 2332 1804 2343 .

1489 2366 1629 2423 Caput
1673 2363 1726 2405 V.
1770 2366 1836 2404 De
1883 2365 2148 2405 Sacramenti
2203 2363 2492 2415 Confirmatio-

1608 2438 1670 2464 nis
1701 2432 1890 2463 ministro
1905 2451 1916 2462 .

1489 2482 1614 2542 Prop.
1638 2483 1672 2524 I.
1706 2485 1955 2523 Ordinarius
1973 2485 2238 2525 Sacramenti
2254 2484 2484 2536 Confirma-

1608 2545 1728 2583 tionis
1761 2545 1948 2582 minister
1979 2553 2041 2583 est
2072 2546 2184 2584 solus
2214 2545 2473 2596 Episcopus.
2506 2540 2605 2584 ibid.

1491 2602 1694 2661 Prop.11.
1727 2605 1967 2654 Presbyteri
1997 2606 2212 2656 simplices
2227 2612 2397 2656 possunt
2429 2617 2482 2644 ex

1610 2664 1867 2714 delegatione
1901 2663 2068 2702 Summi
2102 2665 2314 2713 Pontificis
2330 2665 2484 2702 Sacra-

1610 2730 1797 2762 mentum
1821 2722 2155 2772 Confirmationis
2185 2735 2259 2761 con
2281 2735 2370 2761 erre
2386 2749 2398 2761 .

1492 2782 1691 2837 Quaeres.
1724 2783 1789 2821 An
1821 2784 1875 2820 ad
1890 2784 2017 2821 solius
2034 2783 2151 2821 Rom.
2169 2783 2382 2832 Pontificis
2415 2795 2491 2821 au-

1610 2843 1848 2881 ctoritatem
1871 2843 2100 2893 pertineat,
2132 2842 2393 2893 Presbyteris
2417 2841 2489 2893 fa-

1613 2903 1818 2941 cultatem
1843 2903 2062 2941 concedere
2077 2899 2310 2953 conferendi
2333 2901 2488 2952 Confir-

1613 2975 1657 3001 m
1663 2964 1842 3001 ationem
1851 2963 1877 2999 Ρ

1493 3021 1634 3080 Caput,
1658 3019 1796 3061 Postr.
1830 3022 1896 3060 De
1912 3023 2235 3073 confirmationis
2267 3019 2489 3061 necessita-

1612 3090 1674 3133 te,
1707 3078 1745 3121 &
1780 3082 1830 3120 de
1861 3084 2088 3134 praecipuis
2118 3085 2213 3134 ejus
2245 3081 2416 3121 ritibus.

1492 3141 1620 3200 Prop.
1648 3143 1969 3181 Sacramentum
1986 3139 2316 3193 Confirmationis
2333 3150 2490 3190 praece-

1616 3199 1737 3255 'ptum
1753 3209 1815 3242 est
1822 3204 1924 3254 jure
1941 3203 2101 3256 divino,
2116 3200 2154 3243 fit
2170 3198 2490 3241 Ecclesiastico.
2526 3199 2605 3240 256

2517 1901 2601 1927 220

2521 2019 2600 2047 221

2524 2317 2605 2343 222

2523 2425 2605 2465 228

2523 2722 2605 2770 234

2527 2957 2605 3001 255

2511 3073 2605 3118 ibid.
