2605 3624
789 86 1228 136 osrimrionsss
1264 84 1693 131 saaniiissNTi.
2301 91 2327 137 3

90 179 138 222 Ο
161 189 326 219 sacrum
351 174 596 222 ωηνὶνὶιηη,
632 170 674 210 in
703 184 777 223 quo
809 170 984 210 Christus
1019 172 1217 207 sumitur:

93 235 278 274 recolitur
305 232 502 268 memoria
529 229 730 279 passionis
748 225 865 277 ejus:
893 237 1009 262 mens
1037 222 1220 273 impletur

91 291 251 343 gratiam
281 284 330 325 Θ
346 282 506 335 suturae
533 281 672 334 gloriae
700 278 811 317 nobis
835 282 979 331 pignus
1007 276 1148 315 (latur.

151 354 213 379 io.
239 337 314 376 Sed
344 345 384 374 ut
414 335 613 374 redeamus
641 334 688 372 ad
718 332 961 371 definitiones
986 330 1218 369 Sacramen-

84 402 214 432 florum
230 389 447 440 novaelegis
464 419 476 436 ,
506 389 565 428 hae
582 387 717 426 multa:
736 386 893 440 quidem
914 392 998 423 sunt
1013 413 1025 432 ,
1054 384 1093 421 in
1108 396 1215 421 eum·

86 448 176 485 dem
204 455 332 483 tamen
360 456 512 482 sensum
543 442 790 493 conspirant.
817 438 1080 478 Catecliismus
1103 436 1213 475 Rom.

85 498 130 538 Ρ.
148 498 197 536 ll.
217 512 302 549 cap.
322 510 356 536 i.
378 511 414 535 n.
437 496 476 541 4.
505 496 821 533 Sacramentum
839 524 850 542 ‚
879 494 1007 545 inquit
1025 522 1036 539 ,
1065 500 1122 528 est
1152 495 1211 528 in-

83 549 241 591 visibilis
266 553 417 604 gratioe
444 548 588 588 visibile
614 552 776 602 Signum
804 546 861 586 acl
886 555 1071 583 nostram
1094 546 1212 596 justi-

74 603 320 659 ficationem
347 607 568 642 institutum
585 630 597 642 .
627 602 711 640 l'ost
739 611 866 640 autem
896 615 935 638 n.
958 613 1015 637 ii.
1048 597 1143 636 hanc
1172 612 1213 636 a·

82 658 182 698 diam
213 659 429 696 uberiorem
460 657 572 695 tradit
587 656 851 694 definitionem
868 684 880 702 ,
908 667 1000 706 quae
1019 652 1069 690 ab
1089 653 1212 689 omui-

86 711 165 750 bus
193 711 273 749 fere
302 720 452 763 recepta
491 719 570 759 est,
607 711 764 757 dicens,
800 709 1093 747 Sacramentum
1123 718 1211 744 rem

86 777 180 804 esse
206 763 383 803 sensibus
411 764 631 816 subjectam
648 792 661 811 ,
689 775 780 814 quae
805 774 860 799 ex
875 759 953 798 Dei
969 762 1214 798 institutione

86 822 318 857 sanctitatis
338 847 350 866 ,
387 821 438 858 (θ’
461 819 631 870 justitioe
657 826 742 852 tum
771 812 1082 867 signficamlae,
1127 823 1210 851 tum

84 871 314 920 efficiendae
339 874 416 909 vim
444 869 587 909 habet.
629 869 729 917 Quae
758 868 934 906 definitio
962 869 1017 906 sie
1045 867 1214 906 breviter

81 926 316 977 exponitur.

145 990 206 1018 ir.
238 978 390 1016 Dicitur
422 979 578 1028 primo,
621 990 701 1015 esse
741 988 830 1014 rem
863 972 1041 1013 sensibus
1081 973 1210 1026 subje-

82 1040 198 1069 ctam
215 1061 225 1078 ‚
249 1033 341 1084 quia
361 1031 609 1070 Sacramenta
628 1030 766 1069 debent
782 1043 860 1067 esse
879 1028 1026 1081 aliquid
1050 1028 1211 1066 sensibi-

80 1083 142 1132 le,
171 1098 259 1122 cum
289 1087 361 1123 sint
379 1083 586 1137 Religionis
615 1094 749 1122 nostra:
779 1084 924 1121 externi
949 1083 1045 1120 ritus
1067 1081 1212 1133 quibus

80 1137 217 1177 fideles
245 1138 448 1177 visibiliter
466 1138 581 1177 simul
603 1138 892 1176 coadunantur.
921 1134 1105 1174 Secundo
1120 1135 1210 1174 sub-

81 1192 216 1240 ditur,
258 1205 338 1230 esse
362 1205 419 1229 ex
447 1196 691 1230 institutione
720 1190 825 1239 Dei,
867 1199 949 1228 tum
987 1190 1079 1241 quia
1108 1188 1209 1227 solus

82 1243 192 1283 Deus
216 1254 269 1283 est
296 1254 426 1284 auctor
452 1247 587 1298 gratias
604 1275 616 1294 ,
643 1259 732 1298 quae
761 1245 802 1283 in
832 1243 1090 1282 Sacramentis
1118 1257 1208 1281 con-

79 1298 242 1347 tinetur,
272 1298 306 1336 Bt
335 1300 550 1338 confertur:
578 1309 660 1338 tum
689 1299 806 1337 etiam
835 1299 930 1350 quia
959 1297 1208 1335 Sacramenta

82 1363 164 1390 non
190 1360 274 1391 sunt
301 1353 409 1405 signa
436 1353 628 1392 naturalia
647 1382 659 1401 ,
689 1361 728 1390 ut
757 1353 886 1390 fumus
916 1359 968 1390 est
997 1351 1147 1403 signum
1178 1352 1209 1388 i-

83 1405 171 1456 guis
191 1434 202 1454 ,
232 1404 267 1441 ἃ
297 1407 498 1457 vestigium
528 1407 662 1458 pedis,
689 1405 753 1444 sed
783 1407 915 1456 signa,
943 1418 1034 1458 quas
1065 1417 1117 1449 ex,
1130 1403 1210 1443 sola

78 1456 157 1496 Dei
188 1457 380 1497 voluntate
407 1461 570 1512 gratiam
600 1458 832 1498 invisibilem
863 1458 1106 1510 significant.
1143 1458 1210 1497 Sic

80 1511 124 1549 in
155 1510 349 1564 Baptismo
377 1523 529 1552 externa
570 1515 743 1565 corporis
770 1512 945 1562 ablutio,
991 1515 1179 1551 internam
1197 1542 1208 1560 ,

80 1562 118 1599 ἃ
137 1565 376 1617 spiritualem
396 1569 540 1606 animae
560 1567 871 1605 emundationem
888 1566 1101 1618 significat:
1132 1566 1209 1604 De-

78 1615 174 1656 Bent
213 1627 340 1659 tamen
369 1620 453 1659 haec
481 1623 586 1674 signa
615 1621 788 1672 aliquam
819 1619 1036 1671 analogiam
1067 1619 1210 1657 habere

77 1680 169 1710 cnm
196 1671 334 1712 effectu
356 1703 368 1722 ,
404 1687 522 1727 quem
551 1674 769 1726 significant
799 1674 863 1723 (a)
882 1699 894 1709 .
940 1671 1074 1710 Tertio
1101 1672 1209 1708 addi-

76 1730 171 1773 ⁴tur,
210 1725 321 1764 ittam
351 1740 432 1764 rem
450 1756 461 1775 ,
490 1740 555 1765 seu
585 1739 734 1765 sacram
763 1727 1034 1763 caeremoniam
1065 1723 1210 1762 habere

79 1780 158 1814 vim
187 1783 444 1826 sanctitatis,
490 1780 734 1831 &justitiae
769 1787 855 1814 tum
890 1777 1209 1832 significandae,-

77 1837 165 1866 tum
185 1828 432 1877 efficiencloe‚·
459 1831 603 1882 quibus
624 1831 752 1869 verbis
770 1832 949 1878 docetur,
978 1833 1208 1869 Sacramen-

76 1887 117 1919 ta
146 1895 223 1919 esse
249 1884 353 1932 signa
381 1895 457 1920 non
485 1883 727 1933 speculativa
744 1912 754 1930 ,
784 1884 847 1920 sed
876 1886 1086 1934 practica,
1115 1897 1205 1936 quae

78 1947 125 1972 ex
153 1935 285 1974 divina
314 1935 551 1974 institutione
592 1937 632 1974 iii
660 1950 698 1973 se
727 1936 906 1973 virtutem
938 1936 1078 1975 liabent
1117 1951 1204 1989 gra-

74 1988 171 2026 tiam
201 1988 434 2040 producendi
464 1989 505 2027 in
535 2002 605 2038 eo,
647 1990 716 2042 qui
758 1989 910 2028 obicem
952 2003 1029 2029 non
1067 1992 1204 2042 ponit.

74 2040 192 2080 Unde
219 2040 301 2080 iltae
327 2055 447 2082 sacrae
475 2045 720 2081 caeremoniae
738 2073 749 2092 ,
791 2057 882 2095 quae
920 2047 993 2082 hac
1034 2046 1202 2094 virtute,

73 2094 113 2132 ἃ
141 2093 313 2135 efficacia
340 2096 515 2150 proeditae
545 2109 621 2135 non
650 2106 763 2146 sunt,
789 2096 862 2134 sed
888 2106 1051 2136 tantum
1078 2103 1202 2151 signi-

60 2147 203 2202 ficant
229 2148 522 2202 dispositionem
552 2150 609 2188 acl
636 2154 925 2201 sanctitatem,
955 2165 1036 2190 non
1064 2151 1204 2191 dicun-

73 2210 142 2239 tur
169 2201 444 2242 Sacramenta
460 2217 477 2249 ;
504 2212 545 2243 ut
559 2206 684 2258 inquit
700 2204 909 2258 Angelicus
938 2205 976 2245 5.
993 2205 1037 2246 Ρ.
1065 2216 1204 2260 quaest·

71 2253 142 2295 60.
169 2264 242 2295 art.
259 2269 297 2296 2.
325 2259 374 2297 ad
393 2257 433 2297 5.

137 2322 198 2348 12.
226 2309 403 2365 Denique
429 2313 603 2351 omittere
641 2311 819 2353 nolumus
848 2313 1060 2366 pleniorem
1089 2313 1201 2355 illam

69 2360 311 2403 Sam-amenti
337 2366 604 2405 definitionem
621 2396 633 2416 ,
659 2381 778 2420 quarn
795 2369 908 2406 tradit
929 2367 1056 2407 Guill.
1073 2367 1203 2408 Estius

68 2415 115 2454 in
143 2415 214 2456 IV.
242 2416 423 2458 Sentent.
452 2419 551 2458 Dist.
573 2421 604 2459 1.
633 2419 673 2472 ᾗ.
694 2434 728 2460 i.
759 2421 818 2460 his
848 2422 1003 2461 verbis.
1047 2421 1200 2461 Sacra-

71 2478 255 2510 mentum
283 2481 341 2511 est
369 2481 585 2512 externum
606 2473 807 2526 quoddam
825 2505 836 2524 ,
864 2476 915 2517 <9¹
935 2475 1123 2515 sensibile
1144 2481 1197 2515 si-

139 2536 197 2562 tm
224 2527 448 2576 Inter-ioris,
477 2536 599 2580 atque
625 2527 826 2568 invisibilis
843 2534 1022 2583 gratioe,
1049 2531 1198 2582 &qui-

188 2588 246 2616 ex
271 2578 406 2619 divina
446 2585 692 2621 institutione
719 2582 902 2631 efficax:
949 2583 990 2622 ici
1031 2593 1089 2622 est
1125 2597 1194 2633 per

66 2629 173 2680 quod
189 2630 302 2670 Deus
329 2644 438 2673 certo
463 2643 586 2687 atque
612 2635 845 2688 infallibiter
871 2642 1020 2690 gratioe
1039 2639 1196 2676 saluta-

66 2690 155 2720 ’ἐπὶ
183 2682 371 2734 effectum
399 2697 586 2740 operatur
615 2693 657 2727 in
684 2695 948 2742 suscipiente,
978 2691 1198 2731 dummodo

69 2733 129 2771 nd
153 2735 194 2774 ἰά
219 2743 294 2778 rite
316 2752 573 2794 proeparatus
599 2743 799 2796 accedat,
824 2753 898 2784 aut
916 2755 1026 2785 certe
1043 2746 1197 2785 obicem

69 2796 155 2825 ‘non
179 2800 299 2839 ponat
329 2793 386 2848 (b)
408 2822 422 2836 .

113 2969 178 3019 ο(εἰ)
204 2966 238 3000 S·
254 2968 469 3016 Augustinus
491 2979 594 3024 epist·
621 2981 860 3018 Lxxxvni.
903 2981 947 3016 ad
974 2982 1194 3018 Bonifacium

71 3010 160 3046 ’¹¹¹¹'
181 3014 238 3046 ²3·
266 3026 362 3072 mim?
378 3029 415 3072 9·
439 3021 483 3054 Τ-
503 3026 546 3058 lt.
574 3026 618 3059 Si
642 3033 732 3062 enim
747 3050 758 3070 ‚
785 3029 928 3075 inquit,
966 3032 1194 3065 Sacramenta

70 3061 249 3104 quamdam
273 3066 535 3101 similitudmem
552 3083 665 3106 earum
683 3087 791 3109 rernm
801 3100 812 3119 ,
837 3088 970 3121 quarum
987 3077 1015 3110 S
1018 3087 1195 3111 aci-amen-

64 3106 108 3139 ’τα
131 3115 207 3139 sant
221 3128 234 3148 ,
257 3120 322 3141 non
348 3109 532 3152 haberent,
556 3122 690 3153 omnino
707 3120 931 3157 Sacramenta
959 3137 1024 3157 non
1049 3132 1168 3158 essent
1184 3147 1195 3158 .

69 3150 237 3187 Advertit
262 3163 379 3188 autern
398 3159 586 3203 Angelicus
612 3163 646 3194 3.
659 3163 698 3195 P.
713 3175 838 3209 qua-st.
856 3169 914 3212 64.
934 3179 1001 3204 art.
1020 3182 1051 3203 2.
1070 3170 1114 3204 ad
1134 3182 1165 3204 2.
1182 3190 1196 3213 9

72 3193 183 3231 Deum
210 3204 431 3247 praelegisse
456 3207 615 3248 quasdam
641 3220 697 3241 res
718 3213 806 3244 aliis
828 3216 887 3254 {acl
910 3217 1193 3261 significationes

68 3242 375 3290 'aeramentalem
412 3263 476 3284 non
501 3257 579 3295 «μιιά
603 3256 651 3288 ud
673 3266 734 3288 eas
759 3261 981 3295 contrahatur
1002 3264 1077 3310 eius
1100 3264 1191 3308 affe-

75 3296 175 3332 erm,
199 3296 262 3328 secl
286 3304 322 3329 ut
348 3300 396 3330 sit
423 3303 679 3334 convenientior
705 3301 948 3346 significatio.

116 3339 164 3381 (ὅ)
193 3339 347 3385 Quidam
383 3344 593 3382 scholastici
630 3348 777 3385 inficiati
815 3358 926 3392 sunt,
964 3353 1192 3392 Sacramenta

1440 216 1683 271 Referuntur
1711 214 1963 269 definitiones
1983 218 2244 259 Sacramenta·

1589 270 1751 308 tratlitae
1779 268 1831 307 ab
1859 269 2071 311 Haereticis
2088 300 2100 313 .

1342 378 1404 419 13.
1432 378 1492 417 J0.
1512 377 1762 425 Gherardus,
1791 376 1956 416 celebris
1982 377 2076 416 oliin
2097 393 2114 415 a
2151 382 2196 418 ud
2220 381 2405 422 Lutliera-

1282 444 1349 472 nos
1378 432 1572 484 Tlielogus
1601 431 1725 470 Tomo
1741 430 1845 469 Vlll.
1874 430 2073 470 Locorum
2142 432 2288 487 ἂεοῖυς.
2330 437 2405 476 Lo-

1280 500 1326 524 co
1345 485 1455 524 xlx.
1486 500 1572 538 cap-
1591 486 1629 524 3.
1659 499 1735 525 non
1765 484 1929 523 inultum
1963 487 2091 537 primo
2117 500 2269 537 aspectu
2298 506 2319 528 a
2340 504 2404 528 no-

1278 541 1367 578 stris
1384 540 1675 578 definitionibus
1694 537 1876 577 abludere
1894 540 2041 578 videtur
2057 570 2068 588 ,
2096 539 2219 578 solum
2241 556 2379 594 negans
2394 574 2408 593 ,

1281 597 1441 646 signum
1471 608 1550 632 esse
1579 595 1801 646 proximum
1818 623 1829 642 ,
1859 592 1891 629 8<
1912 594 2161 646 adaequatuin
2181 595 2409 636 Sacramen-

1282 648 1307 685 ti
1337 661 1482 699 genns;
1510 646 1548 683 &
1575 659 1647 699 pro
1671 651 1789 700 signo
1819 646 1900 686 vult
1931 649 2144 698 ponendam
2174 663 2252 687 esse
2282 650 2321 688 iu
2341 652 2406 688 de-

1280 701 1456 739 finitione
1482 704 1715 749 actionem,
1758 714 1877 753 quain
1908 702 2138 752 proprium,
2180 701 2213 738 &
2253 707 2409 756 propin-

1279 768 1401 805 quum
1430 769 1548 807 genus
1578 769 1654 793 esse
1673 755 1865 792 contendit
1882 780 1894 792 .
1925 753 1986 791 llli
2010 756 2087 792 fere
2101 759 2334 795 consentiens
2347 757 2407 796 Jo-

1281 809 1425 847 Fraiic.
1456 809 1661 857 Buddeus,
1697 811 1764 861 qui
1792 821 1840 845 ox
1872 809 2150 847 recentioribus
2178 810 2409 850 Lutlieranis

1281 860 1552 901 Institutiones
1585 861 1832 916 Tlieologicae
1853 860 2113 914 Dogmaticoe
2143 864 2286 912 edidit,
2318 864 2408 903 Lib.

1282 915 1353 953 IV.
1382 930 1468 968 cap.
1497 931 1530 954 i.
1561 916 1598 970 ᾗ.
1627 916 1686 954 16.
1717 931 1785 968 per
1813 916 2103 955 Sacramentum
2135 917 2217 956 vult
2245 918 2409 971 intelligi

1281 973 1483 1007 actionem
1512 969 1737 1021 quamdam
1761 969 1943 1007 ‹lii-initus
1959 970 2205 1009 mandatam
2222 1001 2234 1020 ,
2262 973 2312 1012 Θ
2332 977 2408 1010 cir·-

1278 1035 1331 1060 ca
1360 1024 1603 1062 elementum
1634 1024 1794 1074 aliquod
1824 1033 2039 1062 externum
2062 1054 2073 1073 ,
2101 1026 2151 1065 <J
2180 1025 2324 1064 visibile
2342 1039 2408 1065 oc-

1281 1086 1474 1126 cupatam
1493 1108 1502 1124 ,
1533 1091 1604 1128 per
1633 1091 1780 1127 quam,
1810 1077 2028 1116 accedente
2057 1078 2170 1117 verbo
2198 1084 2408 1118 institutio-

1278 1134 1367 1176 nis,
1394 1135 1535 1183 gratia
1565 1129 1780 1183 Evangelii
1810 1130 1858 1168 (le
1887 1136 2122 1169 remissione
2150 1144 2406 1182 peccatorum

1274 1183 1335 1221 aci
1353 1188 1476 1222 vitam
1497 1192 1698 1222 oeternam
1718 1183 1924 1236 confertur
1938 1214 1949 1232 ,
1969 1185 2019 1225 <J
2033 1185 2265 1238 obsignatur
2280 1215 2291 1226 .
2313 1187 2334 1224 'l
2351 1189 2408 1225 iia

1278 1239 1395 1289 igitur
1422 1238 1470 1276 ad
1502 1252 1633 1277 veram
1655 1238 1893 1290 Sacrameiiti
1924 1241 2119 1278 notionem
2141 1242 2314 1292 requiri,
2342 1243 2409 1279 do-

1277 1301 1363 1340 cet,
1392 1296 1524 1342 primo
1551 1293 1742 1331 actionem
1773 1301 1993 1340 externam,
2024 1292 2058 1329 8t
2089 1293 2310 1332 visibilem:
2347 1308 2407 1333 se-

1274 1345 1408 1384 cundo
1435 1345 1668 1385 elementum
1697 1345 1850 1384 visibile
1877 1360 1899 1383 a
1921 1346 2004 1384 Deo
2024 1349 2311 1399 pra-scriptum:
2342 1347 2408 1388 cle·-

1277 1403 1421 1451 nique,
1454 1409 1493 1438 ut
1522 1415 1565 1438 ea
1583 1430 1594 1449 ,
1637 1414 1729 1452 quae
1759 1401 1799 1438 in
1826 1399 2041 1452 Evangelio
2069 1401 2290 1441 hominibus
2320 1417 2408 1455 pro-

1277 1455 1508 1502 mittuntur,
1539 1467 1606 1506 per
1635 1452 1736 1492 lianc
1764 1455 1951 1492 actionem
1981 1456 2028 1492 iis
2054 1456 2325 1494 conferantur.

1340 1508 1400 1553 14.
1433 1507 1547 1546 Porro
1575 1508 1605 1545 si
1636 1506 1844 1545 Lullierani
1889 1507 1947 1545 isti
1978 1507 2084 1545 aliud
2113 1511 2405 1562 contenderent,

1277 1576 1397 1613 quain
1427 1563 1466 1599 in
1495 1561 1766 1607 conficiendis,
1797 1560 1830 1596 ἃ
1851 1560 2162 1600 administrandis
2178 1562 2407 1602 Sacramen-

1277 1617 1323 1651 tis
1352 1619 1554 1651 actionem
1584 1614 1727 1664 requiri
1747 1643 1757 1660 ,
1787 1626 1904 1650 nemo
1930 1614 1984 1650 eis
2013 1627 2261 1668 repugnaret,
2291 1618 2405 1656 dum-

1277 1666 1392 1705 modo
1420 1676 1545 1704 tamen
1575 1666 1852 1714 concederent,
1899 1667 2024 1719 ipsam
2053 1671 2240 1709 actionem
2270 1685 2404 1724 corpo-

1274 1718 1397 1756 ralem
1428 1732 1502 1757 non
1530 1719 1640 1756 aliter
1670 1719 1719 1758 ad
1746 1718 1987 1758 sacramenti
2021 1723 2207 1762 rationem
2238 1728 2404 1777 pertine·

1276 1785 1343 1820 re,
1388 1774 1457 1810 nisi
1487 1774 1580 1823 quia
1610 1772 1644 1808 8(
1674 1773 1757 1825 ipsa
1785 1774 1886 1812 actio
1913 1783 1966 1812 est
1994 1776 2147 1828 signum
2177 1778 2334 1817 alterius
2363 1795 2404 1819 a-

1273 1827 1410 1864 ctionis
1454 1825 1662 1864 invisibilis
1683 1854 1694 1873 ,
1736 1839 1825 1879 quae
1855 1828 1895 1865 in
1926 1828 2038 1867 nobis
2064 1832 2225 1882 gratiam
2264 1833 2405 1885 produ-

1273 1881 1352 1917 cit.
1382 1879 1448 1917 Sic
1477 1880 1516 1917 in
1548 1879 1742 1931 Baptismo
1771 1882 1869 1918 actio
1896 1881 2078 1921 abluendi
2109 1897 2247 1938 corpus
2278 1896 2329 1925 est
2354 1890 2403 1927 si-

1270 1947 1393 1984 gnum
1423 1932 1634 1971 ablutionis
1660 1933 1894 1984 invisibilis,
1923 1950 2000 1989 qna
2028 1937 2135 1976 Deus
2164 1954 2230 1991 per
2259 1940 2403 1993 Baptis-

1273 2001 1381 2025 mum
1410 1989 1584 2026 animam
1626 2001 1650 2026 a
1678 1990 1827 2040 peccati
1856 1989 2034 2029 sordibus
2075 1993 2240 2032 interius
2266 2009 2403 2035 emun-

1268 2041 1334 2079 dat
1363 2040 1424 2093 (c)
1444 2067 1457 2080 .
1867 2080 1871 2083 .

1307 2096 1310 2099 ’
1329 2108 1342 2133 1
1356 2096 1394 2134 5.
1421 2094 1495 2134 Sed
1510 2094 1545 2132 8(
1561 2093 1659 2133 illud
1676 2103 1730 2134 est
1744 2098 1843 2136 serio
1858 2098 2240 2139 animadvertendum
2258 2133 2269 2151 ‚
2297 2104 2402 2156 quod

1268 2162 1340 2190 suo
1368 2149 1452 2188 loco
1491 2158 1620 2188 contra
1649 2149 1892 2191 Lutheranos
1925 2165 2082 2205 operose
2121 2155 2401 2196 demonstrabi-

1267 2211 1361 2251 tur,
1389 2202 1681 2242 Sacramentum
1712 2203 1991 2257 Eucharistiae,
2020 2209 2138 2246 etiam
2165 2219 2332 2249 cessante
2358 2226 2399 2250 a·

1273 2257 1428 2306 ctione,
1459 2271 1711 2310 permanere,
1741 2257 1775 2295 8t
1804 2261 1951 2298 tamdiu
1980 2274 2233 2314 permanere,
2261 2278 2399 2316 quam—

1271 2312 1339 2349 diu
1370 2321 1592 2363 permanent
1622 2311 1794 2351 visibilia
1823 2312 1908 2364 ejus
1926 2315 2061 2366 signa,
2090 2315 2235 2354 scilicet
2254 2321 2400 2370 species

1266 2364 1574 2404 sacramentale,
1603 2367 1738 2417 panis,
1768 2366 1802 2402 &
1831 2367 1915 2405 vini.
1935 2393 1948 2405 .

1329 2418 1389 2458 16.
1421 2419 1566 2457 Verum
1591 2420 1629 2456 in
1649 2417 1728 2456 alio
1745 2420 1872 2471 capite
1892 2419 2155 2461 vehementius
2171 2433 2296 2463 errant
2319 2425 2398 2464 Lu·

1265 2472 1441 2521 therani,
1481 2473 1583 2525 quod
1614 2471 1755 2521 velint,
1795 2472 2045 2514 Sacramenta
2086 2489 2165 2515 esse
2193 2479 2299 2530 signa
2331 2494 2397 2519 va·

1263 2542 1362 2576 cua,
1398 2542 1420 2564 a
1450 2526 1533 2565 Deo
1559 2527 1728 2564 instituta
1756 2526 1978 2567 dumtaxata
2006 2530 2054 2568 ad
2085 2532 2324 2571 excitandam
2357 2535 2397 2573 in

1262 2582 1374 2620 nobis
1401 2581 1520 2619 fidem
1541 2610 1554 2628 ,
1595 2594 1617 2618 a
1645 2593 1723 2632 qua
1760 2581 1849 2618 sola
1885 2592 2052 2622 nostram
2081 2583 2398 2636 justificationem

1263 2636 1428 2688 pendere
1447 2642 1646 2674 autumant
1664 2647 1675 2680 ;
1705 2647 1778 2672 non
1798 2645 1927 2674 autem
1948 2639 2052 2689 signa
2069 2637 2255 2687 efficacia
2273 2670 2283 2689 ,
2305 2654 2396 2693 quae

1262 2691 1424 2741 gratiam
1455 2701 1531 2727 non
1559 2688 1684 2726 solnm
1713 2688 1927 2740 significent
1945 2720 1957 2740 ,
2001 2690 2036 2728 ἆ
2063 2693 2290 2746 obsignent‚
2331 2696 2395 2734 sed

1262 2743 1300 2780 ἃ
1328 2745 1574 2790 contineant,
1605 2741 1640 2778 8<
1674 2743 1816 2780 virtute
1842 2756 1910 2781 sua
1930 2747 2127 2786 conferant
2145 2777 2156 2795 ,
2186 2747 2397 2787 dummodo

1258 2811 1308 2837 ex
1338 2808 1445 2850 parte
1473 2796 1715 2850 suscipientis
1742 2796 1840 2835 obex
1868 2810 1944 2836 non
1974 2810 2167 2851 ponatur.
2213 2801 2323 2840 Unde
2354 2804 2395 2843 ia

2242 2856 2342 2894 Con-

1260 2980 1402 3029 proprie
1429 2979 1472 3015 ad
1499 2978 1636 3024 Logicae
1661 2979 1801 3025 regulas
1826 2979 1965 3015 definiri
1991 2994 2090 3028 posse
2107 3007 2115 3015 .
2154 2982 2220 3018 Sed
2246 2984 2393 3021 sortasse

1262 3039 1340 3064 tota
1365 3028 1441 3062 haec
1467 3028 1623 3072 ipsorum
1647 3025 1819 3062 dissensio
1842 3041 1912 3062 non
1937 3029 1972 3062 in
1999 3042 2033 3062 re
2053 3032 2152 3076 ipsa,
2177 3029 2237 3064 sed
2256 3033 2290 3064 in
2308 3044 2388 3065 ver-

1261 3076 1317 3111 bis
1342 3085 1394 3109 est
1421 3076 1533 3120 posita
1552 3097 1560 3106 .
1598 3074 1645 3108 Ee
1670 3075 1781 3119 aliqui
1807 3087 1863 3108 eos
1889 3077 2070 3111 conciliari
2110 3089 2209 3123 posse
2233 3088 2387 3123 putant,

1261 3120 1435 3163 dicendo,
1471 3123 1698 3155 Sacramenta
1723 3132 1792 3155 non
1815 3122 1996 3168 physice,
2039 3123 2100 3159 sed
2126 3128 2308 3158 moraliter
2329 3123 2390 3159 de-

1255 3169 1354 3205 finiri
1370 3192 1379 3201 .

1312 3221 1361 3256 (c)
1383 3217 1419 3249 S.
1440 3214 1595 3250 Thomas
1624 3215 1656 3248 3.
1683 3214 1719 3246 P.
1746 3223 1871 3260 qnaest.
1891 3216 1947 3249 60.
1974 3226 2040 3251 art.
2060 3217 2094 3251 6.
2120 3217 2162 3250 ad
2184 3228 2214 3250 ιν.
2243 3217 2311 3250 Sub
2330 3229 2385 3249 re·

1258 3262 1344 3304 bns,
1371 3264 1513 3308 inquit,
1536 3262 1865 3305 comprehenduntur
1890 3267 1994 3296 etiam
2020 3267 2088 3307 ipsi
2115 3274 2209 3297 acus
2232 3264 2382 3295 sensibi-

1257 3310 1310 3345 Ies
1328 3332 1339 3351 ,
1378 3320 1460 3355 puta
1484 3311 1641 3350 ablutio,
1678 3313 1856 3349 inunctio,
1885 3315 1926 3342 <9-
1951 3313 2025 3345 alia
2050 3311 2270 3357 Ιπιῇιιςηιοᾶί.)
2304 3311 2384 3352 quia

1257 3362 1295 3393 in
1320 3358 1377 3392 his
1402 3366 1457 3393 est
1483 3359 1604 3394 eadem
1627 3360 1718 3392 ratio
1745 3356 1976 3402 significandi
1996 3378 2010 3399 ‚
2033 3370 2074 3391 ac
2099 3361 2135 3391 in
2160 3356 2280 3390 retus.
