2605 3624
820 88 898 132 DE
934 86 1454 131 CONFmMATtONlS
1490 88 1811 132 MtMs'rttO.

162 168 329 222 Apostoli
351 200 362 220 ,
421 169 458 209 ui
479 174 581 208 erant
601 165 871 218 Jerosolymis,
901 170 1093 204 miserunt
1123 166 1178 203 acl
1206 180 1272 204 eos

165 222 356 272 Petrum,
452 222 676 267 loannem,
736 220 773 256 ui
804 232 872 269 pro
902 219 978 257 illis
1008 219 1203 270 baptizatis
1232 232 1272 255 o-

160 286 366 325 raverunt,
395 284 435 312 ut
456 277 683 323 acciperent
733 275 890 322 piriturn
921 282 1135 320 sanctum,
1165 286 1271 310 nem-

160 343 208 382 pe
235 341 301 382 per
319 328 606 366 Sacramentum
628 325 936 364 Confirr'nationis
954 352 971 363 ..
993 326 1077 363 Jam
1100 337 1188 362 vero
1202 339 1270 363 cur

156 381 325 432 Apostoli
355 379 493 418 adhoc
521 379 830 417 Confirmationis
861 380 1150 417 Sacramentum
1180 392 1270 416 neo-

156 433 284 486 plrytis
313 433 584 471 conferendum
618 434 721 470 missi
755 432 921 479 suerint,
954 446 1023 470 non
1053 445 1141 469 vero
1172 432 1268 470 illud

155 486 358 525 contulerit
387 488 465 538 ipse
496 485 722 537 Philippus,
771 488 836 536 qui
868 485 1015 523 eosdem
1054 485 1268 536 baptizave-

155 547 238 587 rat,
268 538 373 577 nulla
388 539 464 578 alia
482 540 583 577 reddi
608 547 723 590 potest
744 541 838 576 ratio
859 569 869 586 ,
899 552 1015 590 quam
1037 539 1136 589 qnod
1157 539 1268 576 (llut-

154 601 230 630 stus
259 591 448 630 Dominus
475 592 664 640 voluerit,
703 590 800 629 illud
836 593 980 630 nonnisi
1014 605 1080 643 per
1112 594 1266 643 Aposto-

154 643 319 684 losdari
337 676 347 694 ,
378 646 546 698 adeoque
577 659 643 698 per
672 645 880 696 Episcopos
902 675 912 693 ,
955 647 1022 696 qui
1051 653 1134 682 sunt
1166 645 1266 696 Apo-

151 698 332 738 stolorum
363 713 590 737 successores
608 725 618 737 .

212 751 298 798 146.
330 752 411 790 Ποῦ
444 751 704 804 Apostolorum
746 751 966 802 exetnplum
996 752 1112 789 sancti
1144 750 1269 789 Patres

154 805 372 857 frequenter
402 814 660 857 usurparunt,
690 813 730 842 ut
759 805 986 856 probarent,
1016 804 1061 841 ad
1093 802 1188 840 solos
1219 803 1268 840 E-

153 860 325 911 piscopos
353 859 539 910 pertinere
568 858 772 910 baptizatos
798 869 904 895 sacro
940 856 1145 894 chrismate
1179 869 1268 894 con-

154 913 331 963 signare.
362 911 502 951 l’aucos
531 923 576 947 ex
606 910 737 947 multis
767 910 1078 947 enumerabimus
1096 935 1106 946 .
1135 909 1176 946 S.
1193 909 1268 960 Cy-

168 967 311 1003 triatrus
340 964 461 1016 Epist.
496 963 676 1001 LXXIII.
706 963 751 999 ad
788 961 1023 1012 Jubajanum
1069 970 1267 1013 postquam

153 979 348 1055 laudatum
380 1024 521 1053 textum
553 1028 595 1053 ex
617 1015 823 1067 cap.Vlll.
855 1016 937 1052 Act.
963 1015 1092 1065 Apost.
1124 1027 1267 1051 memo-

154 1077 294 1117 rasset,
324 1068 418 1106 ltaec·
436 1068 562 1106 subdit
583 1081 590 1104 :
624 1067 739 1118 Quod
759 1080 863 1104 nunc
892 1081 1040 1118 (suoque
1069 1067 1175 1116 apud
1195 1081 1266 1104 nos

148 1125 324 1174 geritur,
351 1130 391 1159 ut
419 1125 483 1173 qui
512 1125 551 1158 in
581 1120 769 1159 Ecclesia
798 1121 1074 1170 imptizantur,
1105 1121 1266 1172 Praepo-

150 1178 236 1213 sitis
254 1174 451 1215 Ecclesiae
479 1173 726 1224 offerantur,
757 1175 806 1214 (9-
827 1187 895 1225 per
910 1184 1092 1212 nostram
1121 1179 1266 1211 oratio-

151 1239 245 1266 nem
265 1259 275 1278 ,
317 1242 369 1267 ac
399 1242 594 1266 manuum
625 1231 915 1280 impositionem
945 1228 1133 1278 Spiritum
1170 1241 1265 1264 san—

149 1290 255 1319 ctum
286 1290 603 1334 consequantur,
645 1281 694 1322 (θ’
722 1282 928 1334 stgnaculo
971 1282 1100 1318 ‹iit-ino
1137 1285 1267 1319 consi-

178 1344 342 1373 nentur.
370 1335 412 1375 S.
432 1336 492 1374 Jo.
512 1333 801 1387 chrysostomus
820 1336 931 1373 Hom.
948 1334 1094 1373 XVIII.
1125 1335 1163 1372 in
1180 1349 1265 1386 cap.

192 1388 257 1425 Ill.
290 1389 372 1427 Act.
404 1390 533 1441 Apost.
562 1387 759 1439 Philippus
780 1418 790 1436 ,
822 1390 971 1441 inquit,
1001 1401 1101 1425 unus
1130 1401 1182 1425 ex
1207 1403 1266 1425 se-

149 1449 256 1490 ptem
287 1445 300 1490 (
332 1442 514 1480 Diaconis
544 1441 559 1490 )
591 1451 677 1479 erat
705 1440 899 1480 secundus
928 1455 955 1480 a
976 1441 1177 1492 Stephano
1195 1471 1205 1488 ,
1235 1445 1266 1478 i-

148 1492 220 1530 tleo
248 1494 297 1534 <9
326 1492 531 1543 baptizans
560 1494 746 1544 Spiritum
776 1505 963 1533 sanctum
1002 1508 1083 1533 non
1113 1493 1267 1538 ‹labat;

146 1557 275 1595 neque
303 1550 410 1584 enim
435 1546 686 1600 facultatem
715 1547 880 1586 habebat
900 1563 915 1593 ;
961 1547 1032 1586 lzoc
1062 1551 1171 1585 enim
1201 1547 1267 1584 <Io-

150 1611 249 1636 num
278 1601 450 1638 solorum
480 1601 753 1652 Apostolorum
783 1611 872 1639 erat
960 1601 1074 1639 Unde
1096 1603 1144 1641 (9⁶
1165 1613 1266 1651 prae-

150 1655 284 1703 cipuos
316 1656 330 1704 (
361 1652 431 1691 ltoc
461 1663 513 1691 est
542 1655 750 1706 Episcopos
781 1655 795 1702 )
826 1654 1000 1691 videmus
1043 1654 1112 1691 hoc
1143 1653 1268 1705 face-

149 1716 220 1742 re.
263 1706 304 1742 S.
335 1706 592 1758 Hieronymus
622 1708 661 1745 in
690 1706 801 1745 Dial.
830 1707 919 1744 adr.
949 1706 1125 1759 Lucifer.
1155 1707 1267 1744 nobis

146 1759 303 1809 exponit
333 1757 611 1797 Ecclesiarnm
641 1760 962 1801 consuetudinem
981 1791 991 1809 ,
1022 1770 1060 1797 ut
1077 1759 1131 1798 ati
1164 1773 1229 1797 eos
1251 1790 1262 1806 ‚

152 1814 216 1859 qui
246 1811 361 1863 longe
391 1811 605 1850 minoribus
635 1811 787 1851 urbibus
814 1827 883 1862 per
899 1813 1183 1866 presbyteros,
1212 1813 1262 1854 (Ὗ

144 1862 352 1904 Diaconos
380 1864 567 1914 baptizati
595 1875 686 1903 sunt
707 1895 717 1914 ,
759 1865 977 1917 Episcopus
1021 1866 1076 1904 ad
1104 1871 1264 1904 invoca-

147 1919 295 1954 tionem
324 1922 457 1955 sancti
486 1918 654 1968 Spiritus
696 1932 864 1956 manum
909 1924 1163 1971 impositurus
1193 1933 1264 1958 ex-

141 1980 307 2018 currat,
337 1984 477 2022 nempe
506 1973 602 2009 sicut
633 1973 804 2009 fecerunt
834 1973 1003 2024 Apostoli
1035 1972 1190 2020 Petrus,
1230 1972 1264 2009 8<

142 2021 333 2072 Joannes,
363 2033 402 2062 ut
418 2023 617 2062 samaritis
646 2039 667 2062 a
697 2023 876 2076 Philippo
904 2025 1100 2077 baptizatis
1129 2039 1264 2064 manus

141 2076 380 2129 imponerent
401 2103 412 2114 .
443 2077 647 2128 Denique,
679 2091 726 2114 ue
755 2078 904 2130 longior
932 2080 1027 2126 sim,
1057 2078 1098 2116 S.
1129 2079 1258 2130 Augu-

139 2129 260 2166 stinus
291 2129 378 2168 Lib.
395 2128 485 2168 XV.
515 2128 578 2167 De
610 2129 750 2169 Trinit.
781 2145 866 2182 cap.
900 2131 964 2170 26.
992 2132 1039 2169 de
1069 2132 1259 2185 Apostolis

140 2180 301 2232 loquens
322 2211 333 2230 ,
361 2184 429 2235 qui
457 2182 644 2231 orabant,
689 2193 726 2221 ut
754 2182 919 2234 Spiritus
947 2193 1098 2223 sanctus
1126 2187 1165 2223 in
1196 2199 1258 2225 eos

140 2234 310 2282 veniret,
345 2235 486 2287 quibus
515 2249 652 2273 manus
683 2236 960 2288 imponebant,
1014 2237 1142 2287 Quem
1171 2253 1254 2277 mo-

141 2298 253 2334 rem,
284 2288 428 2339 inquit,
457 2292 498 2325 in
527 2292 606 2326 suis
627 2289 855 2341 Prcepositis
884 2294 1008 2329 etiam
1038 2304 1142 2329 nunc
1171 2306 1251 2332 ser-

139 2347 204 2377 vat
233 2338 445 2390 Ecclesia,

198 2392 286 2443 147.
316 2393 386 2432 His
399 2405 614 2434 sanctorum
632 2397 785 2435 Pati-um
809 2397 1047 2437 documentis
1076 2399 1252 2439 addimus

137 2444 396 2486 conciliorum
414 2478 425 2496 ‚
467 2448 501 2484 8t
529 2463 766 2489 summorum
796 2450 1029 2490 Pontificum
1076 2454 1223 2491 decreta
1241 2481 1250 2492 .

135 2499 352 2538 Concilium
382 2500 664 2542 Eliberitanum
707 2519 793 2543 can.
816 2505 882 2544 58.
910 2506 1069 2557 loquens
1110 2506 1156 2544 de
1184 2507 1252 2545 ha-

138 2551 274 2602 ptizato
293 2553 340 2591 in
371 2555 543 2604 periculo
580 2559 737 2606 mortis,
774 2558 906 2609 jubet,
950 2568 989 2596 ut
1018 2564 1050 2596 si
1079 2565 1249 2610 superri-

140 2607 272 2666 oeerit,
313 2605 368 2642 acl
397 2605 637 2659 Episcopum
679 2611 917 2663 perducatur
938 2642 949 2661 ,
992 2622 1033 2650 ut
1061 2627 1131 2662 per
1161 2627 1249 2652 ma-

137 2667 212 2715 nus
240 2662 525 2705 impositionem
554 2663 694 2716 perfici
713 2669 860 2715 possit.
890 2667 1130 2705 Innocentius
1150 2668 1180 2706 1.
1211 2669 1250 2707 in

137 2707 262 2772 {pm-
290 2711 335 2748 ad
366 2711 592 2754 Decentium
624 2717 857 2769 Episcopum
880 2719 1132 2771 Engubinum
1162 2735 1249 2772 cap.

141 2772 180 2799 ο.
211 2759 275 2798 De
301 2768 584 2817 consignandis
614 2770 832 2822 infantibus
854 2803 864 2821 ,
897 2774 933 2811 in
968 2775 1048 2823 uit,
1079 2775 1253 2826 manife-

140 2821 246 2876 stum
275 2825 358 2863 est,
389 2831 469 2855 non
499 2821 548 2857 ab
577 2823 656 2860 alio
675 2854 686 2871 ,
715 2838 838 2875 quam
861 2824 912 2864 ab
929 2787 1134 2876 lslpiscopts
1162 2829 1253 2877 fieri

138 2867 256 2929 licere
270 2881 398 2907 :nam
417 2870 655 2925 Presbyteri,
677 2877 764 2915 licet
780 2882 858 2915 sint
873 2880 1124 2929 Sacerdotes,
1149 2875 1250 2919 Pon-

136 2919 315 3009 ‘lssficaffls
337 2931 475 2961 tamen
505 2931 661 2974 apicem
677 2942 758 2966 non
787 2930 929 2968 habent
947 2959 958 2970 .
989 2932 1092 2971 Hcec
1112 2945 1250 2972 autem

172 2973 394 3026 ontificibus
410 2978 501 3014 solis
515 2978 645 3017 deberi
662 3011 673 3028 ,
703 2992 741 3019 ut
757 2983 813 3020 rel
830 2990 1059 3037 consignent
1072 3017 1081 3034 ,
1098 2989 1154 3025 vel
1171 2988 1250 3026 Pa-

134 3028 323 3065 melitum
339 3030 530 3080 Spiritum
545 3033 712 3071 tradant
728 3064 738 3081 ,
769 3048 847 3073 non
868 3038 993 3074 solum
1011 3042 1251 3079 consuetudo

136 3081 410 3120 ecclesiastica
427 3083 697 3134 ‹lemonstrat‚
728 3100 859 3125 verum
889 3091 937 3129 (9·
967 3091 1035 3127 illa
1063 3093 1175 3131 lectio
1198 3095 1248 3131 A·

135 3141 267 3171 ctuum
300 3136 571 3188 Apostolorum
595 3169 605 3187 ,
648 3152 737 3191 quae
765 3146 932 3189 asserit,
977 3142 1137 3181 Petrum
1161 3175 1172 3193 ,
1200 3148 1249 3187 <9-

137 3183 334 3238 Joannem
365 3204 450 3228 esse
479 3191 647 3230 directos
665 3223 675 3241 ,
719 3198 783 3244 qui
807 3195 900 3245 jam
930 3193 1135 3246 baptizatis
1164 3208 1246 3236 tra-

136 3236 272 3277 derent
301 3243 489 3294 Spiritum
526 3255 713 3283 sanctum
736 3273 747 3286 .
790 3246 870 3284 Post
900 3256 1026 3285 autem
1069 3250 1248 3301 distingui

134 3292 233 3331 iuter
260 3298 476 3340 unctionem
508 3301 547 3341 in
578 3301 717 3341 vertice
746 3301 907 3353 capitis,
936 3315 1025 3354 qua>
1056 3303 1094 3342 in
1124 3303 1248 3356 bapti-

2315 103 2397 147 2²3

1339 180 1420 205 snio
1449 166 1533 204 sieri
1563 168 1678 214 solet,
1708 170 1740 204 ὅ(
1774 169 1989 207 unctionem
2020 170 2150 209 frontis
2181 170 2220 208 in
2236 170 2451 208 Confirm-

1341 222 1464 267 tione,
1494 220 1680 258 subdens:
1712 219 1823 257 Nam
1857 221 2099 272 presbyteris
2123 254 2132 270 ,
2163 237 2230 262 seu
2261 236 2378 260 extra
2396 223 2454 261 E-

1338 277 1538 324 piscopum
1557 302 1567 319 ,
1597 287 1664 310 seu
1681 281 1877 324 praesente
1894 272 2085 324 Episcopo
2106 276 2297 325 baptizent
2314 306 2323 324 ,
2354 276 2456 313 cliri-

1339 336 1470 364 smate
1499 325 1715 375 baptizatos
1745 339 1893 377 ungere
1933 328 2018 363 licet
2038 357 2047 373 ,
2091 329 2159 365 sert
2187 330 2287 378 qual
2316 329 2365 366 ab
2397 329 2455 368 Ε-

1337 383 1493 430 piscopo
1511 379 1638 430 suerit
1669 388 1976 417 consecratum:
2008 390 2244 418 nontamen
2274 384 2453 431 frontem

1338 446 1391 470 ea:
1421 433 1559 470 entem
1588 434 1673 470 oleo
1702 436 1864 484 sIgnare
1882 462 1892 479 ,
1921 432 2021 481 quoi
2051 434 2139 468 solis
2170 429 2326 471 ‹lebtstur
2357 436 2453 485 Ept-

1338 490 1486 536 scopis,
1517 498 1608 522 cum
1638 486 1799 523 tradunt
1824 485 2012 535 Spiritum
2031 484 2300 524 Paracletum.
2334 492 2454 541 Atque

1337 538 1407 577 ltoc
1439 539 1549 577 modo
1592 540 1846 577 sanctissimus
1877 538 1942 575 ille
1974 537 2143 575 Pontifex
2175 540 2281 575 initio
2323 542 2454 580 saeculi

1338 592 1387 630 V.
1417 592 1610 638 abusum,
1640 594 1706 643 qui
1738 593 1775 629 in
1794 591 2000 642 Engubina
2021 591 2192 629 Ecclesia
2224 591 2339 630 inolet
2353 605 2425 630 erat
2444 626 2454 641 ,

1335 645 1529 684 sublatum
1560 645 1706 683 voluit.
1747 644 1825 683 Nec
1863 644 2097 683 dissimiliter
2127 645 2284 682 Sanctus
2313 646 2456 694 Grego-

1337 700 1415 736 rius
1444 698 1608 750 Magnus
1649 698 1798 736 labente
1835 697 1934 736 Soec.
1970 697 2040 735 XI.
2071 698 2247 736 ennulexn
2291 699 2456 737 abusum

1337 753 1377 789 in
1422 752 1635 790 Ecclesiam
1665 751 1923 790 (lalaritauam
1967 752 2161 790 invectum
2199 751 2348 789 sustulit
2393 754 2457 790 di-

1338 814 1374 842 ta
1402 807 1450 842 ad
1479 805 1706 844 Jauuarium
1735 804 1905 848 eiusdem
1937 803 2120 843 Ecclesia:
2152 804 2386 858 Episcopum
2418 821 2456 842 e-

1338 858 1500 909 pistola,
1531 873 1618 910 qua:
1650 869 1700 896 est
1731 858 1799 896 IX.
1831 859 1867 896 in
1897 858 1985 896 Lib.
2009 857 2076 895 IV.

1398 911 1485 957 148.
1517 912 1623 950 Hanc
1654 912 1904 963 dogmaticam
1936 913 2132 949 veritatem
2155 911 2360 963 Angelieus
2389 927 2457 950 nte-

1337 975 1409 1003 ster
1439 974 1652 1017 praeceptor
1681 975 1750 1003 art.
1781 979 1863 1016 sup.
1895 964 1999 1003 laud.
2031 963 2101 1002 ltac
2144 967 2287 1003 ratione
2317 966 2455 1005 confir-

1338 1027 1442 1055 mat.
1464 1048 1490 1066 „
1512 1019 1665 1056 Fideles
1693 1018 1832 1056 Christi
1864 1027 1948 1056 sunt
1991 1018 2182 1070 quoddam
2212 1019 2386 1057 divinum
2416 1034 2456 1055 o-

1337 1085 1434 1122 pus,
1478 1072 1687 1109 secundum
1719 1070 1816 1109 illud
1844 1084 1875 1108 t.
1896 1071 2067 1109 Corinth.
2091 1071 2154 1109 lll.
2185 1085 2223 1123 ς).
2256 1072 2331 1110 Det
2358 1072 2456 1110 aettt-

1323 1123 1474 1175 flcatt'o
1502 1129 1618 1161 estis.
1662 1124 1755 1161 Sunt
1784 1126 1896 1161 etiam
1926 1126 2035 1176 quasi
2078 1127 2259 1176 quaedam
2289 1128 2456 1174 episto'a

1336 1176 1482 1227 Spiritu
1511 1177 1588 1214 Dei
1616 1180 1762 1225 scripta
1785 1205 1796 1224 ,
1831 1178 1927 1213 sicut
1956 1177 2095 1214 dicitur
2127 1192 2163 1215 2.
2192 1179 2366 1216 Corinth.
2389 1180 2454 1216 lll.

1337 1229 1375 1268 5.
1406 1229 1487 1267 Hoc
1508 1240 1634 1268 autem
1649 1228 1964 1268 confirmationis
1983 1229 2270 1268 Sacramentum
2288 1241 2338 1269 est
2359 1246 2455 1283 qua—

1336 1285 1366 1320 si
1399 1282 1534 1321 ultima
1562 1283 1835 1321 consummatio
1862 1282 2099 1321 Sacramenti
2147 1283 2354 1335 baptismi;
2404 1287 2456 1322 ita

1336 1335 1478 1375 scilicet
1507 1337 1608 1389 quod
1638 1349 1704 1388 per
1746 1335 1982 1387 baptismum
2027 1335 2241 1374 aedificatur
2271 1337 2385 1375 homo
2416 1340 2454 1376 in

1336 1389 1492 1427 domum
1510 1389 1778 1442 spiritualem,
1809 1388 1840 1424 ἃ
1861 1389 2113 1427 conscribitur
2133 1392 2241 1442 quasi
2271 1392 2452 1442 quaedam

1335 1442 1547 1494 spiritualis
1576 1443 1756 1494 epistola:
1800 1442 1862 1479 sed
1893 1455 1960 1492 per
1988 1443 2275 1485 Sacranoentum
2305 1443 2454 1481 Constr-

1337 1497 1511 1542 tnationis
1527 1525 1537 1543 ,
1559 1497 1669 1547 qnasi
1688 1497 1821 1533 domus
1844 1495 2030 1532 :edificata
2049 1525 2059 1543 ,
2088 1496 2283 1533 dedicatur
2301 1498 2338 1534 in
2360 1507 2454 1535 tem-

1333 1548 1442 1600 plum
1473 1549 1639 1601 Spiritus
1668 1549 1821 1596 Sancti,
1852 1547 1885 1583 8<
1913 1549 2022 1599 quasi
2053 1549 2209 1600 epistola
2238 1552 2454 1601 conscripta.

1333 1603 1500 1652 signatur
1529 1603 1635 1652 signo
1665 1603 1815 1640 crucis:
1859 1600 1891 1637 8(
1923 1601 2007 1638 ideo
2036 1601 2188 1640 collatio
2238 1602 2352 1653 liujus
2380 1605 2450 1641 Sa-

1333 1656 1518 1693 crameuti
1550 1655 1749 1707 Episcopis
1778 1663 2010 1703 reservatur,
2052 1656 2119 1707 qui
2149 1655 2318 1694 obtinent
2348 1671 2452 1695 sum-

1334 1722 1438 1745 mam
1469 1718 1685 1760 potestatem
1718 1710 1754 1746 in
1785 1707 1978 1746 Ecclesia:
2026 1709 2122 1746 sicut
2153 1707 2186 1744 ἃ
2216 1710 2254 1746 in
2285 1711 2451 1761 primiti-

1334 1775 1379 1799 va
1411 1762 1583 1799 Ecclesia
1613 1775 1678 1813 per
1708 1762 1988 1812 impositionem
2007 1775 2141 1799 manus
2159 1761 2419 1812 Apostolorum
2439 1795 2450 1812 ,

1331 1827 1496 1866 quorum
1528 1817 1652 1853 vicem
1681 1822 1814 1865 gerunt
1845 1813 2025 1866 Episcopi
2049 1844 2058 1862 ,
2103 1814 2301 1865 plenitudo
2328 1817 2452 1868 Spiri-

1333 1876 1390 1904 tus
1419 1866 1544 1905 Sancti
1576 1867 1737 1905 dabatur
1756 1897 1766 1915 ,
1798 1877 1836 1904 ut
1867 1866 2028 1904 liabetur
2059 1868 2142 1906 Act.
2169 1868 2270 1906 VIII.
2292 1869 2312 1883 ’³

1394 1920 1479 1972 149.
1510 1920 1586 1958 Ob.
1615 1925 1764 1970 primo.
1797 1920 1848 1971 Ut
1877 1934 1993 1971 supra
2022 1920 2167 1958 dictum
2189 1930 2239 1958 est
2262 1922 2359 1960 Diss.
2382 1924 2448 1962 lll.

1332 1987 1418 2025 cap.
1443 1987 1502 2012 12.
1525 1973 1740 2026 Presbyteri
1769 1982 1852 2012 sunt
1882 1975 2045 2019 ministri
2081 1974 2276 2012 ordinarii
2310 1976 2445 2015 Sacra-

1332 2029 1451 2065 menti
1481 2027 1743 2080 baptismatis,
1773 2028 1875 2080 quod
1898 2026 2018 2065 multo
2039 2027 2231 2067 efficacius
2247 2031 2449 2069 estSacra-

1330 2090 1455 2118 mento
1469 2080 1804 2130 Confirmationis‚
1835 2095 1924 2119 cum
1955 2082 1995 2119 in
2017 2081 2209 2134 baptismo
2238 2083 2304 2120 fiat
2335 2083 2448 2135 plena.

1327 2136 1499 2173 remissio
1529 2144 1770 2188 peccatorum
1793 2165 1803 2183 ,
1833 2135 1867 2171 ὃς
1897 2143 2085 2186 quantum
2116 2136 2163 2174 ad
2193 2135 2351 2187 culpam
2371 2167 2380 2183 ‚
2411 2138 2445 2173 ἃ

1325 2197 1513 2240 quantum
1543 2190 1590 2227 ad
1620 2203 1805 2240 poeuam3
1852 2202 1941 2240 quae
1973 2189 2145 2226 remissio
2180 2202 2255 2226 non
2285 2189 2447 2227 liabetur

1323 2242 1364 2279 in
1385 2242 1630 2279 Sacramento
1644 2241 1978 2286 Confirrnationis3
1995 2254 2084 2292 ergo
2099 2241 2218 2279 multo
2239 2243 2358 2293 magis
2374 2242 2446 2280 &c-

1383 2296 1470 2332 150.
1505 2294 1714 2347 Respondet
1743 2294 1784 2332 S.
1807 2293 1974 2331 Thomas
2004 2295 2042 2331 in
2074 2293 2144 2331 liae
2175 2294 2212 2332 5.
2235 2293 2275 2333 P.
2305 2307 2443 2347 quaest.

1325 2362 1389 2400 72.
1419 2357 1489 2385 art.
1526 2362 1584 2386 ιι.
1621 2348 1668 2384 ad
1703 2361 1738 2385 2.
1761 2377 1771 2395 ,
1815 2346 1916 2397 quoti
1943 2346 2262 2385 Sacramentum
2308 2348 2442 2400 Bapti-

1319 2406 1396 2439 snzi
1425 2411 1483 2439 cst
1512 2400 1735 2449 efficacius,
1766 2409 1961 2450 quantum
1989 2399 2044 2437 (hl
2059 2405 2321 2440 remotionem
2351 2417 2444 2440 ma-

1321 2456 1370 2502 li,
1402 2469 1447 2493 eo
1476 2453 1577 2505 quoti
1606 2464 1663 2491 est
1693 2454 1909 2503 spiritualis
1951 2459 2227 2506 regeneratio,
2265 2469 2354 2506 quae
2383 2468 2443 2494 es:

1324 2512 1493 2545 mutatio
1521 2507 1569 2545 <le
1598 2521 1677 2545 non
1721 2520 1808 2545 esse
1837 2511 1877 2544 in
1907 2520 1994 2546 esse
2012 2533 2022 2545 .
2066 2506 2156 2546 Hoc
2199 2519 2336 2547 autem
2366 2510 2442 2548 Sa-

1320 2570 1578 2599 cramentum
1609 2563 1624 2612 (
1653 2560 1963 2599 Confirmationis
1995 2561 2010 2609 )
2040 2571 2098 2599 est
2141 2561 2344 2610 efficacius
2386 2564 2443 2601 (112

1319 2614 1609 2667 proficientium
1638 2618 1680 2651 in
1709 2613 1806 2652 bono
1825 2644 1835 2662 ,
1867 2618 1972 2665 ·quia
2000 2623 2057 2653 est
2097 2614 2299 2665 quotltlam
2328 2621 2442 2666 spiri-

1319 2670 1429 2706 tuale
1458 2677 1722 2721 augmentum
1752 2667 1799 2706 ‹ie
1828 2681 1916 2706 esse
1936 2667 2168 2720 imperfecto
2182 2667 2338 2707 atlesse
2351 2684 2439 2721 per-

1307 2721 1490 2774 fectum.
1521 2721 1575 2759 Ec
1604 2721 1691 2760 ideo
1720 2720 1790 2758 hoc
1821 2721 2136 2759 Sacramentum
2165 2721 2334 2775 digniori
2364 2729 2440 2761 mi-

1321 2780 1445 2814 nistro
1475 2779 1760 2814 committitur.
1805 2775 1873 2812 His
1903 2776 1989 2813 addi
2022 2784 2170 2827 potest,
2201 2775 2437 2828 baptismum

1320 2843 1397 2868 esse
1425 2830 1713 2868 Sacramentum
1743 2842 1905 2866 summae
1954 2831 2210 2868 necessitatis:
2254 2830 2352 2869 unde
2381 2831 2439 2869 di-

1319 2886 1410 2922 vina
1440 2883 1678 2936 providentia
1722 2880 1873 2930 voluit,
1919 2890 1956 2919 ut
1985 2883 2310 2934 quemadmodum
2354 2884 2435 2932 eius

1318 2939 1479 2975 materia
1509 2937 1722 2974 communis
1751 2944 1829 2984 est,
1859 2935 1894 2972 ἃ
1923 2949 2073 2988 semper
2103 2937 2139 2974 in
2170 2933 2379 2990 promptu,
2403 2940 2436 2985 i,-

1317 3000 1355 3028 ta
1385 2993 1498 3028 etiam
1541 2992 1709 3028 minister
1739 2999 1830 3028 esset
1872 2988 2037 3041 quilibet
2065 2989 2274 3038 Sacerdos,
2318 2993 2436 3029 immo

1319 3047 1537 3082 necessitate
1568 3054 1719 3094 urgente
1762 3042 1927 3095 quilibet
1971 3043 2111 3092 bomo,
2154 3053 2195 3082 ut
2222 3043 2316 3083 alias
2345 3058 2434 3082 cum

1317 3096 1358 3135 S.
1375 3097 1524 3135 'Pltoma
1539 3097 1826 3135 observavimus
1842 3127 1852 3144 ,
1882 3097 2174 3136 Sacramentum
2191 3107 2315 3135 autem
2337 3098 2432 3134 Con-

1318 3149 1545 3189 firmationis
1573 3151 1665 3188 adeo
1695 3152 1946 3188 necessarium
1967 3164 2041 3189 non
2073 3161 2151 3188 est:
2181 3150 2428 3203 quamobrem

1318 3203 1373 3252 nil
1406 3206 1579 3252 mirum,
1622 3204 1785 3243 voluisse
1816 3204 1944 3242 Deum
1991 3202 2088 3242 illud
2118 3217 2185 3255 per
2214 3204 2310 3241 soles
2340 3201 2432 3251 Ept-

1315 3269 1444 3308 scopos
1475 3258 1758 3296 administrari.

1374 3311 1462 3350 151.
1492 3310 1568 3351 Ob.
1597 3310 1771 3353 secundo
1800 3324 1889 3350 cum
1909 3309 2095 3359 Calvino,
2125 3309 2282 3359 ejusque
2310 3299 2436 3363 secta-⁴

2296 3371 2363 3395 1215
