2605 3624
739 99 1094 145 MATmMoNl
1102 100 1191 144 ΠΜ
1224 98 1338 144 EST
1373 97 1860 143 SACRAMENTUM.

127 185 377 238 abrogatum,
412 182 476 223 aed
505 181 628 221 solum
659 191 719 216 eos
749 180 862 217 fuisse
891 178 1083 216 inhabiles
1112 178 1240 216 reili-

126 249 186 278 τος
213 238 268 277 αλ
296 234 610 276 contrahentium
641 235 944 270 matrimonium
963 262 974 279 ,
1003 233 1070 284 qui
1100 233 1211 269 aliter
1228 262 1238 279 ‚

126 306 244 344 quam
266 301 450 344 praesente
465 285 655 333 Parocho,
686 286 719 322 ἃ
740 285 915 333 duobus,
946 283 1005 322 vel
1037 284 1157 322 tribus
1188 293 1241 321 te-

124 344 246 383 ctibus
274 342 372 381 illud
400 339 619 379 contrahere
648 347 853 384 attentant3
884 337 990 376 nullo
1009 347 1135 375 antem
1158 337 1241 374 red-

124 397 202 434 dito
229 402 449 442 contractu,
492 392 783 431 Sacramentum
827 393 941 428 etiam
985 389 1140 428 nullum
1170 389 1239 438 fit,

121 448 224 501 quod
245 447 473 494 necessarie,
503 445 537 482 &t
564 446 610 483 de
630 460 696 483 sua
716 446 869 482 essentia
886 452 1119 482 contractum
1142 456 1240 494 prae-

123 502 328 553 supponit,
358 501 426 552 qui
456 508 664 537 contractus
693 513 714 536 a
734 498 883 535 Christo
905 498 1071 534 Domino
1102 498 1172 534 fnit
1193 498 1239 533 ad

121 553 356 592 sacramenti
384 553 568 591 rationem
589 560 766 600 evectus,
796 564 884 589 cum
915 558 1022 588 antea
1051 564 1154 587 mere
1185 553 1240 588 ci-

125 606 242 655 vilis,
271 606 306 643 ἃ
335 605 510 661 politicus
540 615 656 644 esset.

176 654 241 698 36.
269 659 363 711 Obj.
394 662 546 710 quinto.
590 656 718 697 Multa
756 665 842 695 sunt
885 657 924 695 in
969 656 1239 704 matrimonio,

152 726 211 750 uae
254 727 276 750 a
305 713 499 751 sanctitate
527 711 762 750 Sacramenti
805 711 974 748 omnimo
1011 709 1238 747 abhorrent.

119 766 220 804 INam
249 770 378 816 primo
407 765 694 803 matrimonium
735 776 861 801 secum
899 764 1077 813 importat
1119 775 1236 812 copu-

118 817 198 856 lam
226 820 446 866 carnalem,
487 831 576 870 quae
606 830 695 855 cum
727 818 807 854 sine
835 815 1140 866 concupiscentia
1170 813 1236 852 ha-

113 871 200 910 beri
219 881 407 925 nequeat,
429 871 733 917 immunditiem,
755 870 787 905 &
809 870 1084 920 turpitudinem
1101 881 1235 921 quam-

114 925 205 964 dam
234 926 421 972 involvit,
449 924 697 962 Sacramento
726 923 921 974 indignam
940 949 950 960 .
995 923 1119 974 Atque
1150 921 1234 960 haec

114 977 210 1016 olim
241 979 313 1016 fuit
343 978 517 1015 Gratiani
546 977 717 1015 doctrina
739 976 950 1024 Quaest.ll.
981 977 1020 1014 in
1051 989 1136 1027 cap.
1167 974 1234 1012 In-

114 1035 321 1078 stitutum,
349 1044 464 1082 quem
498 1029 671 1067 nonnulli
702 1029 768 1066 alii
798 1030 917 1067 secuti
947 1038 1059 1075 sunt,
1096 1029 1233 1066 ‹locen-

117 1092 170 1122 tes
199 1082 366 1130 scilicet,
405 1084 484 1120 sine
512 1081 683 1132 conjugii
713 1090 798 1118 actu
828 1094 902 1119 non
932 1095 1009 1118 esse
1040 1082 1233 1118 matrim)-

113 1138 170 1175 uii
200 1135 492 1174 Sacramentum
511 1161 522 1173 .
571 1135 652 1173 Hac
681 1134 726 1172 de
755 1148 868 1172 causa
900 1135 975 1171 duo
1005 1133 1233 1182 Pontifices,

115 1189 305 1237 Siricius,
335 1189 368 1225 8<
400 1189 634 1227 Innocentius
655 1188 686 1226 I.
706 1186 866 1225 Clericis
895 1188 1048 1239 nuptias
1079 1187 1232 1224 interdi-

112 1251 192 1280 ctas
207 1256 284 1280 esse
305 1241 533 1289 voluerunt,
563 1242 655 1293 quia
684 1244 747 1291 qui
767 1244 938 1278 serviunt
966 1243 1094 1277 sacris
1123 1239 1232 1277 obla-

113 1294 280 1333 tionibus
301 1324 312 1342 ,
340 1298 452 1345 puri,
482 1295 530 1335 <9³
551 1294 600 1332 ab
620 1297 729 1331 omni
745 1292 831 1331 labe
859 1296 1018 1345 purgati
1046 1305 1131 1330 esse
1160 1291 1226 1329 (le-

113 1348 232 1386 bent.
261 1347 469 1393 Secundo,
501 1348 539 1385 in
572 1348 817 1385 matrimonio
846 1347 1100 1384 communiter
1130 1346 1232 1396 paci-

113 1402 230 1440 scitur
258 1401 305 1439 de
333 1401 444 1447 ‹Iote3
486 1401 591 1454 atqui
621 1400 693 1438 tale
725 1408 875 1450 pactum
920 1401 958 1437 in
987 1398 1232 1437 Sacramento

111 1455 204 1492 iniri
235 1467 310 1492 non
341 1462 459 1506 potest
479 1455 558 1492 sine
579 1454 787 1492 manifestae
807 1453 978 1490 simonias
995 1451 1105 1490 labe.
1138 1450 1228 1489 Ter-

112 1511 188 1555 tio,
221 1510 258 1546 in
290 1508 536 1548 matrimonio
563 1506 671 1544 nulla
702 1507 865 1543 exterior
893 1515 1049 1557 apparet
1079 1504 1229 1557 religio-

109 1562 170 1597 nis
197 1561 450 1605 caeremonia,
492 1559 555 1597 sed
586 1572 703 1611 purus
733 1558 861 1597 civilis
890 1568 1120 1604 contractum
1163 1558 1229 1596 be-

109 1613 277 1652 nedictio
305 1612 635 1651 enimsacerdotis
665 1612 955 1650 matrimonium
986 1611 1065 1655 iam
1088 1612 1231 1650 factum

110 1667 379 1718 consequitur,
410 1665 443 1701 &
461 1695 471 1713 ,
503 1674 542 1702 ut
572 1665 739 1716 loquitur
768 1674 914 1702 sanctus
935 1664 1129 1713 Thomas,
1161 1677 1232 1702 non

109 1727 164 1756 est
193 1720 266 1757 nisi
296 1716 496 1769 quoddam
528 1717 868 1755 Sacramentale.
909 1717 1084 1768 Quarto,
1114 1731 1228 1755 omne

107 1771 399 1810 Sacramentum
430 1770 571 1818 efficit,
601 1772 702 1823 quod
730 1770 895 1822 figurat3
938 1772 1227 1810 matrimonium

107 1833 235 1862 autem
265 1824 455 1876 significat
483 1823 788 1875 conjunctionem
809 1824 949 1862 Christi
979 1837 1069 1862 cum
1091 1824 1226 1862 Eccle-

105 1879 183 1925 sia,
214 1890 280 1915 nec
310 1888 434 1915 tamen
464 1891 547 1915 eam
577 1876 693 1915 efficit
711 1903 722 1914 .
751 1876 934 1927 Denique
965 1878 1003 1915 in
1033 1878 1225 1916 offiniSa-

105 1939 298 1968 eramento
327 1931 438 1968 debet
467 1945 544 1969 esse
577 1930 707 1983 aliqua
751 1933 936 1979 materia,
979 1930 1111 1982 aliqua
1147 1931 1224 1968 sor-

106 1998 197 2031 ma,
227 1982 261 2018 ἃ
290 1982 430 2035 aliquis
459 1985 656 2029 minister3
702 1983 782 2021 haec
812 1994 938 2021 autem
969 1985 1041 2021 tria
1069 1986 1110 2023 in
1141 1998 1222 2021 ma-

106 2037 287 2074 trimonio
315 2037 498 2087 assignari
529 2045 636 2073 certo
666 2049 738 2073 non
769 2044 951 2087 possunt,
980 2050 1070 2074 cum
1099 2037 1145 2073 de
1174 2038 1222 2074 iis

101 2090 203 2128 inter
233 2087 444 2140 Theologos
473 2091 624 2141 vigeant
654 2089 738 2128 lites
766 2102 983 2141 numquam
1025 2088 1191 2127 definitae
1210 2119 1221 2138 ,

103 2151 171 2180 aut
198 2141 427 2181 definiendae
446 2167 458 2180 .

161 2195 226 2245 57.
258 2193 369 2246 Resp.
399 2195 446 2232 ad
474 2198 674 2243 primum,
718 2208 828 2233 nsum
874 2195 1109 2233 matrimonii
1148 2209 1222 2234 non

102 2259 182 2286 esse
211 2255 356 2299 partem
372 2245 608 2285 Sacramenti
627 2277 638 2295 ‚
667 2261 756 2285 cum
787 2250 867 2285 sine
898 2248 963 2285 illo
993 2261 1068 2284 non
1098 2247 1223 2286 solum

102 2300 421 2348 Sacramentum,
461 2300 523 2337 sed
554 2313 687 2338 verum
717 2299 941 2350 conjugium
972 2313 1048 2337 esse
1085 2302 1223 2350 possit:

103 2354 205 2391 unde
235 2352 332 2391 illud
362 2353 557 2404 vulgatum
588 2353 628 2391 S.
660 2354 856 2403 Augustini
887 2366 933 2390 ex
962 2353 1051 2391 Lib.
1075 2353 1122 2390 ll.
1159 2352 1223 2391 De

107 2405 225 2444 Cons.
256 2405 504 2459 Evangelist.
527 2436 538 2454 ,
569 2410 693 2444 etiam
723 2416 883 2443 serrata
910 2410 998 2455 pari
1027 2419 1220 2444 consensu

100 2462 349 2498 continentia
395 2472 508 2510 posse
550 2472 790 2510 permanere
832 2463 1040 2510 vocarique
1082 2461 1219 2510 conju-

99 2516 236 2565 gium,
265 2525 346 2551 non
374 2515 574 2564 permixto
603 2517 773 2564 corporis
803 2526 931 2560 sexu,
961 2512 1030 2551 ,ςελ
1051 2512 1218 2550 σαειολί-

100 2575 139 2602 to
169 2570 313 2604 mentis
341 2564 492 2613 affectu
522 2566 614 2616 (a).
646 2567 832 2604 Addimus
854 2596 865 2614 ,
896 2579 962 2618 per
991 2566 1217 2604 Sacramen-

100 2626 182 2656 tum
213 2618 378 2656 conferri
409 2619 599 2670 gratiam,
631 2619 842 2671 perquam
875 2633 961 2657 usus
983 2620 1217 2656 matrimonii

99 2671 244 2709 nedum
277 2670 403 2709 licitus
424 2700 435 2718 ,
465 2672 527 2708 sed
557 2673 670 2710 etiam
694 2674 909 2710 meritorius
933 2673 971 2710 sn
989 2699 998 2710 .
1030 2673 1071 2710 Si
1092 2677 1215 2718 cuim,

98 2725 228 2776 inquit
258 2723 463 2774 Angelicus
493 2726 531 2761 in
561 2723 761 2774 Supplem.
789 2739 856 2777 qu.
882 2726 928 2762 ll.
958 2735 1026 2763 art.
1053 2727 1113 2773 5.‚
1162 2726 1216 2762 aa

99 2787 238 2818 actum
268 2777 614 2814 matrimonialem
646 2781 761 2814 virtus
792 2777 955 2815 inducat
977 2808 988 2827 ‚
1018 2780 1076 2816 rel
1099 2779 1216 2830 jue'i-

100 2833 190 2877 tioe,
221 2838 262 2866 ut
291 2827 461 2866 debitum
491 2829 631 2867 residat
649 2860 659 2877 ‚
690 2831 745 2867 vei
766 2832 991 2882 religionis,
1021 2841 1061 2868 ut
1089 2833 1216 2880 proles

99 2882 155 2920 ad
183 2882 332 2919 cultum
363 2881 439 2920 Dec·
466 2892 718 2932 procreetur,
762 2893 819 2921 est
864 2888 1114 2922 meritorius.
1171 2884 1213 2922 Si

98 2944 237 2973 autem
267 2944 423 2973 moreat
452 2935 566 2974 libitlo
593 2941 736 2975 sistens
779 2941 886 2974 intra
929 2936 1032 2975 bona
1072 2941 1212 2974 matri-

97 2992 249 3036 monii,
293 2997 333 3025 ut
362 2989 509 3027 scilicet
539 2990 644 3027 nullo
674 2990 793 3028 morlo
822 2989 877 3028 atl
905 2992 991 3028 alia
1020 2989 1214 3028 accedere

100 3042 240 3089 vellet,
283 3050 341 3079 est
368 3051 578 3093 peccatum
608 3044 760 3082 veniale
780 3069 790 3080 .
838 3043 880 3080 Si
917 3053 1054 3081 autem
1093 3053 1214 3080 extra

98 3093 203 3133 bona
233 3099 481 3133 matrimonii
510 3094 732 3144 efferatur,
763 3105 803 3133 ut
821 3097 969 3134 scilicet
998 3109 1089 3134 cum
1119 3110 1216 3147 qua-

99 3160 266 3200 cumque
295 3149 460 3187 muliere
479 3147 740 3201 idemjiicere
758 3158 990 3199 proponeret
1009 3179 1019 3198 ,
1049 3158 1107 3187 est
1126 3162 1216 3200 pec-

2288 112 2372 154 υς)

1308 189 1445 216 calum
1467 181 1632 217 mortale
1649 206 1659 217 .
1690 179 1817 216 Sancti
1848 184 1973 217 autem
1996 173 2218 224 Pontifices,
2248 175 2425 225 Siricius,

1308 231 1342 268 8<
1373 233 1610 270 Innocentius
1640 231 1862 269 caelibatum
1878 230 2037 269 Clericis
2067 240 2356 280 praeceperunt,
2387 239 2426 268 ut

1309 283 1452 334 majore
1483 285 1696 331 munditie,
1739 285 1771 320 8(
1803 285 2022 330 sanctitate,
2064 283 2216 332 dignius
2258 285 2335 320 suis
2364 296 2427 322 ec·

1311 335 1532 374 clesiasticis
1564 338 1703 374 muniis
1734 339 2004 387 fungerentur.
2036 334 2126 372 Vid.
2158 350 2240 387 sup.
2271 350 2308 373 n.
2333 337 2399 374 25.

1365 387 1430 426 553.
1460 387 1688 426 secuntum
1717 389 1970 438 objectionem
2002 389 2050 426 ita
2081 386 2191 425 diluit
2223 388 2429 440 Angelicus

1313 455 1347 479 2.
1372 455 1407 479 2.
1438 455 1504 493 qu.
1542 455 1628 478 ion.
1659 449 1729 477 art.
1748 455 1785 478 α.
1813 443 1858 478 ad
1890 441 1923 478 6.
1947 457 1955 485 ·,
1999 439 2312 479 Matrimonium
2341 454 2422 478 non

1309 495 1436 532 solum
1480 502 1537 532 est
1568 492 1765 531 Ecclesiae
1808 494 2148 541 Sacramentum,
2190 493 2259 531 set
2300 499 2427 532 etiam

1309 557 1470 585 naturae
1488 546 1690 595 officinam
1719 546 1767 586 Θ*
1787 545 1874 582 ι’λεο
1895 545 1992 582 <lare
2013 551 2225 594 pecuniam
2245 559 2314 596 pro
2335 560 2426 584 ma-

1309 605 1495 639 trimonio
1517 630 1526 648 ,
1558 603 1797 650 inquantum
1826 607 1884 637 est
1914 607 2072 635 namroe
2100 599 2300 646 officium,
2344 601 2427 638 lici-

1309 663 1392 691 tum
1421 663 1508 692 est:
1552 657 1790 703 inquantum
1833 665 1921 690 vero
1963 660 2020 688 est
2050 649 2246 688 Ecclesia»
2275 652 2426 691 Sacra·

1309 717 1518 755 mentum,
1560 717 1617 745 est
1647 708 1852 750 illicitum;
1894 705 1944 744 (9⁶
1973 703 2058 741 ι’λεο
2088 703 2304 741 secundum
2327 707 2427 756 jura

1308 763 1322 811 (
1353 762 1448 812 Cap.
1477 774 1569 798 cum
1598 764 1639 798 in
1661 759 1848 798 Ecclesia
1876 758 1923 795 de
1942 757 2118 795 Simonia
2141 759 2154 804 )
2185 756 2425 808 prohibetur,

1306 827 1357 852 ne
1384 827 1453 866 pro
1481 813 1750 852 benedictione
1779 815 2010 863 nuptiarum
2038 809 2188 860 aliquid
2207 814 2395 863 exigatur
2412 838 2425 850 .

1305 867 1369 906 Sic
1399 870 1512 906 etiam
1543 867 1687 905 ibidem
1717 867 1765 905 ad
1796 880 1834 905 2.
1862 865 2039 911 dixerat,
2069 863 2309 902 Sacerdotem
2341 863 2426 902 lici-

1304 929 1339 958 te
1367 923 1541 974 accipere
1573 922 1777 972 pecuniam
1795 949 1805 967 ,
1835 931 1906 957 non
1935 918 2042 969 quasi
2075 917 2239 968 pretium
2261 916 2392 955 Missae
2411 948 2423 966 ,

1303 975 1366 1012 sed
1396 977 1503 1027 quasi
1534 974 1772 1024 stipendium
1801 985 1886 1011 suae
1915 973 2213 1008 sustentationis
2233 995 2243 1008 .

1358 1028 1422 1079 59.
1455 1028 1510 1066 Ad
1539 1033 1698 1065 tertium
1728 1028 1840 1074 dico,
1869 1038 1999 1062 omnes
2031 1023 2116 1060 illas
2145 1024 2423 1072 escremonias,

1302 1094 1391 1132 quae
1423 1082 1460 1118 in
1491 1082 1732 1119 matrimonio
1761 1081 1830 1117 rite
1859 1091 1986 1115 coram
2017 1075 2190 1114 Ecclesia
2233 1076 2424 1116 celebrato

1303 1133 1557 1182 adhibentur,
1589 1136 1674 1171 satis
1695 1133 1923 1183 distinguere
1943 1144 2048 1168 sacra
2078 1129 2253 1167 fidelium
2283 1129 2420 1181 conju-

1302 1188 1363 1237 gia
1393 1201 1415 1224 a
1445 1187 1614 1238 profanis
1643 1185 1830 1236 conjugiis
1860 1183 2103 1227 infidelium3
2135 1184 2232 1220 unde
2251 1213 2261 1230 ‚
2293 1193 2330 1220 ut
2360 1197 2423 1220 su-

1302 1240 1431 1291 perius
1460 1241 1628 1277 diximus
1658 1252 1749 1290 ¹¹⁶9·
1779 1252 1858 1290 seq.
1888 1237 2003 1274 sancti
2034 1235 2157 1272 Patres
2186 1235 2422 1274 Christiano-

1301 1305 1390 1330 rum
1418 1292 1598 1344 conjugia
1627 1300 1669 1329 ut
1697 1304 1801 1329 sacra
1830 1303 1979 1340 semper
2010 1288 2245 1326 habuerunt.

1355 1345 1422 1391 4ο.
1453 1346 1511 1383 Ad
1541 1353 1728 1396 quartum
1765 1343 1959 1394 respondet
2004 1341 2209 1392 Angelicus
2254 1342 2293 1379 in
2324 1341 2424 1392 Sup-

1300 1398 1419 1448 plem.
1448 1412 1516 1450 qu.
1537 1399 1603 1444 42.
1632 1406 1702 1435 art.
1731 1411 1762 1435 1.
1784 1398 1832 1434 ad
1854 1396 1916 1443 4.,
1946 1394 2048 1446 quozl
2077 1398 2168 1431 unio
2193 1392 2335 1432 Christi·
2364 1395 2425 1433 ad

1299 1451 1531 1490 Ecclesiam
1562 1464 1642 1489 nou
1671 1459 1728 1488 est
1757 1463 1821 1488 res
1864 1458 2055 1487 contenta
2086 1451 2127 1483 in
2167 1446 2238 1485 hoc
2268 1447 2420 1486 Sacra-

1300 1513 1461 1554 mento,
1490 1504 1560 1543 δελ
1579 1518 1642 1542 res
1662 1503 1895 1555 significata
1914 1533 1923 1550 ‚
1953 1503 2002 1542 (¹9³
2033 1514 2113 1538 non
2129 1510 2340 1545 contenta‚·
2369 1503 2420 1542 <9¹

1300 1559 1426 1596 talem
1455 1571 1542 1596 rem
1563 1559 1712 1594 nullum
1735 1557 2049 1594 Sacramentum
2071 1554 2188 1602 efficit
2208 1584 2217 1602 ,
2248 1554 2318 1592 ,ςελ
2347 1554 2420 1592 lia-

1300 1610 1359 1648 bet
1379 1612 1509 1649 aliam
1530 1624 1615 1648 rem
1637 1619 1883 1657 contentam,
1905 1622 1955 1647 ac
1976 1608 2251 1661 significatam
2265 1639 2275 1656 ,
2296 1622 2419 1659 quam

1300 1664 1421 1713 efficit
1442 1691 1452 1702 .
1482 1665 1707 1712 Nimirum,
1740 1672 1777 1701 ut
1808 1672 1936 1715 postea
1965 1661 2129 1712 explicat
2150 1662 2196 1699 ad
2221 1662 2257 1699 5.
2275 1692 2285 1709 ‚
2316 1671 2420 1700 actus

1299 1719 1464 1755 exterius
1492 1728 1714 1770 apparentes
1752 1726 1838 1755 sunt
1866 1715 2182 1754 Sacramentum
2225 1723 2384 1752 tantum
2403 1730 2418 1759 ,-

1297 1785 1388 1819 res,
1417 1772 1467 1811 Θ*
1498 1772 1812 1809 Sic-ramentum
1843 1778 1898 1808 est
1927 1767 2138 1820 obligatis),
2181 1781 2270 1818 quae
2298 1772 2419 1806 inna-

1297 1828 1418 1862 scitur
1445 1827 1514 1861 riri
1543 1823 1598 1861 a‘l
1628 1825 1834 1862 mulierem
1857 1838 1872 1868 ,·
1914 1836 1958 1860 ac
1989 1822 2144 1859 demum
2190 1835 2247 1859 res
2279 1821 2416 1859 ultima

1293 1887 1462 1916 contenta
1492 1879 1530 1916 in
1560 1878 1806 1915 Sacramento
1834 1885 1886 1914 est
1914 1875 2083 1923 eiusdem
2115 1873 2296 1922 effectus,
2345 1876 2420 1912 sci-

1293 1930 1381 1968 licet
1410 1932 1529 1982 gratia
1550 1929 1874 1969 Sacrametitz2lis.
1907 1928 2008 1966 Unio
2038 1936 2164 1965 autem
2195 1928 2337 1965 Christi
2368 1927 2417 1965 ad

1291 1983 1505 2022 Ecclesiam
1537 1993 1588 2021 est
1622 1985 1779 2036 quidem
1815 1981 2027 2033 significata
2072 1993 2139 2031 per
2181 1979 2253 2018 hoc
2282 1980 2419 2019 Sacra-

1290 2046 1463 2074 mentum
1482 2066 1492 2084 ,
1523 2037 1586 2074 sed
1616 2038 1656 2075 in
1685 2038 1767 2087 ipso
1797 2036 1957 2072 minime
1986 2041 2185 2071 contenta.

1348 2089 1414 2135 41.
1444 2089 1679 2128 Postremum
1723 2100 1799 2127 non
1840 2086 1942 2126 leves
1986 2085 2098 2123 habet
2139 2084 2417 2136 difficultates,

1293 2156 1382 2195 quae
1416 2143 1677 2193 expendentur
1706 2143 1746 2180 in
1782 2154 1861 2192 seq.
1891 2140 2042 2190 capite.
2086 2139 2245 2176 Interim
2289 2149 2414 2178 tamen

1291 2195 1495 2246 objectioni
1528 2195 1826 2244 respondemus,
1862 2202 2009 2229 certum
2040 2204 2114 2229 non
2144 2190 2226 2228 tolli
2257 2205 2325 2243 per
2355 2195 2415 2229 in-

1291 2257 1437 2285 certum
1456 2277 1466 2294 ‚
1510 2261 1577 2285 nec
1607 2248 1708 2298 quod
1737 2246 1886 2283 clarum
1917 2245 1956 2282 in
1985 2257 2051 2291 se,
2094 2243 2127 2280 ἃ
2164 2246 2414 2295 perspicuum

1292 2308 1370 2348 est,
1412 2309 1525 2351 atque
1554 2300 1603 2338 ab
1634 2298 1805 2337 Ecclesia
1834 2297 2067 2343 definitum,
2110 2299 2238 2348 negari
2278 2310 2383 2349 posse
2401 2328 2413 2346 ,

1291 2361 1447 2404 propter
1476 2354 1625 2405 aliquas
1654 2362 1798 2389 exortas
1830 2351 1926 2388 inter
1955 2349 2166 2400 Theologos
2195 2360 2411 2389 controver-

1290 2406 1362 2444 sias
1380 2436 1390 2454 ,
1420 2420 1515 2458 quas
1537 2406 1709 2444 Ecclesia
1732 2404 1943 2442 indefinitas
1965 2402 2141 2454 reliquit,
2172 2404 2408 2455 permittens,

1291 2473 1605 2511 unumquemque
1637 2460 1674 2496 in
1705 2471 1772 2496 suo
1801 2471 1911 2495 sensu
1941 2456 2165 2503 abundare.
2210 2455 2412 2495 Matrimo-

1287 2514 1392 2550 nium
1424 2527 1501 2550 esse
1532 2526 1664 2550 verum
1696 2525 1804 2548 novzc
1836 2510 1926 2561 legis
1955 2509 2270 2558 Sacramentum,
2303 2511 2413 2549 indu-

1286 2566 1361 2603 biis
1389 2565 1685 2603 demonstratum
1716 2574 1768 2601 est
1798 2564 2056 2615 argumentis,
2104 2571 2217 2614 atquc
2257 2563 2306 2601 ab
2337 2563 2410 2601 Ec-

1286 2617 1402 2656 clesia
1432 2618 1659 2664 delinitum3
1690 2616 1723 2653 8(
1756 2617 1824 2657 hoc
1854 2616 1903 2654 ab
1933 2615 2114 2653 omnibus
2133 2615 2338 2654 Catholicis
2370 2626 2410 2654 ut

1286 2671 1377 2709 fidei
1408 2681 1541 2709 nostrae
1571 2673 1706 2723 dogma
1737 2671 1925 2708 creditur:
1956 2669 2126 2706 creditur
2156 2670 2337 2721 insuper,
2369 2671 2410 2708 iu

1287 2737 1331 2761 eo
1359 2739 1435 2762 esse
1467 2726 1664 2762 materiam
1684 2754 1694 2772 ,
1729 2724 1889 2761 sormam
1909 2752 1918 2769 ,
1963 2721 1996 2758 &
2028 2723 2274 2770 ministrum,
2318 2736 2410 2775 quae

1285 2779 1361 2816 duo
1390 2786 1470 2815 sunt
1501 2778 1550 2816 ab
1572 2778 1744 2816 Ecclesia
1765 2776 1948 2814 definita:
1977 2775 2229 2813 determinare
2248 2784 2375 2814 autem
2395 2806 2406 2824 ,

1284 2845 1372 2884 quae
1404 2832 1447 2868 sit
1477 2830 1647 2882 ejusdem
1691 2831 1878 2877 materia,
1923 2841 2011 2881 quae
2056 2829 2206 2876 forma,
2250 2828 2284 2864 8(
2322 2831 2408 2880 quis

1286 2885 1482 2931 minister,
1513 2885 1645 2922 eadem
1676 2882 1849 2921 Ecclesia
1879 2882 2128 2920 necessarium
2158 2895 2230 2919 non
2259 2881 2407 2933 judica-

1282 2940 1364 2976 vit.
1394 2937 1433 2974 ld
1464 2939 1579 2976 etiam
1611 2938 1648 2975 iu
1669 2935 1860 2974 nonnullis
1881 2935 1967 2973 aliis
1986 2935 2243 2974 Sacramentis
2264 2936 2406 2972 factum

1283 2991 1399 3029 fuisse
1428 3004 1543 3041 supra
1571 2990 1813 3027 observatum
1844 2998 1924 3035 est;
1953 2990 2050 3040 quin
2078 2997 2205 3026 tamen
2227 2988 2335 3024 liceat
2357 2987 2404 3023 (Ie

1286 3044 1492 3082 substantia
1522 3045 1707 3095 dogmatis
1736 3042 1842 3081 litem
1871 3055 2052 3081 movere.
2098 3042 2187 3078 Vid.
2219 3038 2404 3077 D1ss.1V.

1286 3111 1372 3149 cap.
1396 3109 1455 3143 2.‚
1487 3096 1587 3135 Diss.
1619 3097 1705 3134 vll.
1734 3110 1822 3149 cap.
1844 3108 1905 3145 2.,
1933 3095 1967 3133 &
2001 3095 2101 3134 Diss.
2124 3093 2225 3130 VIII.
2255 3105 2341 3144 cap.
2369 3105 2402 3130 ι.

1287 3150 1442 3188 Interim
1471 3158 1598 3189 tamen
1626 3152 1674 3189 sit
2262 3196 2326 3234 (Ἰ

2281 3221 2309 3235 1:
2333 3219 2348 3226 ⁶

192 3270 242 3306 (a)
268 3267 350 3301 Hac
376 3275 427 3300 est
452 3267 610 3300 omnium
635 3266 892 3310 Theologorum
913 3267 1082 3300 sententia
1104 3289 1114 3307 ‚
1141 3270 1173 3300 ἃ
1207 3267 1333 3304 merito
1361 3268 1552 3303 Gratianus
1578 3269 1764 3315 culpatur,
1798 3266 1890 3313 quod
1913 3264 2095 3305 docuerit,
2132 3262 2402 3298 matrimonium

102 3311 174 3345 sine
203 3321 284 3348 actu
311 3313 466 3360 conjugii
493 3325 560 3348 non
584 3325 658 3349 esse
685 3315 952 3348 Sacramentum
969 3335 978 3345 .
