2605 3624
801 126 884 170 DE
918 124 1102 169 REALI
1135 124 1325 168 PRAES.
1359 123 1446 168 EX
1478 124 1699 169 SCRIPT.
2289 135 2336 179 5,

93 227 232 268 panem
264 213 374 253 illum
394 241 405 259 ,
435 209 617 248 &vinum
649 217 719 243 non
737 218 813 243 esse
843 204 1010 256 aliquem
1041 206 1173 242 cibum
1196 233 1207 252 ,

92 268 127 303 ά
160 278 288 319 potum
323 275 594 308 communem,
638 260 699 296 sed
734 261 857 309 ipsum
874 273 1008 310 corpus
1031 288 1040 304 ,
1071 257 1104 294 ὅ(
1127 273 1208 296 san-

91 323 247 372 guinem
289 318 399 356 Jesu:
443 315 541 352 unde
583 313 647 364 qui
680 312 911 359 manlucat,
942 310 974 347 ἃ
1004 311 1103 348 bibit
1151 313 1209 349 in-

93 376 207 425 digue
222 402 232 418 ‚
253 384 338 408 reus
358 378 410 406 est
428 368 640 418 gravissimi
665 366 814 402 sce-letis
831 395 840 412 ,
863 378 937 402 nou
960 364 1207 415 ‹lt'jtulc'ctzng

92 439 157 465 seu
187 437 261 462 nou
298 423 519 460 'discernens
559 432 695 470 corpus
728 417 882 455 Domini
915 433 935 455 a
966 433 1064 469 pane
1105 432 1208 454 com-

94 477 233 517 muni:
274 473 372 512 illest
401 487 455 511 ex
482 485 557 518 eo,
602 469 705 522 quod
735 484 812 507 non
843 470 1026 508 discr-rme
1070 483 1209 520 corpus

94 530 260 570 Domini
287 524 338 564 ab
365 528 457 565 aliis
485 525 599 572 cibis,
636 522 912 572 indifferenter
940 530 1063 574 ipeum
1095 537 1208 560 assu-

93 595 235 630 mens,
264 584 363 618 sicut
390 581 492 618 allos
522 577 624 616 cibos
641 609 651 626 ‚
683 587 720 615 ut
750 587 1028 616 commentatur
1043 578 1084 616 S.
1106 577 1209 614 Tho-

92 649 175 674 mas
204 633 411 672 Lectsv'll.
440 635 480 671 iu
510 632 608 670 liuuc
638 632 765 670 locum
783 657 793 668 .

153 687 242 739 198.
271 685 443 726 Unicum
481 685 513 721 ἃ
556 695 776 723 consuetum
819 683 1210 722 sacramentariorum

91 740 279 793 effugium
321 749 405 788 est,
448 739 566 776 verba
591 739 758 784 Christi,
802 746 918 789 atque
953 740 1067 775 etiam
1115 741 1213 789 Apo-

94 795 176 833 stoli
208 808 282 832 non
315 793 495 845 propriO,
538 800 649 843 atque
676 790 790 828 obvio
825 804 960 837 seusu,
1005 792 1065 827 sed
1096 795 1212 839 tropi-

94 861 170 894 co,
199 848 248 887 <J
266 846 450 900 figurato
478 859 555 882 esse
585 843 846 893 intelligenda.
880 842 1023 879 Verum
1055 842 1213 880 lnocini-

96 900 283 947 natabile,
312 899 346 936 ἃ
377 899 624 936 vanissimum
655 896 838 944 effugium
866 897 980 933 variis
1010 909 1213 945 argumen-

95 956 143 992 tis
186 952 464 1005 praecluditur.
513 949 646 987 Primo
689 950 789 985 enim
827 948 860 984 ἆ
899 950 1015 986 sancti
1060 946 1212 996 Patres,

127 1019 258 1044 nortun
289 1004 502 1042 testimonia
534 1003 693 1040 inferius
717 1002 972 1052 expendemus
989 1031 999 1048 ,
1030 1001 1063 1036 8(
1083 1015 1214 1038 omnes

93 1021 304 1110 Scriptura!
333 1071 451 1094 sacrae
481 1056 728 1107 interpretes,
771 1054 804 1090 &
836 1055 1023 1092 universae
1054 1064 1129 1092 toto
1156 1069 1215 1092 or-

91 1111 143 1149 be
171 1113 350 1163 dispersae
379 1109 563 1148 Ecclesia:
585 1140 597 1157 ,
635 1111 754 1146 immo
783 1107 816 1144 8(
847 1109 917 1158 ipsi
949 1107 1118 1146 haeretici
1141 1139 1151 1156 ,
1183 1107 1215 1143 &

94 1164 326 1203 schismatici
354 1162 506 1202 laudata
534 1162 673 1201 Christi
706 1161 864 1200 Domini
901 1161 1018 1199 verba
1050 1163 1089 1200 iu
1118 1163 1217 1200 nati-

95 1231 145 1255 vo
166 1247 177 1264 ,
205 1232 250 1255 ac
279 1215 432 1254 litterali
461 1231 570 1254 sensu
598 1229 748 1268 semper
778 1214 1045 1253 intellexerunt
1067 1245 1077 1263 ,
1106 1229 1215 1253 exce·

95 1272 170 1323 ptis
199 1271 284 1308 solis
312 1270 655 1318 sacramentariis,
699 1270 765 1321 qui
797 1278 873 1320 post
901 1269 1122 1318 quindecim
1141 1299 1152 1316 ,
1182 1268 1215 1304 8:

72 1324 264 1375 vamplius
293 1322 438 1362 saecula
467 1337 603 1361 novam
619 1322 839 1360 eorumdem
871 1323 1074 1360 verborum
1106 1322 1217 1359 iutel-

97 1374 296 1426 ligentiam
324 1376 435 1414 nobis
462 1377 666 1414 obtrudere
695 1376 820 1414 conati
851 1386 932 1413 suut
951 1403 960 1413 .
994 1376 1102 1412 Anne
1124 1376 1217 1426 ipsis

99 1429 189 1467 solis
219 1443 308 1467 vera
348 1428 464 1480 hujus
497 1430 730 1467 Sacrameuti
762 1429 864 1466 notio
894 1438 1079 1466 reservata
1110 1427 1216 1466 erat?

99 1484 209 1520 Anne
237 1484 351 1521 ceteri
379 1496 534 1530 omnes,
564 1486 630 1535 qui
650 1481 864 1519 Christiano
894 1483 1043 1519 nomine
1062 1482 1100 1519 iu
1121 1496 1215 1533 qua-

98 1542 184 1572 tuor
214 1536 348 1573 muudi
379 1536 548 1587 partibus
590 1534 990 1586 comprehenduntur,
1033 1534 1216 1572 hactenus

96 1588 150 1626 ita
178 1590 431 1627 coecutieruut
450 1618 462 1636 ,
508 1598 546 1626 ut
574 1601 819 1640 germanam,
862 1602 907 1626 ac
937 1602 1066 1626 veram
1099 1590 1217 1625 trium

94 1640 431 1692 Evangelistarum
452 1671 463 1688 ,
507 1656 550 1678 ac
579 1642 618 1679 S.
650 1640 757 1680 Pauli
790 1650 954 1679 mentem
986 1642 1114 1679 videre
1144 1643 1216 1679 mi·

97 1698 202 1732 nime
234 1694 449 1745 potuerint?
491 1694 591 1732 Sane
622 1694 683 1732 hic
712 1694 965 1739 universalis,
1010 1708 1052 1730 ac
1082 1708 1216 1744 perpe-

97 1756 182 1783 tuus
213 1747 412 1785 hominum
451 1760 650 1785 consensus
679 1747 725 1784 ad
768 1748 1015 1784 certissimam
1061 1748 1216 1784 ‹lemon-

97 1801 316 1838 strationem
345 1799 561 1847 sufficeret,
605 1801 676 1837 uisi
707 1814 796 1837 cum
832 1799 1124 1838 obstinatissime
1153 1799 1217 1837 lio-

96 1854 248 1890 minum
276 1867 413 1904 genere
441 1854 724 1905 disputaretur.

160 1919 246 1957 ¹99·
277 1907 492 1954 Praeterea,
540 1915 580 1943 ut
611 1905 898 1953 ssellarminus,
946 1904 1092 1958 aliique
1134 1914 1216 1955 post

97 1957 227 2008 ipsum
259 1960 349 1997 scite
377 1959 647 2008 observarunt,
692 1973 778 1996 cum
810 1959 958 1995 nonnisi
1003 1959 1102 2009 apud
1135 1958 1216 1995 lau-

96 2011 202 2048 datos
239 2020 312 2049 tres
342 2012 600 2063 Evangelistas
622 2042 633 2059 ,
682 2010 715 2047 8t
745 2011 847 2062 apud
877 2010 918 2048 S.
949 2010 1110 2048 Paulum
1154 2025 1217 2049 ac-

94 2074 227 2102 curata
257 2066 498 2103 iustitutionis
528 2064 782 2103 Eucliaristici
813 2063 1051 2101 Sacrameuti
1099 2064 1216 2102 histo·

96 2118 154 2154 ria
183 2116 368 2156 habeatur
390 2149 401 2167 ,
447 2119 478 2156 si
513 2119 584 2170 ipsi
616 2131 749 2156 verum
769 2147 780 2165 ,
824 2116 857 2153 ἃ
885 2117 1100 2155 naturalem
1133 2131 1216 2154 ver-

95 2168 236 2209 borum
264 2171 403 2210 Christi
432 2185 584 2210 sensum
627 2185 702 2209 nou
744 2169 954 2218 exhibent,
1001 2170 1142 2209 nullibi
1177 2171 1215 2207 in

96 2230 173 2260 toto
202 2236 298 2260 novo
326 2233 545 2262 testamento
572 2226 738 2275 genuina
768 2225 859 2261 tanti
880 2223 1116 2262 sacramenti
1146 2237 1214 2262 tio-

97 2276 151 2314 tio
180 2274 385 2314 habebitur
403 2303 414 2314 .
457 2277 556 2323 Quae
585 2280 689 2314 euim
720 2276 769 2314 ab
797 2275 1020 2314 adversariis
1051 2276 1217 2314 afferun-

97 2335 160 2364 tur
187 2328 319 2367 divina
347 2328 502 2367 oracula
523 2359 534 2376 ,
583 2328 673 2367 hinc
704 2330 791 2368 iude
821 2342 840 2365 e
870 2330 985 2367 sacris
1014 2328 1125 2367 libris
1155 2342 1218 2367 ex-

97 2389 250 2433 cerpta,
279 2384 378 2420 certe
408 2381 572 2421 clariora
602 2395 676 2420 nou
706 2391 789 2420 suut
821 2382 866 2419 iis
896 2382 1044 2430 verbis,
1076 2384 1113 2420 iu
1133 2383 1219 2433 qui-

97 2433 170 2474 bus
198 2448 272 2472 nou
300 2436 424 2474 obiter
441 2466 451 2484 ,
481 2437 541 2474 sed
573 2435 657 2473 data
684 2449 800 2486 opera
829 2435 874 2472 de
899 2438 1123 2473 sacrosancti
1148 2436 1218 2473 liu-

97 2486 159 2539 jus
189 2490 361 2541 mysterii
390 2490 620 2528 institutione
657 2491 781 2541 agitur
804 2515 815 2527 .
862 2487 1022 2527 l’eccant
1064 2501 1151 2540 ergo
1180 2503 1216 2526 e-

100 2543 282 2579 normiter
299 2552 428 2580 contra
444 2544 612 2596 primas,
633 2541 667 2578 &
683 2555 904 2580 communes
923 2541 1216 2579 hermeneuticae

101 2592 250 2643 regulas
265 2595 492 2643 adversarii,
510 2596 603 2633 dum
622 2596 704 2633 haec
723 2595 839 2633 verba
857 2625 867 2642 ‚
899 2595 985 2634 Hoc
1001 2604 1057 2633 est
1079 2607 1218 2646 corpus

103 2657 265 2694 meum,
309 2647 424 2684 radiis
450 2648 638 2686 solaribus
674 2648 836 2687 clariora
866 2649 911 2686 ad
941 2649 1103 2700 tropicos
1124 2679 1134 2696 ,
1183 2647 1217 2684 ἃ

101 2698 282 2748 figuratos
315 2713 440 2738 seusus
470 2700 651 2739 violenter
679 2702 929 2754 detorquent,
972 2716 1062 2740 cum
1094 2703 1218 2754 potius

100 2764 191 2803 quae
219 2750 316 2790 alibi
344 2752 543 2791 obscurius
571 2754 670 2792 dicta
699 2763 932 2802 occurrunt,
961 2755 1122 2794 debeant
1152 2767 1220 2806 per

104 2804 270 2843 clariora
289 2805 474 2856 explicari
492 2832 503 2843 .
534 2806 580 2844 Et
600 2809 630 2845 si
663 2807 759 2845 hanc
782 2807 1087 2846 adversariorum
1117 2809 1220 2846 viam

102 2858 347 2905 insistamus,
391 2872 462 2896 nou
492 2859 614 2897 solum
645 2860 714 2898 hoc
744 2859 998 2899 Eucharistiae
1031 2875 1220 2900 sacrosan-

103 2919 210 2948 ctum
259 2911 510 2963 mysterium,
551 2914 614 2950 sed
657 2913 805 2964 reliqua
850 2917 982 2952 omnia
1026 2915 1220 2966 religionis

104 2964 278 3014 dogmata
308 2963 519 3009 nutabunt.;
548 2966 581 3002 &
611 2966 799 3004 lncreduli
829 2967 876 3003 de
904 2981 1034 3004 eversa
1065 2969 1218 3019 religio·

101 3031 152 3056 ue
182 3017 424 3069 triumphum
451 3027 590 3068 agent,
628 3018 802 3070 illudque
830 3019 999 3058 Lucretii
1028 3030 1220 3072 repetent:

157 3168 205 3201 (a)
237 3162 412 3197 Lutherus
439 3161 481 3195 de
508 3173 542 3194 se
570 3161 643 3206 ipso
668 3162 821 3201 fatetur,
846 3161 1037 3205 plurimum
1064 3162 1220 3196 laboras-

109 3218 170 3248 se,
193 3217 231 3242 ιιι
256 3210 391 3254 rejecto
416 3221 516 3242 sensu
545 3209 687 3241 litterali
706 3209 856 3252 aliquem
872 3207 1057 3251 figuratum
1085 3209 1219 3241 inveni-

107 3262 165 3287 ἴθι
180 3275 191 3294 ,
216 3258 329 3288 sciens
348 3277 360 3296 ,
387 3257 498 3299 inquit
515 3276 524 3294 ,
552 3255 614 3287 hoc
630 3258 772 3287 ηιατὶηιρ
791 3254 887 3286 modo
905 3265 1006 3295 posse
1018 3266 1068 3286 me
1093 3258 1219 3287 incom-

110 3301 248 3341 madage
267 3301 406 3346 Paputui
430 3302 496 3340 toli
526 3301 627 3335 tinem
655 3301 830 3345 egregium
858 3298 1109 3342 interpretandi
1126 3300 1218 3333 Scri-

111 3349 273 3391 pturam!
299 3355 311 3390 )
339 3361 402 3384 nec
428 3356 542 3384 tamen
570 3349 724 3382 invenire
738 3346 913 3392 potuisse.
939 3345 994 3380 Sic
1020 3343 1063 3380 ad
1083 3347 1217 3390 Argen-

1386 280 1473 293 ......
1495 253 1658 293 Pedibus
1687 256 1851 295 calcata,
1879 264 2047 299 vicissim

1387 309 1540 361 Religio
1569 313 1733 357 teritur,
1763 323 1832 348 nos
1861 325 2049 362 exsequar
2078 319 2240 356 rectoria
2270 320 2393 360 coelo.

1335 428 1426 453 200.
1460 413 1615 453 Tertio.
1647 415 1729 466 lpse
1759 415 1964 454 verborum
1995 428 2207 469 contextus,
2238 425 2270 461 &
2302 435 2396 464 tem.

1279 470 1382 518 poris
1411 470 1697 506 circumstantia
1732 470 1952 517 declarant,
1995 471 2186 511 Christum
2235 478 2396 517 nolui-‚se

1282 521 1439 572 figuris,
1483 521 1515 556 ἃ
1545 532 1600 558 tro
1633 523 1660 558 is
1691 523 1742 558 uti
1775 525 1813 560 in
1844 524 2088 562 Sacrameuto
2115 529 2290 566 omnium
2323 547 2400 570 ma.

1282 576 1387 611 ximo
1417 575 1592 613 iustitueu
1622 589 1663 612 o.
1695 575 1777 612 Non
1809 577 1932 613 solum
1963 578 2065 615 euim
2094 579 2216 627 dixit,
2246 579 2315 618 hoc
2344 595 2399 620 est

1281 640 1421 678 corpus
1450 641 1612 675 meum,
1660 628 1722 666 sed
1771 643 1816 667 ne
1847 629 1926 667 ulla
1966 640 2058 668 esset
2099 631 2313 682 dubitatio,
2356 638 2401 674 de

1280 694 1359 770 spuo
1388 694 1545 732 corpore
1574 681 1817 732 loqueretur,
1859 683 2032 731 addidit,
2074 685 2176 733 quod
2202 699 2272 736 pro
2300 687 2397 726 vobis

1284 744 1402 770 t.z!ur
1423 764 1434 780 ,
1477 735 1569 772 idest
1597 732 1788 783 offertur,
1833 745 1871 774 ut
1904 735 2018 773 habet
2051 738 2190 784 Lucas5
2236 740 2323 787 vel,
2366 753 2404 780 ut

1281 788 1374 824 dicit
1407 787 1566 835 Paulus,
1608 788 1712 839 quod
1738 802 1806 837 pro
1835 788 1935 827 vobis
1964 789 2170 829 tradetur.
2213 793 2401 832 Similiter

1283 842 1396 877 etiam
1428 843 1617 892 porrigens
1646 841 1845 893 discipulis
1882 843 2042 881 calicem
2073 845 2191 882 dixit:
2238 845 2316 884 Hic
2344 858 2403 886 est

1280 899 1446 945 sanguis
1476 907 1587 932 meus
1605 926 1614 942 ,
1644 899 1707 944 qui
1735 908 1805 944 pro
1825 897 1958 934 multe‘s
1986 893 2238 946 effundetur,
2270 910 2308 937 ut
2328 901 2403 939 duo

1282 945 1539 998 Evangelistae
1571 947 1798 996 Mattliaeus,
1829 950 1862 985 ἃ
1894 949 2049 988 Marcus
2081 951 2241 998 liabent5
2282 953 2406 993 Lucas

1284 1013 1399 1048 vero,
1429 1004 1493 1051 qui
1521 1014 1590 1046 pro
1619 999 1719 1039 robis
1735 1001 1961 1053 fundetur.
1994 1003 2138 1056 Nempe
2167 1005 2340 1045 Christus
2365 1016 2405 1045 ut

1284 1067 1432 1091 sensum
1465 1053 1664 1092 litteralem
1697 1058 1816 1106 magis
1845 1059 2101 1108 exprimeret,
2132 1072 2170 1096 se
2190 1059 2279 1096 dare
2308 1062 2406 1099 dixit

1281 1107 1658 1145 admanducandum
1691 1108 1787 1145 illud
1809 1110 1935 1161 ipsum
1967 1124 2076 1147 suum
2108 1125 2273 1162 corpus,
2303 1115 2406 1164 quod

1285 1170 1411 1211 postea
1455 1161 1680 1198 tradendum
1711 1171 1814 1208 erat,
1859 1162 1891 1197 ὅ(
1921 1162 2156 1200 offerentium
2187 1167 2225 1202 in
2257 1179 2371 1205 cruce
2393 1196 2406 1215 ,

1285 1213 1318 1248 ἃ
1349 1215 1395 1250 ad
1426 1212 1638 1250 bibendum
1670 1214 1781 1251 illum
1814 1215 1938 1264 ipsum
1960 1219 2210 1266 sanguinem,
2240 1220 2307 1268 qui
2339 1231 2408 1270 pro

1283 1265 1392 1304 uobis
1421 1265 1670 1304 effundendus
1699 1275 1777 1304 erat
1806 1267 1844 1303 iu
1874 1269 2065 1319 passione·

1340 1331 1431 1356 201.
1461 1318 1525 1357 Est
1557 1321 1668 1357 etiam
1700 1320 1863 1358 notanda
1891 1322 2178 1360 circumstantia
2206 1325 2409 1375 temporis,

1283 1373 1436 1424 quaudo
1465 1387 1604 1423 nempe
1634 1374 1882 1427 iii-suprema
1911 1388 2023 1412 coeua
2053 1376 2165 1412 morti
2213 1378 2410 1426 proximus

1284 1439 1399 1464 suum
1427 1426 1610 1464 condebat
1640 1435 1927 1474 testamentum,
1960 1426 2141 1465 ultimum
2164 1428 2250 1466 vale
2277 1429 2405 1468 dicens

1284 1479 1485 1529 discipulis
1514 1481 1619 1516 suis:
1663 1493 1817 1531 aequum
1864 1481 1979 1530 igitur
2008 1489 2112 1527 erat,
2151 1490 2188 1517 ιιι
2216 1483 2299 1519 siue
2330 1493 2406 1520 tro-

1286 1533 1366 1583 pis,
1409 1542 1471 1569 aut
1502 1532 1635 1582 figuris
1672 1543 1897 1584 postremam
1929 1547 2034 1570 suam
2077 1533 2306 1572 voluntatem
2338 1550 2404 1574 ex-

1285 1586 1465 1636 primeret
1487 1611 1497 1622 .
1546 1585 1644 1622 Nam
1673 1587 1787 1622 etiam
1820 1585 2019 1632 homiues,
2050 1588 2079 1624 si
2110 1600 2280 1639 unquam
2311 1600 2408 1628 sata-

1283 1647 1374 1689 gunt
1396 1639 1607 1690 perspicuis
1636 1639 1763 1676 verbis
1792 1652 1898 1676 suam
1924 1649 2089 1677 mentem
2113 1640 2324 1679 luculenter
2345 1657 2408 1681 ex·

1286 1704 1450 1742 ponere,
1488 1692 1526 1729 id
1558 1694 1725 1730 maxime
1755 1701 1892 1729 curant
1922 1694 1960 1730 in
1994 1692 2129 1730 ultimo
2158 1702 2375 1733 testamento
2395 1721 2407 1735 .

1285 1744 1397 1789 Quod
1428 1745 1457 1781 si
1488 1744 1658 1782 Christus
1686 1744 1864 1782 voluisset
1895 1759 1960 1783 suo
1989 1746 2175 1783 arbitratu
2205 1745 2267 1785 hic
2299 1762 2409 1800 para-

1285 1795 1413 1843 bolis,
1444 1796 1476 1832 ἃ
1507 1796 1638 1849 figuris
1669 1799 1752 1845 uti,
1780 1798 1968 1836 debuisset
1998 1800 2146 1836 animos
2175 1813 2328 1838 suorum
2351 1802 2408 1839 di·

1284 1849 1524 1900 scipulorum
1555 1864 1799 1902 praeparare,
1831 1865 1879 1888 ne
1900 1865 1968 1902 per
1996 1852 2211 1902 simplicem
2232 1883 2241 1901 ,
2272 1868 2316 1891 ac
2347 1853 2408 1893 lit—

1285 1902 1443 1940 teralem
1485 1917 1635 1941 sensum
1665 1905 1704 1942 iu
1748 1906 2116 1956 perniciosissimum
2153 1919 2321 1944 errorem
2355 1909 2411 1948 iu-

1283 1955 1536 2003 ducereutur,
1567 1965 1743 2009 putantes
1772 1971 1858 1994 eum
1888 1958 2020 1996 diviua
2051 1972 2118 1996 sua
2138 1961 2413 2010 omnipotentia.

1285 2021 1331 2046 ex
1361 2023 1459 2059 pane
1477 2039 1487 2057 ,
1516 2008 1550 2045 &
1580 2011 1671 2048 vino
1699 2023 1857 2061 corpus,
1889 2009 1922 2046 ἃ
1951 2014 2176 2063 sanguinem
2210 2027 2319 2051 suum
2344 2029 2407 2052 ve-

1284 2075 1324 2100 re
1354 2061 1545 2111 effecisse,
1590 2073 1630 2102 ut
1658 2075 1785 2101 omues
1815 2073 1955 2115 praeter
1983 2065 2308 2106 Sacramentarios
2339 2069 2412 2106 rei·

1284 2129 1352 2168 psa
1382 2126 1511 2167 putant
1534 2143 1544 2155 .

1339 2182 1432 2207 202.
1464 2169 1597 2222 Neque
1640 2182 1731 2207 vero
1773 2170 1984 2209 audiendus
2012 2180 2066 2209 est
2095 2171 2210 2210 Edm.
2244 2172 2410 2211 Alberti·

1285 2235 1382 2269 nus,
1413 2224 1479 2274 qui
1511 2222 1576 2260 lias
1598 2225 1778 2271 rationes,
1809 2225 1949 2276 quibus
1965 2227 2221 2262 communiter
2252 2235 2408 2264 utuntur

1286 2275 1492 2313 orthodoxi
1524 2276 1570 2313 ad
1606 2280 1849 2326 praesentiam
1881 2277 2022 2313 realem
2057 2277 2409 2328 comprobandam,

1287 2342 1400 2365 ausus
1422 2338 1473 2365 est
1490 2342 1625 2366 vocare
1642 2327 1899 2366 stolidissima
1921 2338 2164 2379 argumenta
2182 2356 2192 2367 .
2223 2330 2296 2368 Sed
2315 2346 2410 2383 qua-

1286 2379 1356 2418 re?
1385 2381 1488 2427 Quia
1518 2381 1621 2419 Deus
1652 2383 1958 2432 frequentissime
1988 2396 2053 2434 per
2085 2383 2324 2434 metaphoras
2354 2384 2411 2422 lo·

1287 2444 1395 2472 cutus
1422 2444 1502 2481 est,
1544 2435 1640 2486 quin
1673 2444 1797 2472 tamen
1837 2433 2007 2472 homines
2038 2437 2091 2486 pii
2112 2465 2122 2483 ‚
2171 2451 2216 2473 ac
2247 2436 2414 2489 religiosi

1288 2488 1426 2524 fuerint
1459 2488 1495 2524 iu
1524 2500 1691 2526 errorem
1734 2487 1909 2526 inducti.
1953 2488 2002 2526 Et
2030 2486 2117 2527 liaec
2160 2489 2328 2541 vulgaris
2359 2500 2410 2529 est

1285 2539 1584 2577 Calviuistarum
1615 2543 1741 2580 evasio
1758 2566 1769 2578 .

1344 2593 1434 2631 203.
1465 2592 1537 2631 Sal
1569 2604 1772 2646 autequam
1790 2607 1874 2632 eam
1905 2593 2191 2646 praecludamus
2210 2625 2220 2643 ,
2253 2597 2413 2635 nouerit

1288 2645 1355 2686 abs
1385 2660 1424 2684 re
1455 2646 1620 2684 breviter
1648 2649 2005 2686 notareiutestinam
2025 2647 2177 2686 illorum
2209 2662 2379 2701 pugnam
2398 2679 2409 2698 ‚

1289 2701 1355 2752 qui
1389 2700 1586 2750 repudiato
1613 2714 1723 2739 seusu
1755 2700 1910 2739 litterali
1940 2702 1987 2740 ad
2018 2704 2262 2753 peregrinos,
2293 2704 2408 2754 tropi·

1287 2766 1351 2790 cos
1369 2783 1378 2801 ,
1410 2752 1636 2804 &figuratos
1665 2755 1913 2804 confugiunt.
1944 2753 2162 2806 Praecipuas
2193 2763 2334 2792 tautum
2354 2770 2411 2793 re-

1291 2807 1456 2844 seremus
1485 2819 1615 2844 eorum
1647 2808 1924 2858 expositiones:
1952 2820 2085 2845 omnes
2115 2811 2218 2846 euim
2251 2810 2413 2857 referre,

1289 2859 1323 2896 8(
1343 2861 1506 2897 refutare
1535 2861 1648 2898 nimis
1678 2860 1833 2912 longum
1864 2870 1977 2899 esset.
2010 2861 2074 2910 (a)
2104 2861 2152 2899 Et
2182 2865 2311 2911 primo
2342 2862 2412 2901 ali-

1289 2915 1357 2965 qui
1389 2913 1632 2961 audaciores,
1663 2923 1870 2952 utomnem
1899 2913 2165 2952 difficultatem
2197 2918 2410 2963 evitarent,

1289 2976 1470 3017 negarunt
1493 2996 1503 3014 ,
1547 2980 1676 3005 veram
1715 2967 1763 3005 de
1791 2965 2034 3006 Sacramento
2063 2967 2317 3007 Eucharistiae
2349 2969 2413 3005 do·

1286 3021 1449 3059 etriuam
1487 3034 1565 3058 esse
1605 3020 1853 3072 quaereudam
1884 3021 1923 3059 iu
1965 3021 2092 3060 verbis
2121 3019 2410 3068 Institutionis‚

2294 3083 2350 3111 ιιιι

1286 3163 1439 3198 cinenses
1465 3164 1661 3199 scrihebat.
1704 3162 1829 3200 Postea
1856 3165 2009 3199 inaniter
2034 3166 2255 3210 gloriabatur
2274 3188 2283 3206 ‚
2311 3161 2401 3207 quo-l

1287 3213 1356 3254 ipsi
1382 3211 1563 3254 Pontificii
1600 3223 1671 3244 eam
1713 3216 1782 3254 ipsi
1808 3214 1943 3247 laudem
1982 3214 2130 3246 tribuere
2173 3219 2373 3255 cogerentur
2392 3229 2402 3247 ‚

1286 3258 1373 3299 quod
1398 3258 1651 3291 Sacramentum
1675 3263 1831 3302 corporis
1850 3282 1861 3300 ,
1889 3265 1930 3292 Θ·
1957 3264 2136 3304 sanguinis
2165 3257 2304 3289 Domini
2331 3256 2403 3303 lost-

1285 3313 1327 3346 ge
1351 3306 1472 3337 melius
1498 3308 1589 3346 ipsis
1612 3310 1856 3349 propugnavit.
1896 3307 1946 3339 lta
1971 3304 2061 3349 apud
2086 3303 2340 3347 Hospinianutn
2366 3307 2403 3330 in

1285 3347 1382 3384 Hirr.
1409 3349 1564 3385 Sacram.
1590 3360 1669 3395 pag.
1696 3362 1729 3384 n.
1759 3360 1838 3384 228.
