2605 3624
833 132 912 175 DE
949 128 1705 174 't'RANSUBSTANTtA'rtoNE
1723 159 1734 172 .
2326 133 2375 174 61

135 216 358 256 Christianus
387 213 683 254 communiones
713 210 750 249 in
779 209 850 247 lioc
893 210 1024 248 eodem
1054 223 1159 248 sensu
1189 222 1251 247 or-

133 270 297 308 thodoxo
326 270 406 308 litet·
437 278 604 305 veterum
636 265 789 302 Patrum
820 264 918 302 dicta
952 262 1215 301 intellexerunt
1238 293 1249 310 ,

132 323 454 376 quemadmodum
485 319 620 371 legenti
639 348 650 366 ,
692 331 781 370 qua!
813 331 897 369 sup.
928 331 963 355 n.
988 316 1078 369 239.
1109 316 1142 353 8(
1170 330 1249 368 seq.

138 376 359 423 attulimus,
388 374 596 412 loculenter
624 371 853 423 apparebit.

186 428 276 478 567.
306 427 381 466 Ob.
401 431 550 477 primo.
580 426 728 464 Nomen
745 425 953 463 barbarum
971 423 1250 462 transubstan-

131 484 305 520 tinitonis
335 494 474 519 novum
504 488 583 526 est,
627 477 736 529 cujus
775 493 895 530 neque
926 479 964 516 in
995 479 1110 515 sacris
1154 477 1249 514 litte-

131 536 209 582 ris,
245 548 367 586 neque
397 536 435 572 in
465 535 600 572 sanctis
630 531 804 570 Patribus
827 563 836 580 ,
882 542 963 569 ante
992 531 1108 568 Conc.
1141 531 1249 568 Late-

131 600 291 626 ranense
322 587 390 626 lV.
423 587 548 626 ullum
580 587 765 637 reperitur
795 586 1018 638 vestigium:
1060 598 1149 636 ergo
1179 584 1248 622 lioc

126 640 208 692 ipso
239 639 490 692 rejiciendum
522 650 573 678 est
603 640 666 692 (a.)
689 666 700 678 .

182 692 274 732 568.
309 694 418 747 Resp.
448 698 602 743 primo,
633 708 700 731 uec
721 695 1035 742 impanationis,
1067 706 1134 729 nec
1155 705 1249 729 con·

127 745 470 786 substiiiitiiitionis
487 779 498 796 ,
529 761 598 786 uec
627 750 954 785 concomitantiae
976 775 987 793 ,
1017 746 1074 782 vel
1092 758 1249 782 ‹issum-

126 805 270 850 ptionis
290 832 301 850 ,
329 812 394 840 aut
422 802 579 840 demum
608 805 763 838 unionis
793 798 1116 837 Sileramentalls
1145 813 1249 836 meii-

125 855 268 892 tionem
314 855 434 894 ullam
467 856 503 892 in
538 856 654 892 sacris
695 853 827 891 litteris
871 854 1062 897 inveniri,
1106 852 1249 902 quibus

127 915 254 946 tamen
283 909 440 947 vocibus
471 911 522 946 uti
566 916 693 945 amant
724 907 931 944 Lutlierani
950 932 960 942 .
1010 902 1246 953 Praeterea,

129 962 318 1012 quidquid
360 964 405 1000 sit
434 962 479 998 de
509 974 600 998 voce
641 958 1102 1004 triznsubsiminationis,
1146 968 1247 1009 post-

126 1027 244 1066 quam
275 1027 318 1051 ex
348 1014 578 1065 Scripturis,
627 1026 670 1050 ac
699 1012 900 1049 traditione
943 1021 1132 1048 ostensum
1164 1021 1247 1059 est,

125 1074 239 1104 totam
270 1067 519 1105 substantiam
551 1066 686 1118 panis,
724 1066 757 1101 8<
789 1066 867 1102 vini
896 1065 1064 1102 converti
1096 1065 1134 1100 in
1165 1078 1248 1102 cor-

126 1132 226 1170 pus,
263 1118 296 1154 ἇ
327 1120 552 1172 sanguinem
582 1119 670 1157 Jesu
700 1118 838 1157 Christi
860 1148 871 1165 ,
915 1117 1062 1168 puerile
1091 1127 1142 1154 est
1171 1117 1249 1157 liti-

123 1185 214 1222 gare
241 1172 288 1210 de
318 1185 436 1220 voce3
465 1173 499 1210 &
525 1185 675 1224 semper
697 1172 831 1219 licuit,
860 1185 1087 1223 semperque
1116 1170 1248 1209 licebit

122 1224 308 1265 Ecclesiae
339 1227 386 1265 ad
415 1225 683 1279 praecludenda
703 1225 982 1264 Haereticoruin
1014 1224 1154 1273 effugia
1185 1238 1248 1261 no-

124 1291 191 1318 vas
220 1281 358 1318 cudere
395 1293 502 1318 voces
523 1310 534 1328 ,
579 1289 618 1318 ut
648 1280 790 1318 sactum
822 1287 872 1316 est
903 1279 941 1316 in
971 1278 1149 1315 Concilio
1178 1277 1248 1316 Ni-

121 1345 260 1381 caeno,
303 1343 515 1372 consecrata
557 1345 647 1371 voce
677 1334 847 1381 ὁμοέσιος
869 1361 880 1379 ,
919 1331 952 1367 8<
983 1333 1022 1369 iu
1052 1330 1249 1382 Eplieeino

124 1385 299 1424 adhibita
329 1384 505 1432 θεοτῖκος
528 1417 539 1435 ,
577 1387 623 1425 ad
654 1386 882 1423 Asianorum
901 1416 911 1431 ,
942 1384 976 1421 &
1006 1383 1246 1424 Nestoi-iano-

123 1452 212 1478 rum
243 1439 404 1478 haereses
435 1440 720 1492 profligandas.
751 1438 899 1476 Horum
915 1438 1175 1476 conciliorum
1206 1453 1245 1476 e-

120 1493 276 1545 xemplo
304 1493 480 1546 Synodus
518 1493 743 1531 Tridentina
779 1491 877 1530 Sess.
912 1491 1021 1530 Xlll.
1060 1505 1146 1544 cap.
1175 1492 1244 1539 4.,

119 1545 255 1584 &cam
277 1560 313 1586 2·
343 1545 544 1595 definivit,
573 1547 856 1584 conversionem
887 1547 997 1583 totius
1020 1545 1243 1584 substantiae

120 1602 258 1652 panis,
303 1598 338 1636 &
368 1600 446 1638 vini
475 1601 515 1638 iti
552 1613 716 1652 corpus,
760 1599 793 1636 8<
823 1600 1045 1650 sanguinem
1086 1599 1242 1637 Domini

118 1656 398 1692 convenienter
416 1682 428 1700 ,
470 1653 521 1694 ὢν
548 1657 701 1703 proprie
728 1668 750 1691 a
779 1662 907 1691 sancta
951 1651 1138 1690 catholica
1169 1652 1243 1690 Ec-

121 1705 236 1746 clesia
266 1704 737 1745 transubstantiationem
768 1707 885 1743 fuisse
914 1705 1146 1757 appellatam
1165 1731 1174 1743 .

175 1759 267 1811 369,
297 1759 430 1810 Neque
474 1758 535 1797 liic
573 1759 783 1797 omittenda
821 1768 871 1795 est
911 1758 977 1796 illa
1006 1758 1046 1796 S.
1078 1758 1242 1796 'I'liomae

121 1820 301 1851 accurata
348 1812 560 1850 observatio
589 1812 626 1851 3.
658 1811 697 1850 Ι).
735 1822 869 1865 quaest.
907 1813 970 1863 75.
1000 1821 1071 1849 art.
1106 1812 1144 1857 4.
1176 1813 1242 1850 ubi

118 1875 321 1918 postquam
351 1866 593 1914 ostendisset,
624 1865 721 1904 lianc
749 1868 1032 1904 conversionem
1062 1878 1136 1903 uon
1165 1880 1242 1903 esse

117 1919 284 1956 similem
307 1919 616 1957 conversionibus
646 1919 904 1967 naturalibus,
934 1920 1024 1971 quia
1054 1927 1140 1956 tota.
1154 1917 1241 1956 sub-

117 1978 271 2010 stantia
300 1976 419 2023 panis
461 1976 698 2010 convertitur
725 1977 766 2009 iii
803 1982 930 2010 totam
972 1970 1238 2010 substantiam

115 2030 289 2075 corporis
312 2024 480 2073 Christi,
509 2026 558 2066 (θ’
579 2035 663 2063 tota
691 2025 916 2064 substantia
936 2029 1012 2063 vini
1041 2029 1078 2062 iii
1111 2034 1238 2064 totam

115 2078 384 2117 substantiam
412 2082 621 2131 sanguinis
645 2078 813 2127 Christi,
845 2081 895 2118 ita
913 2079 1120 2118 concludit:
1155 2078 1238 2116 Un-

115 2132 164 2170 de
192 2132 276 2172 haec
305 2135 503 2171 conversio
533 2146 613 2170 non
633 2142 692 2171 est
709 2131 908 2184 ‘formalis
925 2163 935 2182 ,
966 2131 1035 2171 secl
1054 2132 1237 2170 substan-

112 2187 250 2232 tialis,·
285 2199 359 2224 nec
388 2190 612 2224 continetur
641 2190 750 2225 intra
778 2191 928 2236 species
958 2195 1089 2224 motus
1118 2196 1236 2224 natu-

115 2240 215 2277 ralis
237 2270 249 2288 ‚
291 2239 361 2278 secl
387 2244 542 2290 proprio
578 2243 741 2278 nomine
768 2249 890 2290 potest
933 2239 1010 2278 dici
1051 2239 1234 2279 transub-

114 2296 351 2331 stantiatio.

170 2345 262 2396 570.
294 2346 382 2384 lust.
411 2350 565 2398 primo.
610 2346 1035 2385 Transiibstantiationis
1063 2346 1234 2386 doctrina

110 2401 316 2449 opponitur
345 2402 461 2439 sacris
490 2400 652 2449 litteris,
697 2403 737 2439 in
767 2401 911 2453 quibus
940 2401 1232 2439 Sacramentum

111 2451 364 2491 Eucharistiae
394 2463 550 2493 vocatur
583 2457 728 2504 panis.
773 2456 813 2491 ln
848 2467 880 2492 i.
908 2454 1052 2492 Corint.
1084 2453 1136 2492 X.
1172 2453 1232 2492 16.

111 2503 265 2554 Panis,
294 2519 412 2558 quem
429 2506 700 2560 frangimus,
732 2507 857 2559 inquit
877 2507 1076 2558 Apostolus
1094 2537 1104 2554 ,
1135 2521 1232 2545 non-

110 2570 163 2597 ne
188 2563 440 2612 participatio
468 2565 641 2615 corporis
670 2560 837 2600 Domini
867 2559 959 2600 est?
987 2561 1036 2600 Et
1066 2560 1135 2601 Xl.
1168 2561 1233 2600 26.

161 2720 208 2755 (a)
236 2715 336 2751 Edm.
366 2720 571 2755 Albertinus
609 2722 762 2766 primum
789 2723 895 2769 liujus
921 2723 1085 2759 vocabuli
1114 2724 1235 2758 inven-

111 2769 224 2796 torem
251 2765 356 2798 fuisse
383 2766 506 2800 scribit
525 2769 738 2813 Stephanum
762 2771 965 2804 Antistitem
993 2770 1206 2809 AEdviensein
1222 2795 1232 2813 ,

112 2820 172 2842 seu
194 2809 537 2854 Augustodunensem
564 2814 628 2847 sub
655 2816 757 2847 initio
771 2818 857 2851 Saec.
874 2818 951 2850 xit.
981 2818 1013 2850 in
1036 2818 1156 2852 Tract.
1180 2817 1232 2852 De

112 2855 216 2907 Siicr..
244 2857 397 2890 Altciris.
425 2859 559 2892 Sui-culo
585 2869 699 2894 autem
717 2863 812 2895 Xlll.
841 2863 873 2895 in
901 2865 1059 2897 Concilio
1088 2865 1230 2898 Latera-

111 2913 211 2954 nensi
242 2903 300 2954 lV.
328 2905 434 2936 fuisse
460 2916 700 2941 consecratum
718 2930 728 2948 ‚
765 2907 905 2953 quando
930 2908 1112 2944 delinitum
1139 2912 1205 2944 fuit
1222 2935 1232 2954 ‚

112 2948 247 2981 Christi
275 2960 403 2993 corpus
431 2953 462 2983 &
486 2954 691 2997 sanguinem
718 2955 751 2986 in
769 2955 994 2990 Sacratnento
1017 2957 1137 2993 altaris
1165 2958 1231 2991 sub

111 2994 296 3038 speciebus
312 2997 409 3039 panis
436 2999 466 3028 ἃ
483 2999 551 3030 vini
580 3001 753 3032 veraciter
771 3001 969 3043 contineri,
998 3005 1232 3037 transubstan-

112 3044 217 3074 tiaris
242 3053 327 3082 pune
355 3047 389 3075 in
427 3055 570 3087 corpus,
604 3051 644 3077 (5⁴
672 3050 746 3077 vino
772 3048 808 3078 in
846 3052 1042 3089 sanguinem
1070 3050 1206 3083 Christi
1224 3073 1232 3082 .

110 3087 255 3120 lncani-e
283 3098 398 3121 autem
421 3111 430 3129 ‚
470 3102 510 3123 ne
535 3090 618 3134 quid
656 3092 794 3135 gravius
819 3090 982 3134 dicatur,
1018 3095 1064 3127 ita
1092 3097 1234 3141 scripsit

111 3133 306 3174 Erasmus,
344 3134 469 3168 Ailnot.
497 3137 530 3168 in
563 3148 590 3168 t.
617 3136 777 3170 Corinth.
803 3137 880 3170 Vll.
907 3138 943 3172 ln
972 3142 1115 3182 -Sjrnuxi
1140 3150 1235 3175 tran-

115 3181 431 3214 substantiationem
460 3196 535 3215 sero
560 3183 719 3226 definivit
744 3183 930 3217 Ecclesia:
958 3187 1017 3218 diii
1045 3199 1081 3219 sa
1101 3191 1132 3218 is
1157 3196 1232 3221 erat

116 3227 280 3269 credere,
307 3233 378 3261 sive
404 3230 461 3262 sub
485 3242 570 3272 pune
596 3239 823 3270 consecrato,
850 3234 920 3262 sive
946 3243 1141 3275 quocumque
1164 3247 1232 3266 mo-

117 3271 164 3303 tlo
188 3275 310 3308 adesse
336 3276 470 3309 Christi
512 3289 653 3320 corpus.
694 3275 865 3309 venei-ab.
895 3277 1125 3310 Belin-minu>-
1155 3279 1230 3312 Lib.

120 3317 182 3350 Jll·
210 3317 263 3352 De
289 3321 442 3355 Sacram.
470 3323 578 3355 Eiiclt.
605 3334 679 3367 cap.
709 3323 763 3354 23.
789 3326 925 3355 minime
950 3324 1153 3366 probandum
1178 3337 1232 3358 es-

117 3375 154 3398 se
179 3361 296 3408 dicit,
319 3367 412 3415 quod
436 3369 557 3406 Scotus
583 3369 723 3415 scripsit.
748 3369 785 3403 in
809 3369 870 3406 tv.
897 3369 989 3405 nist.
1015 3371 1080 3405 Xl.
1105 3379 1231 3417 quiesi.

1322 208 1653 259 Quotiescumque
1697 207 1990 246 inantluciilii‘ti's
2033 219 2180 258 panem
2219 207 2321 246 hunc
2350 209 2438 250 &aa

1322 263 1569 312 Quicumque
1600 261 1899 298 manducaverit
1930 276 2078 310 punem
2110 262 2210 299 hunc
2224 263 2311 302 ὡς.
2343 262 2440 300 Pro-

1319 313 1378 352 bet
1408 324 1545 352 autem
1575 319 1750 362 seipsum
1790 313 1902 350 lioitio
1921 344 1931 360 ,
1974 315 2022 354 ὡ·
2052 320 2107 352 sic
2138 316 2186 353 (le
2227 330 2332 366 piiiie
2373 316 2439 354 illo

1316 368 1409 406 eilcit
1439 370 1526 409 &a
1555 368 1726 406 Cliristus
1770 369 1882 404 etiam
1923 366 2058 405 Joaun.
2090 368 2156 406 Vl.
2190 369 2339 417 Panis,
2383 372 2438 408 in·

1317 425 1429 475 quit,
1459 431 1575 471 quenz
1607 436 1679 473 ego
1710 420 1837 468 (labo,
1867 432 1964 457 caro
1995 433 2087 457 metz
2117 431 2173 458 est
2203 436 2270 470 pro
2300 422 2438 460 muntlt'

1320 481 1426 513 vitii.
1459 476 1516 514 De
1546 476 1635 512 vino
1665 474 1841 512 simililer
1866 473 2033 523 loquitur
2058 474 2279 521 Apostolus,
2311 478 2444 527 ipsum

1322 543 1461 568 vocans
1476 531 1822 579 participationem
1840 529 2047 578 sanguinis
2067 525 2208 563 Christi
2227 554 2236 564 .
2268 528 2311 565 tiz
2326 530 2438 567 ‹niri-

1318 591 1394 620 stus
1437 585 1517 635 ipse
1546 592 1745 635 postquam
1791 589 2073 618 consecraverat
2110 579 2269 618 calicem
2302 582 2439 621 Manli.

1318 636 1468 674 XXVI.
1492 650 1554 688 29·
1587 637 1735 688 inquit:
1765 633 1859 672 Non
1888 632 2018 672 bibam
2047 632 2193 672 amolo
2219 632 2269 671 ‹le
2284 632 2353 671 lioc
2372 649 2439 686 gc-

1318 693 1470 728 nimine
1499 694 1609 738 vitis,
1639 690 1727 731 &a

1373 744 1465 795 57¹.
1497 743 1636 795 Resp.‚
1680 742 1764 791 his,
1794 741 1827 778 8(
1858 740 2051 780 similibus
2080 741 2290 793 Scripturas
2321 754 2439 780 sacrae

1318 796 1410 835 locis
1434 796 1714 836 Eucliaristiam
1747 797 1874 835 vocari
1903 808 2052 846 panem
2071 825 2080 842 ‚
2111 808 2185 832 non
2214 795 2314 848 quod
2339 797 2376 833 in
2397 810 2443 833 ea

1317 850 1521 889 substantia
1545 853 1654 903 panis
1683 858 1903 896 remaneat,
1933 849 1994 887 sed
2012 848 2097 887 aliis
2126 849 2171 886 de
2192 851 2335 887 causis:
2365 854 2441 899 pri-

1317 917 1412 952 mo,
1454 907 1545 956 quia
1575 916 1620 941 ex
1661 918 1758 956 pane
1800 912 2014 942 consecrata
2058 911 2134 950 est,
2177 904 2285 940 sicuti
2317 902 2442 941 Exodi

1317 956 1406 995 Vll.
1443 972 1502 996 12.
1533 962 1653 1009 virgae
1682 958 1957 1003 nominantur,
1988 957 2100 994 etiam
2132 965 2333 1008 postquam
2359 956 2440 993 fue-

1317 1020 1401 1048 rant
1431 1013 1469 1049 in
1499 1020 1711 1064 serpentem
1741 1022 1951 1050 conversae:
1982 1009 2194 1048 Devorasti
2223 1023 2335 1063 virga
2358 1011 2440 1047 Aa-

1317 1076 1384 1100 ron
1421 1069 1553 1117 virgas
1583 1077 1719 1102 eorum
1738 1095 1748 1112 ,
1779 1078 1916 1116 nempe
1947 1077 2144 1116 magorum
2163 1090 2173 1101 .
2203 1063 2267 1102 Sic
2299 1064 2441 1115 pariter

1317 1115 1431 1154 homo
1461 1119 1600 1156 dicitur
1641 1118 1760 1166 pulvis
1789 1118 1889 1155 Gen.
1911 1118 1974 1155 ΙΙΙ.
2014 1130 2100 1169 ις).,
2138 1118 2229 1168 quia
2259 1116 2306 1155 (le
2343 1117 2439 1155 linio

1317 1178 1439 1208 terrae
1468 1172 1651 1208 formatus
1680 1171 1832 1208 fuerat:
1874 1169 2070 1217 secundo,
2113 1172 2205 1221 quia
2242 1170 2438 1210 visibilem

1318 1226 1425 1275 panis
1446 1224 1610 1261 sormam
1631 1224 1792 1269 retinet,
1822 1223 2013 1275 quomodo
2035 1223 2168 1274 Angeli
2193 1222 2365 1261 homiues
2380 1224 2440 1262 di·

1317 1277 1366 1314 cti
1396 1285 1506 1324 sunt,
1549 1275 1703 1328 quando
1732 1275 1803 1313 sub
1833 1275 1979 1314 visibili
2010 1277 2133 1313 forma
2175 1275 2342 1313 hominis
2372 1291 2439 1328 ap·

1315 1330 1523 1381 parebant:
1553 1334 1694 1378 tertio,
1723 1330 1817 1381 quia
1846 1330 1943 1368 sicut
1961 1329 2067 1380 panis
2096 1330 2246 1376 nutrit,
2277 1329 2310 1365 8(
2341 1331 2440 1369 νίνί-

1315 1383 1404 1422 ficat
1432 1384 1716 1434 corporaliter,
1747 1385 1798 1421 ita
1817 1382 2109 1421 Sacramentum
2139 1384 2288 1430 nutrit,
2319 1381 2354 1418 8(
2384 1384 2440 1421 vi-

1314 1437 1446 1476 vificat
1472 1437 1730 1489 spiritualiter
1745 1451 1761 1481 ,·
1790 1436 1891 1475 unde
1910 1434 2080 1474 Christus
2097 1435 2287 1474 Dominus
2301 1436 2440 1476 Joanii.

1313 1489 1383 1528 Vi.
1408 1491 1472 1543 59.
1503 1499 1610 1530 vocat
1640 1504 1677 1528 se
1706 1502 1887 1540 panem,
1915 1491 1979 1539 qui
2009 1488 2057 1526 ile
2086 1490 2181 1526 coelo
2211 1489 2437 1538 descendit,

1313 1544 1347 1579 &
1376 1546 1441 1596 qui
1474 1543 1798 1582 manducantibus
1826 1543 1886 1581 dat
1917 1544 2032 1580 vitam
2065 1551 2246 1580 aeternain
2266 1569 2276 1579 .
2320 1543 2439 1581 Simi-

1311 1597 1397 1634 liter
1426 1597 1596 1635 Cliristus
1628 1597 1818 1634 Dominus
1863 1594 2025 1634 calicem
2069 1606 2329 1633 consecratum
2370 1610 2436 1635 no-

1310 1652 1472 1688 minavit
1501 1654 1655 1688 vitium.
1686 1648 1825 1688 Manli.
1847 1648 1996 1687 XXVI.
2029 1658 2180 1701 propter
2209 1650 2358 1688 easdem
2377 1665 2439 1688 ra-

1311 1706 1427 1741 tiones
1451 1731 1461 1742 .
1491 1704 1725 1756 Quanquam
1758 1715 1832 1740 non
1859 1703 1992 1740 desunt
2024 1703 2274 1754 interpretes,
2307 1713 2344 1740 ut
2365 1705 2439 1743 Ca-

1311 1756 1485 1809 ]'etanus‚
1515 1759 1581 1809 qui
1614 1766 1694 1809 post
1713 1756 2056 1807 &Hieronymum
2089 1765 2293 1807 putarunt,
2323 1757 2436 1795 Cliri-

1310 1821 1407 1849 stum
1451 1823 1495 1848 eo
1524 1812 1598 1848 loci
1644 1810 1814 1847 locutum
1858 1809 1972 1847 fuisse
2001 1810 2046 1847 de
2074 1809 2150 1847 alio
2194 1808 2331 1860 poculo
2359 1824 2438 1851 non

1310 1873 1553 1912 consecrato,
1583 1863 1686 1916 quod
1716 1864 1838 1900 fuerat
1869 1864 1906 1900 in
1937 1876 2048 1900 coena
2077 1865 2293 1914 appositum
2317 1890 2328 1900 .

1366 1918 1457 1969 572.
1490 1918 1578 1955 lust.
1607 1915 1811 1954 secundo.
1849 1916 1890 1954 S.
1921 1914 2061 1954 Paulus
2089 1917 2154 1953 cit.
2184 1930 2270 1968 cap.
2300 1915 2350 1954 X.
2382 1917 2434 1956 E-

1308 1971 1395 2022 pist.
1423 1984 1456 2009 ι.
1497 1971 1586 2008 Cor.
1617 1969 1769 2018 Panis,
1818 1970 1970 2021 inquit,
2014 1983 2131 2020 quem
2162 1968 2435 2023 frangimus,

1306 2037 1442 2062 nonne
1482 2027 1736 2074 participatio
1765 2026 1779 2074 (
1809 2036 1933 2075 graece
1963 2022 2130 2063 uoinout'oe
2158 2029 2436 2063 communica-

1305 2078 1393 2126 tio)
1424 2081 1598 2130 corpori's
1626 2076 1767 2115 Christi
1796 2075 1888 2114 est?
1917 2077 1957 2115 Si
1988 2086 2114 2114 autem
2146 2079 2299 2116 nomine
2330 2081 2438 2131 panis

1304 2131 1535 2184 intelligeret
1565 2133 1691 2183 ipsum
1721 2144 1858 2183 corpus
1886 2130 2055 2178 Christi,
2098 2130 2226 2183 inepte
2254 2131 2435 2180 dixisset,

1304 2198 1443 2237 corpus
1471 2184 1611 2223 Cliristi
1649 2198 1726 2223 esse
1769 2185 2158 2223 communicationem
2201 2186 2322 2236 ipsius
2350 2198 2436 2224 cor·
2464 2225 2471 2230 N

1303 2241 1407 2292 poris
1434 2239 1601 2277 Christi.

1358 2293 1451 2343 575.
1485 2292 1622 2344 Hesp„
1652 2293 1806 2330 nomine
1833 2294 1978 2341 panis,
2008 2291 2074 2342 qui
2093 2288 2263 2340 fractus
2283 2291 2433 2330 divide-

1300 2345 1415 2384 batur
1444 2347 1541 2383 inter
1583 2344 1742 2392 fideles,
1792 2342 1954 2395 intelligi
1985 2342 2033 2380 ab
2064 2342 2245 2394 Apostolo
2286 2347 2432 2398 species

1302 2398 1604 2438 Sacramentales
1621 2429 1631 2446 ,
1661 2398 1731 2435 sub
1747 2397 1890 2448 quibus
1911 2396 2114 2448 participes
2132 2396 2325 2436 efficimur
2344 2412 2429 2437 cor·

1303 2454 1405 2504 poris
1420 2451 1558 2489 Chi-isti
1578 2465 1585 2488 z
1615 2450 1672 2489 vel
1693 2481 1703 2497 ,
1737 2461 1772 2487 ut
1802 2449 1969 2502 explicat
1989 2449 2190 2501 Angelicus
2212 2452 2315 2489 Leci.
2335 2452 2402 2491 lV.
2418 2484 2430 2500 ‚

1302 2510 1471 2555 sumptio
1499 2510 1617 2556 panis
1648 2504 1783 2556 fracti
1813 2508 1854 2541 iii
1883 2504 2007 2542 altari
2035 2508 2290 2555 participatio
2321 2509 2334 2556 (
2366 2507 2429 2545 vel

1301 2563 1601 2599 communicatio
1629 2559 1644 2608 )
1676 2561 1847 2610 corporis
1865 2556 2031 2596 Domitii
2060 2567 2119 2597 est
2136 2588 2147 2608 ,
2164 2557 2335 2611 faciens
2356 2573 2430 2597 iios

2334 2625 2376 2649 u-

1303 2725 1335 2758 3.
1363 2731 1439 2757 (inte
1466 2722 1698 2757 Lriternnense
1725 2721 1917 2755 Concilium
1941 2733 2006 2754 non
2032 2720 2154 2765 sitisse
2179 2721 2302 2766 dogma
2331 2720 2430 2764 fidei

1301 2773 1698 2806 transubstantuitionem
1713 2792 1720 2800 .

1350 2819 1473 2851 Paulus
1500 2818 1667 2862 Samius,
1709 2814 1853 2859 ejusque
1894 2814 2091 2859 postillator
2117 2814 2343 2858 Coui-ayerus
2380 2826 2423 2848 ex

1302 2876 1462 2910 perversa
1484 2862 1663 2908 Synodum
1683 2860 1843 2895 Triilent.
1872 2859 2080 2894 criminandi
2098 2860 2277 2904 prurigine
2292 2883 2302 2900 ,
2328 2873 2422 2894 eam-

1302 2909 1381 2944 dem
1409 2920 1588 2956 carpunt,
1627 2907 1720 2953 q'wd
1745 2912 1853 2952 primo
1882 2917 2078 2947 ration-um,
2103 2919 2172 2951 qua
2198 2906 2362 2940 Christus
2390 2909 2425 2939 in

1300 2957 1366 2990 hoc
1393 2959 1618 2991 sacramento
1643 2956 1792 2995 existit,
1818 2954 1934 2988 verbis
1962 2954 2110 2999 exprimi
2138 2965 2205 2986 non
2232 2965 2336 2998 possi»
2362 2953 2420 2986 ‹le—

1302 3004 1451 3044 finierit,
1492 3005 1619 3038 deinde
1644 3000 1801 3036 eamdem
1827 3000 1957 3034 dixerit
1983 3005 2250 3040 convenienter,
2277 3006 2318 3033 <9¹
2342 3014 2421 3044 pro-

1301 3055 1376 3094 prie
1414 3051 1580 3096 appellari
1621 3050 2043 3082 trun‹ubstaiiti'ationem.
2081 3047 2169 3092 Quae
2207 3055 2323 3080 tamen
2350 3046 2421 3078 duo

1303 3097 1478 3131 cotia-rere
1506 3097 1635 3142 optime
1662 3103 1828 3139 possunt,
1861 3095 1993 3128 scilicet
2034 3094 2292 3128 conversionem
2323 3093 2420 3124 illam

1301 3144 1500 3176 nursini-tn
1529 3144 1665 3187 proprie
1694 3142 1864 3187 appellari
1891 3142 2313 3177 transubstantiationem,
2341 3139 2423 3181 quia

1301 3198 1352 3222 est
1378 3192 1558 3223 conversio
1595 3193 1700 3222 totius
1735 3188 1941 3222 salutanti·ae
1979 3189 2078 3232 panis
2103 3199 2142 3220 ac
2180 3186 2250 3218 vini
2280 3186 2311 3217 in
2339 3183 2420 3215 svb-

1300 3238 1465 3270 stantiam
1493 3238 1648 3280 corporis
1676 3238 1707 3269 8<
1732 3235 1909 3279 sanguinis
1937 3233 2092 3273 Cliristi3
2132 3230 2270 3266 modum
2299 3239 2416 3281 t-iinen

1298 3280 1404 3325 liujus
1430 3282 1686 3325 conversionis,
1714 3290 1832 3326 utpote
1859 3280 2184 3324 supernaturalem,
2211 3281 2240 3310 8<
2259 3285 2408 3309 mir-icu-

1297 3327 1440 3370 losum,
1464 3329 1582 3363 verbis
1607 3328 1758 3374 exprimi
1787 3331 1842 3362 vix
1867 3339 1965 3372 posse
1980 3349 1989 3358 .
