<?xml version="1.0" encoding="UTF-8"?>
<!DOCTYPE html PUBLIC "-//W3C//DTD XHTML 1.0 Transitional//EN"
    "http://www.w3.org/TR/xhtml1/DTD/xhtml1-transitional.dtd">
<html xmlns="http://www.w3.org/1999/xhtml" xml:lang="en" lang="en">
 <head>
  <title>
</title>
<meta http-equiv="Content-Type" content="text/html;charset=utf-8" />
  <meta name='ocr-system' content='tesseract 3.04.00' />
  <meta name='ocr-capabilities' content='ocr_page ocr_carea ocr_par ocr_line ocrx_word'/>
</head>
<body>
  <div class='ocr_page' id='page_1' title='image "./fratrispetrimari08gazzuoft/fratrispetrimari08gazzuoft_0098.png"; bbox 0 0 2605 3624; ppageno 0'>
   <div class='ocr_carea' id='block_1_1' title="bbox 213 138 1640 193">
    <p class='ocr_par' dir='ltr' id='par_1_1' title="bbox 213 138 1640 193">
     <span class='ocr_line' id='line_1_1' title="bbox 213 138 1640 193; baseline -0.002 -7"><span class='ocrx_word' id='word_1_1' title='bbox 213 153 264 193; x_wconf 77' lang='lat'>80</span> <span class='ocrx_word' id='word_1_2' title='bbox 933 139 1201 184; x_wconf 83' lang='lat' dir='ltr'>DISSERT.</span> <span class='ocrx_word' id='word_1_3' title='bbox 1218 141 1251 182; x_wconf 94' lang='grc' dir='ltr'><strong>Ι.</strong></span> <span class='ocrx_word' id='word_1_4' title='bbox 1285 139 1414 182; x_wconf 79' lang='lat' dir='ltr'>CAP.</span> <span class='ocrx_word' id='word_1_5' title='bbox 1437 138 1640 183; x_wconf 79' lang='lat' dir='ltr'>POSTR.</span> 
     </span>
    </p>
   </div>
   <div class='ocr_carea' id='block_1_2' title="bbox 119 219 1257 2098">
    <p class='ocr_par' dir='ltr' id='par_1_2' title="bbox 125 219 1257 1349">
     <span class='ocr_line' id='line_1_2' title="bbox 139 219 1257 278; baseline -0.009 -12"><span class='ocrx_word' id='word_1_6' title='bbox 139 258 164 278; x_wconf 62' lang='lat'>2,</span> <span class='ocrx_word' id='word_1_7' title='bbox 194 231 359 265; x_wconf 66' lang='lat' dir='ltr'>mitatem</span> <span class='ocrx_word' id='word_1_8' title='bbox 389 225 428 261; x_wconf 88' lang='lat' dir='ltr'>in</span> <span class='ocrx_word' id='word_1_9' title='bbox 458 223 602 261; x_wconf 84' lang='lat' dir='ltr'>animos</span> <span class='ocrx_word' id='word_1_10' title='bbox 631 219 806 259; x_wconf 78' lang='lat' dir='ltr'>fidelium</span> <span class='ocrx_word' id='word_1_11' title='bbox 851 219 963 258; x_wconf 87' lang='lat' dir='ltr'>altius</span> <span class='ocrx_word' id='word_1_12' title='bbox 1001 220 1257 272; x_wconf 86' lang='lat' dir='ltr'>imprimunt.</span> 
     </span>
     <span class='ocr_line' id='line_1_3' title="bbox 138 275 1256 329; baseline -0.009 -11"><span class='ocrx_word' id='word_1_13' title='bbox 138 311 164 329; x_wconf 76' lang='lat'>,‚</span> <span class='ocrx_word' id='word_1_14' title='bbox 197 281 339 319; x_wconf 75' lang='lat' dir='ltr'>Deinde</span> <span class='ocrx_word' id='word_1_15' title='bbox 370 290 459 315; x_wconf 89' lang='lat' dir='ltr'>vero</span> <span class='ocrx_word' id='word_1_16' title='bbox 488 285 632 314; x_wconf 77' lang='lat' dir='ltr'>mentes</span> <span class='ocrx_word' id='word_1_17' title='bbox 661 275 845 322; x_wconf 82' lang='lat' dir='ltr'>illorum,</span> <span class='ocrx_word' id='word_1_18' title='bbox 875 277 941 327; x_wconf 88' lang='lat' dir='ltr'>qui</span> <span class='ocrx_word' id='word_1_19' title='bbox 959 288 1018 311; x_wconf 83' lang='lat' dir='ltr'>eas</span> <span class='ocrx_word' id='word_1_20' title='bbox 1039 275 1256 320; x_wconf 85' lang='lat' dir='ltr'>intuentur,</span> 
     </span>
     <span class='ocr_line' id='line_1_4' title="bbox 137 328 1255 383; baseline -0.006 -15"><span class='ocrx_word' id='word_1_21' title='bbox 137 363 163 381; x_wconf 74' lang='lat'><strong>„</strong></span> <span class='ocrx_word' id='word_1_22' title='bbox 194 334 226 368; x_wconf 68' lang='lat' dir='ltr'>s&lt;</span> <span class='ocrx_word' id='word_1_23' title='bbox 256 333 455 383; x_wconf 76' lang='lat' dir='ltr'>diligenter</span> <span class='ocrx_word' id='word_1_24' title='bbox 496 330 725 376; x_wconf 77' lang='lat' dir='ltr'>observant,</span> <span class='ocrx_word' id='word_1_25' title='bbox 773 330 818 366; x_wconf 86' lang='lat' dir='ltr'>ad</span> <span class='ocrx_word' id='word_1_26' title='bbox 849 328 1078 366; x_wconf 80' lang='lat' dir='ltr'>sublimium</span> <span class='ocrx_word' id='word_1_27' title='bbox 1125 339 1255 362; x_wconf 88' lang='lat' dir='ltr'>rerum</span> 
     </span>
     <span class='ocr_line' id='line_1_5' title="bbox 134 378 1254 438; baseline -0.008 -13"><span class='ocrx_word' id='word_1_28' title='bbox 134 417 161 435; x_wconf 70' lang='lat'>:²</span> <span class='ocrx_word' id='word_1_29' title='bbox 190 388 456 438; x_wconf 76' lang='lat' dir='ltr'>cogitationem</span> <span class='ocrx_word' id='word_1_30' title='bbox 484 386 657 436; x_wconf 81' lang='lat' dir='ltr'>erigunt,</span> <span class='ocrx_word' id='word_1_31' title='bbox 688 384 879 433; x_wconf 83' lang='lat' dir='ltr'>fidemque</span> <span class='ocrx_word' id='word_1_32' title='bbox 908 383 946 419; x_wconf 87' lang='lat' dir='ltr'>in</span> <span class='ocrx_word' id='word_1_33' title='bbox 976 381 1048 427; x_wconf 68' lang='lat' dir='ltr'>eis,</span> <span class='ocrx_word' id='word_1_34' title='bbox 1080 378 1111 414; x_wconf 76' lang='grc'>8(</span> <span class='ocrx_word' id='word_1_35' title='bbox 1129 378 1254 416; x_wconf 82' lang='lat' dir='ltr'>chari-</span> 
     </span>
     <span class='ocr_line' id='line_1_6' title="bbox 137 430 1254 490; baseline -0.007 -12"><span class='ocrx_word' id='word_1_36' title='bbox 137 449 305 487; x_wconf 78' lang='lat' dir='ltr'>„tatem</span> <span class='ocrx_word' id='word_1_37' title='bbox 350 441 513 486; x_wconf 81' lang='lat' dir='ltr'>excitat,</span> <span class='ocrx_word' id='word_1_38' title='bbox 555 450 632 490; x_wconf 90' lang='lat' dir='ltr'>quo</span> <span class='ocrx_word' id='word_1_39' title='bbox 670 436 791 486; x_wconf 77' lang='lat' dir='ltr'>major</span> <span class='ocrx_word' id='word_1_40' title='bbox 833 448 951 481; x_wconf 86' lang='lat' dir='ltr'>cura,</span> <span class='ocrx_word' id='word_1_41' title='bbox 995 433 1028 468; x_wconf 84' lang='lat'>&amp;</span> <span class='ocrx_word' id='word_1_42' title='bbox 1057 430 1254 482; x_wconf 75' lang='lat' dir='ltr'>diligentia</span> 
     </span>
     <span class='ocr_line' id='line_1_7' title="bbox 136 487 1250 542; baseline -0.008 -9"><span class='ocrx_word' id='word_1_43' title='bbox 136 523 161 542; x_wconf 86' lang='lat'>„</span> <span class='ocrx_word' id='word_1_44' title='bbox 191 493 408 532; x_wconf 85' lang='lat' dir='ltr'>adhibenda</span> <span class='ocrx_word' id='word_1_45' title='bbox 437 495 533 540; x_wconf 84' lang='lat' dir='ltr'>erit,</span> <span class='ocrx_word' id='word_1_46' title='bbox 573 502 610 529; x_wconf 89' lang='lat' dir='ltr'>ut</span> <span class='ocrx_word' id='word_1_47' title='bbox 639 490 770 528; x_wconf 85' lang='lat' dir='ltr'>fideles</span> <span class='ocrx_word' id='word_1_48' title='bbox 799 490 877 526; x_wconf 86' lang='lat' dir='ltr'>vim</span> <span class='ocrx_word' id='word_1_49' title='bbox 908 487 1222 524; x_wconf 84' lang='lat' dir='ltr'>caeremoniarum</span> <span class='ocrx_word' id='word_1_50' title='bbox 1240 516 1250 535; x_wconf 90' lang='lat'>,</span> 
     </span>
     <span class='ocr_line' id='line_1_8' title="bbox 136 540 1251 601; baseline -0.008 -16"><span class='ocrx_word' id='word_1_51' title='bbox 136 577 162 594; x_wconf 43' lang='grc' dir='ltr'>Ἠ</span> <span class='ocrx_word' id='word_1_52' title='bbox 192 548 331 601; x_wconf 86' lang='lat' dir='ltr'>quibus</span> <span class='ocrx_word' id='word_1_53' title='bbox 362 546 509 598; x_wconf 78' lang='lat' dir='ltr'>singula</span> <span class='ocrx_word' id='word_1_54' title='bbox 537 544 781 583; x_wconf 70' lang='lat' dir='ltr'>Sacramenta</span> <span class='ocrx_word' id='word_1_55' title='bbox 811 540 1090 586; x_wconf 83' lang='lat' dir='ltr'>conficiuntur,</span> <span class='ocrx_word' id='word_1_56' title='bbox 1121 541 1251 591; x_wconf 84' lang='lat' dir='ltr'>cogni·</span> 
     </span>
     <span class='ocr_line' id='line_1_9' title="bbox 135 592 1250 652; baseline -0.008 -12"><span class='ocrx_word' id='word_1_57' title='bbox 135 631 161 649; x_wconf 75' lang='lat'>„</span> <span class='ocrx_word' id='word_1_58' title='bbox 191 611 267 639; x_wconf 84' lang='lat' dir='ltr'>tam</span> <span class='ocrx_word' id='word_1_59' title='bbox 286 632 296 649; x_wconf 91' lang='lat'>‚</span> <span class='ocrx_word' id='word_1_60' title='bbox 327 600 360 636; x_wconf 79' lang='grc'>8(</span> <span class='ocrx_word' id='word_1_61' title='bbox 391 608 623 652; x_wconf 78' lang='lat' dir='ltr'>perspectam</span> <span class='ocrx_word' id='word_1_62' title='bbox 656 597 849 634; x_wconf 82' lang='lat' dir='ltr'>habeant.</span> <span class='ocrx_word' id='word_1_63' title='bbox 888 593 942 632; x_wconf 82' lang='lat' dir='ltr'>Et</span> <span class='ocrx_word' id='word_1_64' title='bbox 972 592 1250 642; x_wconf 74' lang='lat' dir='ltr'>(loctissirmcs,</span> 
     </span>
     <span class='ocr_line' id='line_1_10' title="bbox 133 645 1251 706; baseline -0.007 -14"><span class='ocrx_word' id='word_1_65' title='bbox 133 668 184 692; x_wconf 85' lang='lat' dir='ltr'>ac</span> <span class='ocrx_word' id='word_1_66' title='bbox 212 658 411 706; x_wconf 74' lang='lat' dir='ltr'>piissimus</span> <span class='ocrx_word' id='word_1_67' title='bbox 444 652 562 690; x_wconf 57' lang='lat' dir='ltr'>Carti.</span> <span class='ocrx_word' id='word_1_68' title='bbox 593 651 707 688; x_wconf 78' lang='lat' dir='ltr'>Bomz</span> <span class='ocrx_word' id='word_1_69' title='bbox 752 650 844 688; x_wconf 83' lang='lat' dir='ltr'>Div.</span> <span class='ocrx_word' id='word_1_70' title='bbox 888 645 1113 685; x_wconf 75' lang='lat' dir='ltr'>Psalmodiae</span> <span class='ocrx_word' id='word_1_71' title='bbox 1161 660 1251 698; x_wconf 61' lang='lat' dir='ltr'>clip.</span> 
     </span>
     <span class='ocr_line' id='line_1_11' title="bbox 136 701 1252 762; baseline -0.009 -14"><span class='ocrx_word' id='word_1_72' title='bbox 136 722 198 762; x_wconf 78' lang='lat'>19.</span> <span class='ocrx_word' id='word_1_73' title='bbox 229 709 266 761; x_wconf 57' lang='grc' dir='ltr'><strong>ᾧ.</strong></span> <span class='ocrx_word' id='word_1_74' title='bbox 299 710 335 747; x_wconf 83' lang='grc'><strong>5.</strong></span> <span class='ocrx_word' id='word_1_75' title='bbox 367 738 392 756; x_wconf 89' lang='lat'>„</span> <span class='ocrx_word' id='word_1_76' title='bbox 423 708 555 753; x_wconf 82' lang='lat' dir='ltr'>Licet,</span> <span class='ocrx_word' id='word_1_77' title='bbox 592 708 741 754; x_wconf 76' lang='lat' dir='ltr'>inquit,</span> <span class='ocrx_word' id='word_1_78' title='bbox 772 704 864 754; x_wconf 85' lang='lat' dir='ltr'>ipsae</span> <span class='ocrx_word' id='word_1_79' title='bbox 895 702 1137 739; x_wconf 79' lang='lat' dir='ltr'>caeremouiae</span> <span class='ocrx_word' id='word_1_80' title='bbox 1169 701 1252 739; x_wconf 89' lang='lat' dir='ltr'>nul-</span> 
     </span>
     <span class='ocr_line' id='line_1_12' title="bbox 193 753 1251 810; baseline -0.008 -9"><span class='ocrx_word' id='word_1_81' title='bbox 193 763 268 800; x_wconf 85' lang='lat' dir='ltr'>lam</span> <span class='ocrx_word' id='word_1_82' title='bbox 300 761 507 800; x_wconf 84' lang='lat' dir='ltr'>secuudum</span> <span class='ocrx_word' id='word_1_83' title='bbox 536 774 574 796; x_wconf 84' lang='lat' dir='ltr'>se</span> <span class='ocrx_word' id='word_1_84' title='bbox 602 759 899 810; x_wconf 74' lang='lat' dir='ltr'>perfectionem,</span> <span class='ocrx_word' id='word_1_85' title='bbox 943 753 1094 792; x_wconf 83' lang='lat' dir='ltr'>nullam</span> <span class='ocrx_word' id='word_1_86' title='bbox 1131 757 1251 793; x_wconf 92' lang='lat' dir='ltr'>conti-</span> 
     </span>
     <span class='ocr_line' id='line_1_13' title="bbox 191 810 1251 860; baseline -0.008 -7"><span class='ocrx_word' id='word_1_87' title='bbox 191 824 298 854; x_wconf 82' lang='lat' dir='ltr'>neant</span> <span class='ocrx_word' id='word_1_88' title='bbox 327 816 560 854; x_wconf 72' lang='lat' dir='ltr'>sanctitatem</span> <span class='ocrx_word' id='word_1_89' title='bbox 583 843 593 860; x_wconf 88' lang='lat'>,</span> <span class='ocrx_word' id='word_1_90' title='bbox 624 820 706 849; x_wconf 86' lang='lat' dir='ltr'>sunt</span> <span class='ocrx_word' id='word_1_91' title='bbox 735 820 859 848; x_wconf 82' lang='lat' dir='ltr'>tamen</span> <span class='ocrx_word' id='word_1_92' title='bbox 887 817 992 846; x_wconf 81' lang='lat' dir='ltr'>actus</span> <span class='ocrx_word' id='word_1_93' title='bbox 1021 810 1163 846; x_wconf 77' lang='lat' dir='ltr'>externi</span> <span class='ocrx_word' id='word_1_94' title='bbox 1195 822 1251 846; x_wconf 85' lang='lat' dir='ltr'>re-</span> 
     </span>
     <span class='ocr_line' id='line_1_14' title="bbox 191 863 1252 921; baseline -0.008 -14"><span class='ocrx_word' id='word_1_95' title='bbox 191 870 341 921; x_wconf 80' lang='lat' dir='ltr'>ligionis</span> <span class='ocrx_word' id='word_1_96' title='bbox 361 899 372 917; x_wconf 94' lang='lat'>,</span> <span class='ocrx_word' id='word_1_97' title='bbox 418 867 560 920; x_wconf 86' lang='lat' dir='ltr'>quibus</span> <span class='ocrx_word' id='word_1_98' title='bbox 589 866 696 917; x_wconf 80' lang='lat' dir='ltr'>quasi</span> <span class='ocrx_word' id='word_1_99' title='bbox 727 865 838 915; x_wconf 83' lang='lat' dir='ltr'>siguis</span> <span class='ocrx_word' id='word_1_100' title='bbox 883 864 1067 900; x_wconf 78' lang='lat' dir='ltr'>excitatur</span> <span class='ocrx_word' id='word_1_101' title='bbox 1103 863 1252 905; x_wconf 76' lang='lat' dir='ltr'>annuus</span> 
     </span>
     <span class='ocr_line' id='line_1_15' title="bbox 131 916 1252 972; baseline -0.008 -10"><span class='ocrx_word' id='word_1_102' title='bbox 131 953 159 972; x_wconf 82' lang='lat'>,‚</span> <span class='ocrx_word' id='word_1_103' title='bbox 188 925 234 961; x_wconf 87' lang='lat' dir='ltr'>ad</span> <span class='ocrx_word' id='word_1_104' title='bbox 265 937 391 960; x_wconf 89' lang='lat' dir='ltr'>rerum</span> <span class='ocrx_word' id='word_1_105' title='bbox 421 934 615 958; x_wconf 80' lang='lat' dir='ltr'>sacrarum</span> <span class='ocrx_word' id='word_1_106' title='bbox 647 919 924 956; x_wconf 86' lang='lat' dir='ltr'>venerationem</span> <span class='ocrx_word' id='word_1_107' title='bbox 945 946 956 964; x_wconf 87' lang='lat'>,</span> <span class='ocrx_word' id='word_1_108' title='bbox 987 929 1091 953; x_wconf 88' lang='lat' dir='ltr'>mens</span> <span class='ocrx_word' id='word_1_109' title='bbox 1115 916 1162 953; x_wconf 81' lang='lat' dir='ltr'>ad</span> <span class='ocrx_word' id='word_1_110' title='bbox 1190 930 1252 954; x_wconf 85' lang='lat' dir='ltr'>su·</span> 
     </span>
     <span class='ocr_line' id='line_1_16' title="bbox 130 969 1249 1028; baseline -0.006 -13"><span class='ocrx_word' id='word_1_111' title='bbox 130 1006 156 1025; x_wconf 69' lang='lat' dir='ltr'>:a</span> <span class='ocrx_word' id='word_1_112' title='bbox 187 990 304 1028; x_wconf 86' lang='lat' dir='ltr'>perna</span> <span class='ocrx_word' id='word_1_113' title='bbox 338 976 506 1013; x_wconf 84' lang='lat' dir='ltr'>elevatur</span> <span class='ocrx_word' id='word_1_114' title='bbox 527 1003 537 1020; x_wconf 93' lang='lat'>,</span> <span class='ocrx_word' id='word_1_115' title='bbox 568 973 730 1010; x_wconf 85' lang='lat' dir='ltr'>nutritur</span> <span class='ocrx_word' id='word_1_116' title='bbox 760 971 903 1023; x_wconf 85' lang='lat' dir='ltr'>pietas,</span> <span class='ocrx_word' id='word_1_117' title='bbox 947 970 1095 1007; x_wconf 83' lang='lat' dir='ltr'>fovetur</span> <span class='ocrx_word' id='word_1_118' title='bbox 1124 969 1249 1008; x_wconf 85' lang='lat' dir='ltr'>chari-</span> 
     </span>
     <span class='ocr_line' id='line_1_17' title="bbox 192 1025 1250 1076; baseline -0.005 -9"><span class='ocrx_word' id='word_1_119' title='bbox 192 1040 245 1067; x_wconf 87' lang='lat' dir='ltr'>tas</span> <span class='ocrx_word' id='word_1_120' title='bbox 263 1060 272 1076; x_wconf 94' lang='lat'>,</span> <span class='ocrx_word' id='word_1_121' title='bbox 303 1029 435 1067; x_wconf 84' lang='lat' dir='ltr'>crescit</span> <span class='ocrx_word' id='word_1_122' title='bbox 465 1027 586 1074; x_wconf 86' lang='lat' dir='ltr'>fides,</span> <span class='ocrx_word' id='word_1_123' title='bbox 615 1027 764 1064; x_wconf 90' lang='lat' dir='ltr'>devotio</span> <span class='ocrx_word' id='word_1_124' title='bbox 794 1025 1020 1073; x_wconf 83' lang='lat' dir='ltr'>roboratur,</span> <span class='ocrx_word' id='word_1_125' title='bbox 1058 1026 1250 1062; x_wconf 88' lang='lat' dir='ltr'>instruun-</span> 
     </span>
     <span class='ocr_line' id='line_1_18' title="bbox 184 1079 1250 1134; baseline -0.003 -15"><span class='ocrx_word' id='word_1_126' title='bbox 184 1092 245 1120; x_wconf 88' lang='lat' dir='ltr'>tur</span> <span class='ocrx_word' id='word_1_127' title='bbox 273 1082 552 1134; x_wconf 83' lang='lat' dir='ltr'>simpliciores,</span> <span class='ocrx_word' id='word_1_128' title='bbox 583 1080 656 1118; x_wconf 87' lang='lat' dir='ltr'>Dei</span> <span class='ocrx_word' id='word_1_129' title='bbox 686 1079 810 1118; x_wconf 89' lang='lat' dir='ltr'>cultus</span> <span class='ocrx_word' id='word_1_130' title='bbox 837 1088 1019 1125; x_wconf 87' lang='lat' dir='ltr'>ornatur,</span> <span class='ocrx_word' id='word_1_131' title='bbox 1055 1091 1250 1117; x_wconf 80' lang='lat' dir='ltr'>conserva-</span> 
     </span>
     <span class='ocr_line' id='line_1_19' title="bbox 129 1130 1248 1187; baseline -0.003 -14"><span class='ocrx_word' id='word_1_132' title='bbox 129 1167 158 1185; x_wconf 73' lang='lat'>„</span> <span class='ocrx_word' id='word_1_133' title='bbox 188 1146 249 1173; x_wconf 84' lang='lat' dir='ltr'>tur</span> <span class='ocrx_word' id='word_1_134' title='bbox 277 1136 437 1187; x_wconf 77' lang='lat' dir='ltr'>religio,</span> <span class='ocrx_word' id='word_1_135' title='bbox 467 1135 500 1171; x_wconf 88' lang='lat'>&amp;</span> <span class='ocrx_word' id='word_1_136' title='bbox 518 1135 599 1172; x_wconf 88' lang='lat' dir='ltr'>veri</span> <span class='ocrx_word' id='word_1_137' title='bbox 628 1132 759 1172; x_wconf 89' lang='lat' dir='ltr'>fideles</span> <span class='ocrx_word' id='word_1_138' title='bbox 788 1147 808 1170; x_wconf 89' lang='lat' dir='ltr'>a</span> <span class='ocrx_word' id='word_1_139' title='bbox 838 1130 1248 1184; x_wconf 77' lang='lat' dir='ltr'>pseudo-Christianis,</span> 
     </span>
     <span class='ocr_line' id='line_1_20' title="bbox 125 1185 1249 1240; baseline -0.002 -14"><span class='ocrx_word' id='word_1_140' title='bbox 125 1220 152 1238; x_wconf 85' lang='lat'><strong>„</strong></span> <span class='ocrx_word' id='word_1_141' title='bbox 183 1190 215 1226; x_wconf 74' lang='lat'>8&lt;</span> <span class='ocrx_word' id='word_1_142' title='bbox 234 1190 478 1228; x_wconf 77' lang='lat' dir='ltr'>Heterodoxis</span> <span class='ocrx_word' id='word_1_143' title='bbox 492 1189 777 1240; x_wconf 67' lang='lat' dir='ltr'>distinguuntur</span> <span class='ocrx_word' id='word_1_144' title='bbox 793 1212 804 1224; x_wconf 90' lang='lat'>.</span> <span class='ocrx_word' id='word_1_145' title='bbox 820 1187 842 1203; x_wconf 77' lang='lat'>&#39;²</span> <span class='ocrx_word' id='word_1_146' title='bbox 865 1185 1092 1224; x_wconf 73' lang='lat' dir='ltr'>Reeotantur</span> <span class='ocrx_word' id='word_1_147' title='bbox 1113 1188 1224 1224; x_wconf 86' lang='lat' dir='ltr'>etiam</span> <span class='ocrx_word' id='word_1_148' title='bbox 1238 1216 1249 1234; x_wconf 89' lang='lat'>,</span> 
     </span>
     <span class='ocr_line' id='line_1_21' title="bbox 125 1239 1248 1295; baseline -0.003 -15"><span class='ocrx_word' id='word_1_149' title='bbox 125 1258 214 1294; x_wconf 79' lang='lat' dir='ltr'>quae</span> <span class='ocrx_word' id='word_1_150' title='bbox 245 1257 290 1281; x_wconf 85' lang='lat' dir='ltr'>ex</span> <span class='ocrx_word' id='word_1_151' title='bbox 319 1242 495 1282; x_wconf 83' lang='lat' dir='ltr'>Trident.</span> <span class='ocrx_word' id='word_1_152' title='bbox 525 1241 680 1295; x_wconf 76' lang='lat' dir='ltr'>Synodo</span> <span class='ocrx_word' id='word_1_153' title='bbox 722 1241 897 1294; x_wconf 85' lang='lat' dir='ltr'>superius</span> <span class='ocrx_word' id='word_1_154' title='bbox 939 1239 1056 1278; x_wconf 83' lang='lat' dir='ltr'>allata</span> <span class='ocrx_word' id='word_1_155' title='bbox 1097 1249 1182 1278; x_wconf 86' lang='lat' dir='ltr'>sunt</span> <span class='ocrx_word' id='word_1_156' title='bbox 1211 1254 1248 1278; x_wconf 90' lang='lat' dir='ltr'>n.</span> 
     </span>
     <span class='ocr_line' id='line_1_22' title="bbox 126 1297 351 1349; baseline -0.004 -13"><span class='ocrx_word' id='word_1_157' title='bbox 126 1297 221 1343; x_wconf 71' lang='lat'>485.</span> <span class='ocrx_word' id='word_1_158' title='bbox 252 1298 316 1349; x_wconf 84' lang='lat' dir='ltr'>(a)</span> <span class='ocrx_word' id='word_1_159' title='bbox 341 1324 351 1335; x_wconf 92' lang='lat'>.</span> 
     </span>
    </p>

    <p class='ocr_par' dir='ltr' id='par_1_3' title="bbox 122 1347 1249 1615">
     <span class='ocr_line' id='line_1_23' title="bbox 183 1347 1249 1404; baseline -0.003 -16"><span class='ocrx_word' id='word_1_160' title='bbox 183 1350 277 1404; x_wconf 74' lang='grc'><strong>498.</strong></span> <span class='ocrx_word' id='word_1_161' title='bbox 308 1351 496 1398; x_wconf 83' lang='lat' dir='ltr'>Quamvis</span> <span class='ocrx_word' id='word_1_162' title='bbox 525 1359 650 1389; x_wconf 87' lang='lat' dir='ltr'>autem</span> <span class='ocrx_word' id='word_1_163' title='bbox 681 1349 830 1401; x_wconf 87' lang='lat' dir='ltr'>primus</span> <span class='ocrx_word' id='word_1_164' title='bbox 859 1363 902 1387; x_wconf 83' lang='lat' dir='ltr'>ac</span> <span class='ocrx_word' id='word_1_165' title='bbox 931 1349 1152 1401; x_wconf 78' lang='lat' dir='ltr'>praecipuus</span> <span class='ocrx_word' id='word_1_166' title='bbox 1181 1347 1249 1385; x_wconf 90' lang='lat' dir='ltr'>Sa-</span> 
     </span>
     <span class='ocr_line' id='line_1_24' title="bbox 126 1402 1248 1454; baseline -0.004 -12"><span class='ocrx_word' id='word_1_167' title='bbox 126 1414 410 1443; x_wconf 85' lang='lat' dir='ltr'>cramentorum</span> <span class='ocrx_word' id='word_1_168' title='bbox 433 1404 590 1443; x_wconf 83' lang='lat' dir='ltr'>effectus</span> <span class='ocrx_word' id='word_1_169' title='bbox 619 1417 672 1441; x_wconf 73' lang='lat' dir='ltr'>ex</span> <span class='ocrx_word' id='word_1_170' title='bbox 686 1416 804 1454; x_wconf 81' lang='lat' dir='ltr'>opere</span> <span class='ocrx_word' id='word_1_171' title='bbox 823 1412 984 1454; x_wconf 76' lang='lat' dir='ltr'>operato</span> <span class='ocrx_word' id='word_1_172' title='bbox 1013 1402 1248 1453; x_wconf 83' lang='lat' dir='ltr'>dependeat3</span> 
     </span>
     <span class='ocr_line' id='line_1_25' title="bbox 123 1454 1248 1508; baseline -0.004 -13"><span class='ocrx_word' id='word_1_173' title='bbox 123 1458 220 1496; x_wconf 83' lang='lat' dir='ltr'>nihil</span> <span class='ocrx_word' id='word_1_174' title='bbox 252 1467 375 1495; x_wconf 86' lang='lat' dir='ltr'>tamen</span> <span class='ocrx_word' id='word_1_175' title='bbox 405 1458 534 1506; x_wconf 89' lang='lat' dir='ltr'>obest,</span> <span class='ocrx_word' id='word_1_176' title='bbox 577 1459 670 1508; x_wconf 87' lang='lat' dir='ltr'>quin</span> <span class='ocrx_word' id='word_1_177' title='bbox 709 1459 823 1494; x_wconf 81' lang='lat' dir='ltr'>etiam</span> <span class='ocrx_word' id='word_1_178' title='bbox 854 1470 899 1493; x_wconf 80' lang='lat' dir='ltr'>ex</span> <span class='ocrx_word' id='word_1_179' title='bbox 941 1454 1248 1507; x_wconf 81' lang='lat' dir='ltr'>dispositionibus</span> 
     </span>
     <span class='ocr_line' id='line_1_26' title="bbox 123 1509 1248 1563; baseline -0.003 -15"><span class='ocrx_word' id='word_1_180' title='bbox 123 1513 315 1563; x_wconf 84' lang='lat' dir='ltr'>operantis</span> <span class='ocrx_word' id='word_1_181' title='bbox 345 1509 469 1562; x_wconf 78' lang='lat' dir='ltr'>major</span> <span class='ocrx_word' id='word_1_182' title='bbox 497 1519 685 1548; x_wconf 77' lang='lat' dir='ltr'>accrescat</span> <span class='ocrx_word' id='word_1_183' title='bbox 733 1510 954 1547; x_wconf 86' lang='lat' dir='ltr'>eorumdem</span> <span class='ocrx_word' id='word_1_184' title='bbox 983 1509 1248 1546; x_wconf 73' lang='lat' dir='ltr'>sacramento-</span> 
     </span>
     <span class='ocr_line' id='line_1_27' title="bbox 122 1561 1205 1615; baseline -0.004 -13"><span class='ocrx_word' id='word_1_185' title='bbox 122 1578 208 1603; x_wconf 85' lang='lat' dir='ltr'>rum</span> <span class='ocrx_word' id='word_1_186' title='bbox 242 1565 412 1612; x_wconf 81' lang='lat' dir='ltr'>fructus,</span> <span class='ocrx_word' id='word_1_187' title='bbox 442 1572 481 1601; x_wconf 88' lang='lat' dir='ltr'>ut</span> <span class='ocrx_word' id='word_1_188' title='bbox 510 1576 625 1615; x_wconf 89' lang='lat' dir='ltr'>supra</span> <span class='ocrx_word' id='word_1_189' title='bbox 655 1576 694 1599; x_wconf 91' lang='lat' dir='ltr'>n.</span> <span class='ocrx_word' id='word_1_190' title='bbox 716 1562 809 1614; x_wconf 75' lang='grc'><strong>494.</strong></span> <span class='ocrx_word' id='word_1_191' title='bbox 840 1561 1075 1612; x_wconf 80' lang='lat' dir='ltr'>explicatum</span> <span class='ocrx_word' id='word_1_192' title='bbox 1105 1562 1205 1599; x_wconf 85' lang='lat' dir='ltr'>fuit.</span> 
     </span>
    </p>

    <p class='ocr_par' dir='ltr' id='par_1_4' title="bbox 119 1613 1245 1984">
     <span class='ocr_line' id='line_1_28' title="bbox 177 1613 1245 1670; baseline -0.006 -13"><span class='ocrx_word' id='word_1_193' title='bbox 177 1618 270 1670; x_wconf 65' lang='lat'>499.</span> <span class='ocrx_word' id='word_1_194' title='bbox 301 1619 358 1656; x_wconf 82' lang='lat' dir='ltr'>Ad</span> <span class='ocrx_word' id='word_1_195' title='bbox 388 1616 606 1656; x_wconf 78' lang='lat' dir='ltr'>secundum</span> <span class='ocrx_word' id='word_1_196' title='bbox 638 1629 758 1667; x_wconf 83' lang='lat' dir='ltr'>resp.,</span> <span class='ocrx_word' id='word_1_197' title='bbox 789 1629 933 1653; x_wconf 79' lang='lat' dir='ltr'>vatium</span> <span class='ocrx_word' id='word_1_198' title='bbox 964 1628 1041 1652; x_wconf 88' lang='lat' dir='ltr'>esse</span> <span class='ocrx_word' id='word_1_199' title='bbox 1060 1613 1245 1653; x_wconf 83' lang='lat' dir='ltr'>Sectario-</span> 
     </span>
     <span class='ocr_line' id='line_1_29' title="bbox 119 1668 1244 1721; baseline -0.004 -11"><span class='ocrx_word' id='word_1_200' title='bbox 119 1685 206 1711; x_wconf 88' lang='lat' dir='ltr'>rum</span> <span class='ocrx_word' id='word_1_201' title='bbox 236 1681 410 1721; x_wconf 84' lang='lat' dir='ltr'>metum,</span> <span class='ocrx_word' id='word_1_202' title='bbox 453 1686 501 1709; x_wconf 86' lang='lat' dir='ltr'>ne</span> <span class='ocrx_word' id='word_1_203' title='bbox 531 1668 662 1708; x_wconf 87' lang='lat' dir='ltr'>fideles</span> <span class='ocrx_word' id='word_1_204' title='bbox 705 1678 778 1706; x_wconf 85' lang='lat' dir='ltr'>toto</span> <span class='ocrx_word' id='word_1_205' title='bbox 821 1668 888 1707; x_wconf 88' lang='lat' dir='ltr'>illo</span> <span class='ocrx_word' id='word_1_206' title='bbox 925 1669 1244 1706; x_wconf 74' lang='lat' dir='ltr'>caeremoniarum</span> 
     </span>
     <span class='ocr_line' id='line_1_30' title="bbox 122 1722 1241 1778; baseline -0.005 -14"><span class='ocrx_word' id='word_1_207' title='bbox 122 1735 309 1778; x_wconf 80' lang='lat' dir='ltr'>apparatu</span> <span class='ocrx_word' id='word_1_208' title='bbox 352 1726 611 1778; x_wconf 81' lang='lat' dir='ltr'>impediantur</span> <span class='ocrx_word' id='word_1_209' title='bbox 639 1735 671 1760; x_wconf 53' lang='lat' dir='ltr'>a*</span> <span class='ocrx_word' id='word_1_210' title='bbox 689 1723 817 1760; x_wconf 85' lang='lat' dir='ltr'>debita</span> <span class='ocrx_word' id='word_1_211' title='bbox 858 1725 1058 1760; x_wconf 74' lang='lat' dir='ltr'>attentione</span> <span class='ocrx_word' id='word_1_212' title='bbox 1094 1722 1141 1759; x_wconf 86' lang='lat' dir='ltr'>ad</span> <span class='ocrx_word' id='word_1_213' title='bbox 1171 1736 1241 1770; x_wconf 86' lang='lat' dir='ltr'>ea,</span> 
     </span>
     <span class='ocr_line' id='line_1_31' title="bbox 120 1777 1242 1833; baseline -0.001 -19"><span class='ocrx_word' id='word_1_214' title='bbox 120 1794 208 1833; x_wconf 80' lang='lat' dir='ltr'>quae</span> <span class='ocrx_word' id='word_1_215' title='bbox 247 1781 294 1817; x_wconf 85' lang='lat' dir='ltr'>ad</span> <span class='ocrx_word' id='word_1_216' title='bbox 337 1780 557 1817; x_wconf 84' lang='lat' dir='ltr'>eorumdem</span> <span class='ocrx_word' id='word_1_217' title='bbox 588 1777 924 1815; x_wconf 80' lang='lat' dir='ltr'>Sacramentorum</span> <span class='ocrx_word' id='word_1_218' title='bbox 968 1777 1165 1813; x_wconf 81' lang='lat' dir='ltr'>essentiam</span> <span class='ocrx_word' id='word_1_219' title='bbox 1196 1789 1242 1813; x_wconf 78' lang='lat' dir='ltr'>ex</span> 
     </span>
     <span class='ocr_line' id='line_1_32' title="bbox 120 1831 1243 1882; baseline -0.004 -11"><span class='ocrx_word' id='word_1_220' title='bbox 120 1834 267 1871; x_wconf 74' lang='lat' dir='ltr'>&#39;Divina</span> <span class='ocrx_word' id='word_1_221' title='bbox 309 1834 541 1871; x_wconf 86' lang='lat' dir='ltr'>institutione</span> <span class='ocrx_word' id='word_1_222' title='bbox 572 1834 785 1882; x_wconf 81' lang='lat' dir='ltr'>pertineut3</span> <span class='ocrx_word' id='word_1_223' title='bbox 829 1843 916 1867; x_wconf 87' lang='lat' dir='ltr'>cum</span> <span class='ocrx_word' id='word_1_224' title='bbox 962 1831 1086 1881; x_wconf 89' lang='lat' dir='ltr'>potius</span> <span class='ocrx_word' id='word_1_225' title='bbox 1115 1842 1243 1867; x_wconf 87' lang='lat' dir='ltr'>omues</span> 
     </span>
     <span class='ocr_line' id='line_1_33' title="bbox 120 1883 1242 1934; baseline -0.004 -10"><span class='ocrx_word' id='word_1_226' title='bbox 120 1886 181 1926; x_wconf 86' lang='lat' dir='ltr'>illi</span> <span class='ocrx_word' id='word_1_227' title='bbox 212 1888 306 1924; x_wconf 88' lang='lat' dir='ltr'>ritus</span> <span class='ocrx_word' id='word_1_228' title='bbox 334 1887 379 1923; x_wconf 84' lang='lat' dir='ltr'>ad</span> <span class='ocrx_word' id='word_1_229' title='bbox 411 1885 649 1924; x_wconf 78' lang='lat' dir='ltr'>excitandam</span> <span class='ocrx_word' id='word_1_230' title='bbox 679 1883 827 1931; x_wconf 87' lang='lat' dir='ltr'>fidem,</span> <span class='ocrx_word' id='word_1_231' title='bbox 864 1884 1042 1934; x_wconf 84' lang='lat' dir='ltr'>pietatem</span> <span class='ocrx_word' id='word_1_232' title='bbox 1064 1913 1075 1930; x_wconf 88' lang='lat'>,</span> <span class='ocrx_word' id='word_1_233' title='bbox 1106 1897 1149 1920; x_wconf 85' lang='lat' dir='ltr'>ac</span> <span class='ocrx_word' id='word_1_234' title='bbox 1179 1884 1242 1920; x_wconf 91' lang='lat' dir='ltr'>de-</span> 
     </span>
     <span class='ocr_line' id='line_1_34' title="bbox 121 1938 1106 1984; baseline -0.005 -5"><span class='ocrx_word' id='word_1_235' title='bbox 121 1942 311 1981; x_wconf 67' lang='lat' dir='ltr'>votionem</span> <span class='ocrx_word' id='word_1_236' title='bbox 343 1940 504 1977; x_wconf 86' lang='lat' dir='ltr'>ordinati</span> <span class='ocrx_word' id='word_1_237' title='bbox 535 1940 634 1984; x_wconf 89' lang='lat' dir='ltr'>siut,</span> <span class='ocrx_word' id='word_1_238' title='bbox 666 1946 704 1974; x_wconf 87' lang='lat' dir='ltr'>ut</span> <span class='ocrx_word' id='word_1_239' title='bbox 735 1949 821 1974; x_wconf 79' lang='lat' dir='ltr'>mox</span> <span class='ocrx_word' id='word_1_240' title='bbox 852 1938 996 1974; x_wconf 84' lang='lat' dir='ltr'>dictum</span> <span class='ocrx_word' id='word_1_241' title='bbox 1028 1945 1106 1974; x_wconf 85' lang='lat' dir='ltr'>est.</span> 
     </span>
    </p>

    <p class='ocr_par' dir='ltr' id='par_1_5' title="bbox 121 1989 1247 2098">
     <span class='ocr_line' id='line_1_35' title="bbox 180 1989 1246 2042; baseline -0.006 -10"><span class='ocrx_word' id='word_1_242' title='bbox 180 1995 272 2032; x_wconf 80' lang='lat'>500.</span> <span class='ocrx_word' id='word_1_243' title='bbox 302 1993 534 2031; x_wconf 83' lang='lat' dir='ltr'>Postremum</span> <span class='ocrx_word' id='word_1_244' title='bbox 567 1989 677 2029; x_wconf 80' lang='lat' dir='ltr'>sutile</span> <span class='ocrx_word' id='word_1_245' title='bbox 708 2003 858 2042; x_wconf 85' lang='lat' dir='ltr'>prorsus</span> <span class='ocrx_word' id='word_1_246' title='bbox 888 1999 972 2036; x_wconf 85' lang='lat' dir='ltr'>est;</span> <span class='ocrx_word' id='word_1_247' title='bbox 1003 2003 1113 2027; x_wconf 88' lang='lat' dir='ltr'>nemo</span> <span class='ocrx_word' id='word_1_248' title='bbox 1143 1989 1246 2027; x_wconf 86' lang='lat' dir='ltr'>enim</span> 
     </span>
     <span class='ocr_line' id='line_1_36' title="bbox 121 2043 1247 2098; baseline -0.004 -13"><span class='ocrx_word' id='word_1_249' title='bbox 121 2049 237 2087; x_wconf 84' lang='lat' dir='ltr'>etiam</span> <span class='ocrx_word' id='word_1_250' title='bbox 267 2049 364 2087; x_wconf 82' lang='lat' dir='ltr'>inter</span> <span class='ocrx_word' id='word_1_251' title='bbox 395 2048 505 2087; x_wconf 80' lang='lat' dir='ltr'>rudes</span> <span class='ocrx_word' id='word_1_252' title='bbox 534 2046 745 2098; x_wconf 83' lang='lat' dir='ltr'>reperietur</span> <span class='ocrx_word' id='word_1_253' title='bbox 766 2074 776 2094; x_wconf 82' lang='lat'>,</span> <span class='ocrx_word' id='word_1_254' title='bbox 818 2045 884 2097; x_wconf 88' lang='lat' dir='ltr'>qui</span> <span class='ocrx_word' id='word_1_255' title='bbox 929 2044 1072 2096; x_wconf 79' lang='lat' dir='ltr'>ignoret</span> <span class='ocrx_word' id='word_1_256' title='bbox 1101 2043 1247 2096; x_wconf 79' lang='lat' dir='ltr'>Baptis-</span> 
     </span>
    </p>
   </div>
   <div class='ocr_carea' id='block_1_3' title="bbox 133 792 161 864">
    <p class='ocr_par' dir='ltr' id='par_1_6' title="bbox 133 792 161 864">
     <span class='ocr_line' id='line_1_37' title="bbox 134 792 161 812; baseline 0.037 -1"><span class='ocrx_word' id='word_1_257' title='bbox 134 792 161 812; x_wconf 73' lang='lat'>:2</span> 
     </span>
     <span class='ocr_line' id='line_1_38' title="bbox 133 846 160 864; baseline 0 0"><span class='ocrx_word' id='word_1_258' title='bbox 133 846 160 864; x_wconf 73' lang='lat'>&gt;5</span> 
     </span>
    </p>
   </div>
   <div class='ocr_carea' id='block_1_4' title="bbox 133 900 160 918">
    <p class='ocr_par' dir='ltr' id='par_1_7' title="bbox 133 900 160 918">
     <span class='ocr_line' id='line_1_39' title="bbox 133 900 160 918; baseline 0.037 -1"><span class='ocrx_word' id='word_1_259' title='bbox 133 900 160 918; x_wconf 67' lang='lat'>&gt;²</span> 
     </span>
    </p>
   </div>
   <div class='ocr_carea' id='block_1_5' title="bbox 129 1059 161 1131">
    <p class='ocr_par' dir='ltr' id='par_1_8' title="bbox 129 1059 161 1131">
     <span class='ocr_line' id='line_1_40' title="bbox 133 1059 161 1078; baseline 0 0"><span class='ocrx_word' id='word_1_260' title='bbox 133 1059 161 1078; x_wconf 72' lang='lat'>2&gt;</span> 
     </span>
     <span class='ocr_line' id='line_1_41' title="bbox 129 1112 155 1131; baseline -0.038 0"><span class='ocrx_word' id='word_1_261' title='bbox 129 1112 155 1131; x_wconf 72' lang='lat'>2³</span> 
     </span>
    </p>
   </div>
   <div class='ocr_carea' id='block_1_6' title="bbox 118 2226 1245 3443">
    <p class='ocr_par' dir='ltr' id='par_1_9' title="bbox 118 2226 1245 3443">
     <span class='ocr_line' id='line_1_42' title="bbox 166 2226 1243 2275; baseline -0.002 -11"><span class='ocrx_word' id='word_1_262' title='bbox 166 2236 213 2271; x_wconf 75' lang='lat' dir='ltr'>(a)</span> <span class='ocrx_word' id='word_1_263' title='bbox 239 2232 370 2265; x_wconf 78' lang='lat' dir='ltr'>Rerum</span> <span class='ocrx_word' id='word_1_264' title='bbox 385 2231 630 2275; x_wconf 77' lang='lat' dir='ltr'>liturgicarum</span> <span class='ocrx_word' id='word_1_265' title='bbox 650 2229 872 2264; x_wconf 81' lang='lat' dir='ltr'>Tractatores</span> <span class='ocrx_word' id='word_1_266' title='bbox 887 2249 897 2269; x_wconf 82' lang='grc'>,</span> <span class='ocrx_word' id='word_1_267' title='bbox 918 2236 955 2261; x_wconf 89' lang='lat' dir='ltr'>ut</span> <span class='ocrx_word' id='word_1_268' title='bbox 969 2226 1073 2262; x_wconf 75' lang='lat' dir='ltr'>Card-</span> <span class='ocrx_word' id='word_1_269' title='bbox 1091 2228 1182 2262; x_wconf 75' lang='lat' dir='ltr'>Bona</span> <span class='ocrx_word' id='word_1_270' title='bbox 1197 2229 1243 2262; x_wconf 76' lang='lat' dir='ltr'>de</span> 
     </span>
     <span class='ocr_line' id='line_1_43' title="bbox 120 2276 1244 2322; baseline -0.002 -12"><span class='ocrx_word' id='word_1_271' title='bbox 120 2279 219 2311; x_wconf 77' lang='lat' dir='ltr'>rebus</span> <span class='ocrx_word' id='word_1_272' title='bbox 245 2282 425 2321; x_wconf 67' lang='lat' dir='ltr'>liturgicis</span> <span class='ocrx_word' id='word_1_273' title='bbox 441 2303 451 2322; x_wconf 86' lang='lat'>,</span> <span class='ocrx_word' id='word_1_274' title='bbox 479 2279 580 2322; x_wconf 82' lang='lat' dir='ltr'>Hugo</span> <span class='ocrx_word' id='word_1_275' title='bbox 596 2276 784 2310; x_wconf 80' lang='lat' dir='ltr'>Menardus</span> <span class='ocrx_word' id='word_1_276' title='bbox 805 2277 838 2308; x_wconf 88' lang='lat' dir='ltr'>in</span> <span class='ocrx_word' id='word_1_277' title='bbox 859 2277 1070 2309; x_wconf 63' lang='lat' dir='ltr'>Suc-raineris.</span> <span class='ocrx_word' id='word_1_278' title='bbox 1093 2276 1133 2307; x_wconf 82' lang='lat' dir='ltr'>S.</span> <span class='ocrx_word' id='word_1_279' title='bbox 1156 2276 1244 2308; x_wconf 70' lang='lat' dir='ltr'>Gre-</span> 
     </span>
     <span class='ocr_line' id='line_1_44' title="bbox 119 2322 1245 2369; baseline -0.003 -12"><span class='ocrx_word' id='word_1_280' title='bbox 119 2330 235 2369; x_wconf 73' lang='lat' dir='ltr'>gorii,</span> <span class='ocrx_word' id='word_1_281' title='bbox 260 2326 313 2358; x_wconf 80' lang='lat' dir='ltr'>Jo.</span> <span class='ocrx_word' id='word_1_282' title='bbox 343 2326 450 2358; x_wconf 83' lang='lat' dir='ltr'>Mich.</span> <span class='ocrx_word' id='word_1_283' title='bbox 478 2325 651 2358; x_wconf 80' lang='lat' dir='ltr'>Cavalieri</span> <span class='ocrx_word' id='word_1_284' title='bbox 680 2325 715 2356; x_wconf 91' lang='lat' dir='ltr'>in</span> <span class='ocrx_word' id='word_1_285' title='bbox 741 2324 927 2367; x_wconf 73' lang='lat' dir='ltr'>Lirin-gia,</span> <span class='ocrx_word' id='word_1_286' title='bbox 954 2322 1074 2355; x_wconf 80' lang='lat' dir='ltr'>Barth.</span> <span class='ocrx_word' id='word_1_287' title='bbox 1103 2324 1245 2355; x_wconf 76' lang='lat' dir='ltr'>Gavan-</span> 
     </span>
     <span class='ocr_line' id='line_1_45' title="bbox 118 2369 1243 2414; baseline -0.001 -11"><span class='ocrx_word' id='word_1_288' title='bbox 118 2379 176 2404; x_wconf 83' lang='lat' dir='ltr'>tus</span> <span class='ocrx_word' id='word_1_289' title='bbox 221 2373 255 2404; x_wconf 88' lang='lat' dir='ltr'>in</span> <span class='ocrx_word' id='word_1_290' title='bbox 281 2372 454 2406; x_wconf 71' lang='lat' dir='ltr'>Thesauro</span> <span class='ocrx_word' id='word_1_291' title='bbox 481 2372 663 2404; x_wconf 74' lang='lat' dir='ltr'>Sacrorum</span> <span class='ocrx_word' id='word_1_292' title='bbox 688 2374 834 2409; x_wconf 78' lang='lat' dir='ltr'>rituum,</span> <span class='ocrx_word' id='word_1_293' title='bbox 877 2382 979 2413; x_wconf 79' lang='lat' dir='ltr'>quem</span> <span class='ocrx_word' id='word_1_294' title='bbox 1017 2369 1243 2414; x_wconf 70' lang='lat' dir='ltr'>copiosiorem</span> 
     </span>
     <span class='ocr_line' id='line_1_46' title="bbox 120 2414 1243 2463; baseline 0.001 -15"><span class='ocrx_word' id='word_1_295' title='bbox 120 2427 241 2462; x_wconf 81' lang='lat' dir='ltr'>pestea</span> <span class='ocrx_word' id='word_1_296' title='bbox 276 2417 383 2451; x_wconf 78' lang='lat' dir='ltr'>edidit</span> <span class='ocrx_word' id='word_1_297' title='bbox 410 2418 526 2463; x_wconf 77' lang='lat' dir='ltr'>Gajet.</span> <span class='ocrx_word' id='word_1_298' title='bbox 556 2419 710 2451; x_wconf 79' lang='lat' dir='ltr'>Meratus</span> <span class='ocrx_word' id='word_1_299' title='bbox 732 2439 741 2457; x_wconf 89' lang='lat'>,</span> <span class='ocrx_word' id='word_1_300' title='bbox 782 2414 988 2449; x_wconf 85' lang='lat' dir='ltr'>Edtnundus</span> <span class='ocrx_word' id='word_1_301' title='bbox 1014 2418 1173 2449; x_wconf 73' lang='lat' dir='ltr'>Martene</span> <span class='ocrx_word' id='word_1_302' title='bbox 1197 2417 1243 2450; x_wconf 74' lang='lat' dir='ltr'>cle</span> 
     </span>
     <span class='ocr_line' id='line_1_47' title="bbox 120 2464 1242 2507; baseline -0.001 -11"><span class='ocrx_word' id='word_1_303' title='bbox 120 2468 260 2507; x_wconf 70' lang='lat' dir='ltr'>antiqua</span> <span class='ocrx_word' id='word_1_304' title='bbox 286 2464 455 2497; x_wconf 64' lang='lat' dir='ltr'>Ecclesix</span> <span class='ocrx_word' id='word_1_305' title='bbox 490 2467 683 2507; x_wconf 76' lang='lat' dir='ltr'>disciplina</span> <span class='ocrx_word' id='word_1_306' title='bbox 710 2467 744 2496; x_wconf 79' lang='lat' dir='ltr'>in</span> <span class='ocrx_word' id='word_1_307' title='bbox 770 2465 901 2497; x_wconf 70' lang='lat' dir='ltr'>divinis</span> <span class='ocrx_word' id='word_1_308' title='bbox 937 2464 1061 2496; x_wconf 81' lang='lat' dir='ltr'>celebr.</span> <span class='ocrx_word' id='word_1_309' title='bbox 1087 2465 1211 2504; x_wconf 84' lang='lat' dir='ltr'>officiis</span> <span class='ocrx_word' id='word_1_310' title='bbox 1231 2485 1242 2504; x_wconf 90' lang='lat'>,</span> 
     </span>
     <span class='ocr_line' id='line_1_48' title="bbox 120 2509 1242 2555; baseline 0 -13"><span class='ocrx_word' id='word_1_311' title='bbox 120 2509 327 2543; x_wconf 74' lang='lat' dir='ltr'>Benedictus</span> <span class='ocrx_word' id='word_1_312' title='bbox 355 2512 451 2543; x_wconf 73' lang='lat' dir='ltr'>XtV.</span> <span class='ocrx_word' id='word_1_313' title='bbox 476 2513 519 2543; x_wconf 79' lang='lat' dir='ltr'>de</span> <span class='ocrx_word' id='word_1_314' title='bbox 545 2511 662 2544; x_wconf 81' lang='lat' dir='ltr'>Festis</span> <span class='ocrx_word' id='word_1_315' title='bbox 689 2514 764 2544; x_wconf 65' lang='lat' dir='ltr'>&amp;c-</span> <span class='ocrx_word' id='word_1_316' title='bbox 789 2511 919 2555; x_wconf 75' lang='lat' dir='ltr'>aliique</span> <span class='ocrx_word' id='word_1_317' title='bbox 946 2522 1045 2543; x_wconf 86' lang='lat' dir='ltr'>usum</span> <span class='ocrx_word' id='word_1_318' title='bbox 1067 2531 1077 2550; x_wconf 91' lang='lat'>,</span> <span class='ocrx_word' id='word_1_319' title='bbox 1117 2513 1148 2542; x_wconf 85' lang='lat'>&amp;</span> <span class='ocrx_word' id='word_1_320' title='bbox 1173 2510 1242 2542; x_wconf 91' lang='lat' dir='ltr'>uti-</span> 
     </span>
     <span class='ocr_line' id='line_1_49' title="bbox 119 2556 1240 2600; baseline 0.001 -12"><span class='ocrx_word' id='word_1_321' title='bbox 119 2556 240 2591; x_wconf 77' lang='lat' dir='ltr'>litates</span> <span class='ocrx_word' id='word_1_322' title='bbox 260 2569 441 2589; x_wconf 79' lang='lat' dir='ltr'>sacrorum</span> <span class='ocrx_word' id='word_1_323' title='bbox 468 2558 600 2589; x_wconf 89' lang='lat' dir='ltr'>rituum</span> <span class='ocrx_word' id='word_1_324' title='bbox 627 2559 693 2591; x_wconf 67' lang='lat' dir='ltr'>late</span> <span class='ocrx_word' id='word_1_325' title='bbox 720 2558 962 2600; x_wconf 77' lang='lat' dir='ltr'>explicarunt.</span> <span class='ocrx_word' id='word_1_326' title='bbox 994 2556 1057 2589; x_wconf 84' lang='lat' dir='ltr'>Sed</span> <span class='ocrx_word' id='word_1_327' title='bbox 1083 2558 1240 2590; x_wconf 80' lang='lat' dir='ltr'>omniurn</span> 
     </span>
     <span class='ocr_line' id='line_1_50' title="bbox 122 2602 1240 2649; baseline 0.004 -16"><span class='ocrx_word' id='word_1_328' title='bbox 122 2604 360 2649; x_wconf 72' lang='lat' dir='ltr'>oepiosissime</span> <span class='ocrx_word' id='word_1_329' title='bbox 396 2603 436 2636; x_wconf 77' lang='lat' dir='ltr'>de</span> <span class='ocrx_word' id='word_1_330' title='bbox 465 2603 528 2636; x_wconf 84' lang='lat' dir='ltr'>hac</span> <span class='ocrx_word' id='word_1_331' title='bbox 571 2614 606 2635; x_wconf 82' lang='lat' dir='ltr'>re</span> <span class='ocrx_word' id='word_1_332' title='bbox 633 2603 796 2635; x_wconf 73' lang='lat' dir='ltr'>disseruit</span> <span class='ocrx_word' id='word_1_333' title='bbox 823 2604 865 2635; x_wconf 88' lang='lat' dir='ltr'>D.</span> <span class='ocrx_word' id='word_1_334' title='bbox 893 2602 1061 2636; x_wconf 77' lang='lat' dir='ltr'>Claudius</span> <span class='ocrx_word' id='word_1_335' title='bbox 1086 2602 1127 2636; x_wconf 85' lang='lat' dir='ltr'>de</span> <span class='ocrx_word' id='word_1_336' title='bbox 1155 2605 1240 2637; x_wconf 79' lang='lat' dir='ltr'>Vert</span> 
     </span>
     <span class='ocr_line' id='line_1_51' title="bbox 119 2647 1242 2695; baseline 0 -11"><span class='ocrx_word' id='word_1_337' title='bbox 119 2650 206 2684; x_wconf 76' lang='lat' dir='ltr'>Orci.</span> <span class='ocrx_word' id='word_1_338' title='bbox 234 2651 392 2684; x_wconf 84' lang='lat' dir='ltr'>Cluniae.</span> <span class='ocrx_word' id='word_1_339' title='bbox 420 2651 572 2695; x_wconf 75' lang='lat' dir='ltr'>pietate,</span> <span class='ocrx_word' id='word_1_340' title='bbox 612 2652 641 2680; x_wconf 64' lang='grc' dir='ltr'>ἃ·</span> <span class='ocrx_word' id='word_1_341' title='bbox 668 2647 826 2681; x_wconf 82' lang='lat' dir='ltr'>doctrina</span> <span class='ocrx_word' id='word_1_342' title='bbox 852 2650 999 2683; x_wconf 83' lang='lat' dir='ltr'>celebris</span> <span class='ocrx_word' id='word_1_343' title='bbox 1024 2649 1126 2683; x_wconf 82' lang='lat' dir='ltr'>editis</span> <span class='ocrx_word' id='word_1_344' title='bbox 1153 2662 1242 2684; x_wconf 84' lang='lat' dir='ltr'>anno</span> 
     </span>
     <span class='ocr_line' id='line_1_52' title="bbox 125 2695 1241 2741; baseline -0.001 -11"><span class='ocrx_word' id='word_1_345' title='bbox 125 2700 227 2741; x_wconf 83' lang='lat'>1780.</span> <span class='ocrx_word' id='word_1_346' title='bbox 255 2706 406 2741; x_wconf 76' lang='lat' dir='ltr'>quatuor</span> <span class='ocrx_word' id='word_1_347' title='bbox 432 2697 571 2730; x_wconf 72' lang='lat' dir='ltr'>Volunt.</span> <span class='ocrx_word' id='word_1_348' title='bbox 600 2697 633 2728; x_wconf 91' lang='lat' dir='ltr'>in</span> <span class='ocrx_word' id='word_1_349' title='bbox 652 2698 685 2729; x_wconf 75' lang='lat'>8.</span> <span class='ocrx_word' id='word_1_350' title='bbox 713 2707 791 2727; x_wconf 89' lang='lat' dir='ltr'>cum</span> <span class='ocrx_word' id='word_1_351' title='bbox 819 2695 882 2728; x_wconf 88' lang='lat' dir='ltr'>hoc</span> <span class='ocrx_word' id='word_1_352' title='bbox 909 2697 1040 2729; x_wconf 80' lang='lat' dir='ltr'>titulo:</span> <span class='ocrx_word' id='word_1_353' title='bbox 1070 2697 1241 2739; x_wconf 75' lang='lat' dir='ltr'>Erpltca·</span> 
     </span>
     <span class='ocr_line' id='line_1_53' title="bbox 121 2743 1242 2786; baseline -0.001 -8"><span class='ocrx_word' id='word_1_354' title='bbox 121 2748 171 2780; x_wconf 74' lang='lat' dir='ltr'>tio</span> <span class='ocrx_word' id='word_1_355' title='bbox 197 2747 366 2786; x_wconf 70' lang='lat' dir='ltr'>simplex,</span> <span class='ocrx_word' id='word_1_356' title='bbox 409 2745 576 2776; x_wconf 74' lang='lat' dir='ltr'>litterulis</span> <span class='ocrx_word' id='word_1_357' title='bbox 604 2749 644 2775; x_wconf 49' lang='lat' dir='ltr'>U*</span> <span class='ocrx_word' id='word_1_358' title='bbox 671 2743 841 2775; x_wconf 59' lang='lat' dir='ltr'>historica</span> <span class='ocrx_word' id='word_1_359' title='bbox 875 2746 1143 2775; x_wconf 65' lang='lat' dir='ltr'>caeremoniarum</span> <span class='ocrx_word' id='word_1_360' title='bbox 1170 2743 1242 2777; x_wconf 82' lang='lat' dir='ltr'>Ec-</span> 
     </span>
     <span class='ocr_line' id='line_1_54' title="bbox 123 2789 1241 2835; baseline -0.002 -11"><span class='ocrx_word' id='word_1_361' title='bbox 123 2795 261 2830; x_wconf 66' lang='lat' dir='ltr'>clesiae,</span> <span class='ocrx_word' id='word_1_362' title='bbox 305 2790 337 2821; x_wconf 91' lang='lat' dir='ltr'>in</span> <span class='ocrx_word' id='word_1_363' title='bbox 363 2791 490 2835; x_wconf 87' lang='lat' dir='ltr'>quibus</span> <span class='ocrx_word' id='word_1_364' title='bbox 515 2789 755 2822; x_wconf 83' lang='lat' dir='ltr'>demonstrare</span> <span class='ocrx_word' id='word_1_365' title='bbox 791 2790 927 2829; x_wconf 87' lang='lat' dir='ltr'>voluit,</span> <span class='ocrx_word' id='word_1_366' title='bbox 963 2810 987 2829; x_wconf 88' lang='lat'><em>„</em></span> <span class='ocrx_word' id='word_1_367' title='bbox 1007 2789 1241 2833; x_wconf 71' lang='lat' dir='ltr'>Disciplinam</span> 
     </span>
     <span class='ocr_line' id='line_1_55' title="bbox 123 2835 1242 2881; baseline -0.002 -11"><span class='ocrx_word' id='word_1_368' title='bbox 123 2860 151 2881; x_wconf 68' lang='lat'>2,</span> <span class='ocrx_word' id='word_1_369' title='bbox 176 2837 340 2870; x_wconf 65' lang='lat' dir='ltr'>Ecclesiae</span> <span class='ocrx_word' id='word_1_370' title='bbox 367 2836 481 2881; x_wconf 79' lang='lat' dir='ltr'>quoad</span> <span class='ocrx_word' id='word_1_371' title='bbox 506 2837 624 2877; x_wconf 73' lang='lat' dir='ltr'>ritus,</span> <span class='ocrx_word' id='word_1_372' title='bbox 664 2839 693 2868; x_wconf 82' lang='lat'>&amp;</span> <span class='ocrx_word' id='word_1_373' title='bbox 720 2837 949 2868; x_wconf 58' lang='lat' dir='ltr'>caeremonias</span> <span class='ocrx_word' id='word_1_374' title='bbox 975 2835 1125 2875; x_wconf 77' lang='lat' dir='ltr'>attinet,</span> <span class='ocrx_word' id='word_1_375' title='bbox 1162 2837 1242 2868; x_wconf 69' lang='grc'><strong>11111-</strong></span> 
     </span>
     <span class='ocr_line' id='line_1_56' title="bbox 123 2880 1242 2926; baseline -0.002 -10"><span class='ocrx_word' id='word_1_376' title='bbox 123 2908 151 2926; x_wconf 80' lang='grc'>,,</span> <span class='ocrx_word' id='word_1_377' title='bbox 177 2883 293 2916; x_wconf 76' lang='lat' dir='ltr'>datam</span> <span class='ocrx_word' id='word_1_378' title='bbox 320 2895 391 2916; x_wconf 76' lang='lat' dir='ltr'>esse</span> <span class='ocrx_word' id='word_1_379' title='bbox 418 2885 450 2916; x_wconf 91' lang='lat' dir='ltr'>in</span> <span class='ocrx_word' id='word_1_380' title='bbox 478 2884 592 2916; x_wconf 84' lang='lat' dir='ltr'>causis</span> <span class='ocrx_word' id='word_1_381' title='bbox 616 2882 836 2926; x_wconf 75' lang='lat' dir='ltr'>simplicibus</span> <span class='ocrx_word' id='word_1_382' title='bbox 856 2904 866 2922; x_wconf 95' lang='lat'>,</span> <span class='ocrx_word' id='word_1_383' title='bbox 893 2885 925 2914; x_wconf 84' lang='lat'>&amp;</span> <span class='ocrx_word' id='word_1_384' title='bbox 951 2880 1141 2926; x_wconf 80' lang='lat' dir='ltr'>desumptis</span> <span class='ocrx_word' id='word_1_385' title='bbox 1169 2882 1242 2926; x_wconf 81' lang='lat' dir='ltr'>ple-</span> 
     </span>
     <span class='ocr_line' id='line_1_57' title="bbox 122 2928 1243 2974; baseline -0.003 -12"><span class='ocrx_word' id='word_1_386' title='bbox 122 2955 149 2974; x_wconf 89' lang='lat'>„</span> <span class='ocrx_word' id='word_1_387' title='bbox 175 2941 321 2973; x_wconf 75' lang='lat' dir='ltr'>rumque</span> <span class='ocrx_word' id='word_1_388' title='bbox 347 2931 540 2969; x_wconf 80' lang='lat' dir='ltr'>universis,</span> <span class='ocrx_word' id='word_1_389' title='bbox 567 2939 626 2963; x_wconf 90' lang='lat' dir='ltr'>aut</span> <span class='ocrx_word' id='word_1_390' title='bbox 653 2930 695 2962; x_wconf 87' lang='lat' dir='ltr'>ab</span> <span class='ocrx_word' id='word_1_391' title='bbox 721 2941 785 2961; x_wconf 87' lang='lat' dir='ltr'>usn</span> <span class='ocrx_word' id='word_1_392' title='bbox 812 2938 971 2962; x_wconf 87' lang='lat' dir='ltr'>veterum</span> <span class='ocrx_word' id='word_1_393' title='bbox 999 2937 1058 2961; x_wconf 81' lang='lat' dir='ltr'>aut</span> <span class='ocrx_word' id='word_1_394' title='bbox 1085 2928 1243 2960; x_wconf 80' lang='lat' dir='ltr'>asimili-</span> 
     </span>
     <span class='ocr_line' id='line_1_58' title="bbox 123 2973 1242 3021; baseline -0.003 -11"><span class='ocrx_word' id='word_1_395' title='bbox 123 3001 151 3021; x_wconf 69' lang='lat'>2,</span> <span class='ocrx_word' id='word_1_396' title='bbox 178 2976 296 3010; x_wconf 76' lang='lat' dir='ltr'>tudine</span> <span class='ocrx_word' id='word_1_397' title='bbox 323 2977 499 3008; x_wconf 86' lang='lat' dir='ltr'>actionum</span> <span class='ocrx_word' id='word_1_398' title='bbox 525 2988 602 3008; x_wconf 86' lang='lat' dir='ltr'>cum</span> <span class='ocrx_word' id='word_1_399' title='bbox 630 2976 808 3010; x_wconf 82' lang='lat' dir='ltr'>vocabulis</span> <span class='ocrx_word' id='word_1_400' title='bbox 828 2997 838 3016; x_wconf 91' lang='lat'>,</span> <span class='ocrx_word' id='word_1_401' title='bbox 864 2979 895 3008; x_wconf 81' lang='lat'>&amp;</span> <span class='ocrx_word' id='word_1_402' title='bbox 921 2975 1102 3019; x_wconf 86' lang='lat' dir='ltr'>reciproco</span> <span class='ocrx_word' id='word_1_403' title='bbox 1121 2973 1242 3007; x_wconf 84' lang='lat' dir='ltr'>ordine</span> 
     </span>
     <span class='ocr_line' id='line_1_59' title="bbox 122 3021 1241 3068; baseline -0.003 -12"><span class='ocrx_word' id='word_1_404' title='bbox 122 3048 150 3068; x_wconf 79' lang='lat'>‚‚</span> <span class='ocrx_word' id='word_1_405' title='bbox 174 3023 425 3056; x_wconf 73' lang='lat' dir='ltr'>vocabulorum</span> <span class='ocrx_word' id='word_1_406' title='bbox 450 3035 528 3055; x_wconf 74' lang='lat' dir='ltr'>cum</span> <span class='ocrx_word' id='word_1_407' title='bbox 556 3023 750 3056; x_wconf 75' lang='lat' dir='ltr'>actionibus</span> <span class='ocrx_word' id='word_1_408' title='bbox 767 3043 777 3062; x_wconf 88' lang='lat'>,</span> <span class='ocrx_word' id='word_1_409' title='bbox 815 3031 873 3055; x_wconf 82' lang='lat' dir='ltr'>aut</span> <span class='ocrx_word' id='word_1_410' title='bbox 900 3021 994 3066; x_wconf 79' lang='lat' dir='ltr'>quod</span> <span class='ocrx_word' id='word_1_411' title='bbox 1029 3021 1241 3060; x_wconf 81' lang='lat' dir='ltr'>necessitas,</span> 
     </span>
     <span class='ocr_line' id='line_1_60' title="bbox 123 3067 1241 3114; baseline -0.003 -11"><span class='ocrx_word' id='word_1_412' title='bbox 123 3094 151 3114; x_wconf 63' lang='lat'>2,</span> <span class='ocrx_word' id='word_1_413' title='bbox 175 3070 343 3103; x_wconf 69' lang='lat' dir='ltr'>decorum</span> <span class='ocrx_word' id='word_1_414' title='bbox 361 3091 370 3109; x_wconf 95' lang='lat'>,</span> <span class='ocrx_word' id='word_1_415' title='bbox 410 3072 441 3101; x_wconf 74' lang='grc' dir='ltr'>δι</span> <span class='ocrx_word' id='word_1_416' title='bbox 468 3067 688 3102; x_wconf 74' lang='lat' dir='ltr'>commodum</span> <span class='ocrx_word' id='word_1_417' title='bbox 725 3070 771 3101; x_wconf 80' lang='lat' dir='ltr'>ita</span> <span class='ocrx_word' id='word_1_418' title='bbox 808 3070 1001 3113; x_wconf 76' lang='lat' dir='ltr'>postularet</span> <span class='ocrx_word' id='word_1_419' title='bbox 1028 3071 1090 3100; x_wconf 85' lang='lat' dir='ltr'>&amp;c.</span> <span class='ocrx_word' id='word_1_420' title='bbox 1111 3070 1131 3083; x_wconf 88' lang='lat'>’&#39;</span> <span class='ocrx_word' id='word_1_421' title='bbox 1151 3069 1241 3100; x_wconf 88' lang='lat' dir='ltr'>Cum</span> 
     </span>
     <span class='ocr_line' id='line_1_61' title="bbox 124 3113 1240 3159; baseline -0.004 -9"><span class='ocrx_word' id='word_1_422' title='bbox 124 3127 241 3151; x_wconf 78' lang='lat' dir='ltr'>autem</span> <span class='ocrx_word' id='word_1_423' title='bbox 268 3125 516 3156; x_wconf 73' lang='lat' dir='ltr'>accusaretur,</span> <span class='ocrx_word' id='word_1_424' title='bbox 550 3113 640 3159; x_wconf 82' lang='lat' dir='ltr'>quod</span> <span class='ocrx_word' id='word_1_425' title='bbox 678 3116 846 3158; x_wconf 77' lang='lat' dir='ltr'>mysticas</span> <span class='ocrx_word' id='word_1_426' title='bbox 883 3114 1154 3159; x_wconf 75' lang='lat' dir='ltr'>significationes</span> <span class='ocrx_word' id='word_1_427' title='bbox 1181 3126 1240 3146; x_wconf 82' lang='lat' dir='ltr'>ex-</span> 
     </span>
     <span class='ocr_line' id='line_1_62' title="bbox 121 3159 1243 3210; baseline -0.005 -13"><span class='ocrx_word' id='word_1_428' title='bbox 121 3166 285 3210; x_wconf 67' lang='lat' dir='ltr'>plosisset</span> <span class='ocrx_word' id='word_1_429' title='bbox 305 3185 315 3203; x_wconf 91' lang='lat'>,</span> <span class='ocrx_word' id='word_1_430' title='bbox 342 3163 522 3202; x_wconf 55' lang='lat' dir='ltr'>Rei-erem,</span> <span class='ocrx_word' id='word_1_431' title='bbox 548 3162 686 3205; x_wconf 76' lang='lat' dir='ltr'>scripsit</span> <span class='ocrx_word' id='word_1_432' title='bbox 714 3163 747 3193; x_wconf 90' lang='lat' dir='ltr'>in</span> <span class='ocrx_word' id='word_1_433' title='bbox 773 3163 886 3205; x_wconf 84' lang='lat' dir='ltr'>Epist.</span> <span class='ocrx_word' id='word_1_434' title='bbox 914 3159 956 3194; x_wconf 84' lang='lat' dir='ltr'>ad</span> <span class='ocrx_word' id='word_1_435' title='bbox 973 3160 1144 3193; x_wconf 68' lang='lat' dir='ltr'>Juriaeum</span> <span class='ocrx_word' id='word_1_436' title='bbox 1160 3161 1243 3192; x_wconf 85' lang='lat' dir='ltr'>Cal-</span> 
     </span>
     <span class='ocr_line' id='line_1_63' title="bbox 124 3209 1241 3250; baseline -0.004 -7"><span class='ocrx_word' id='word_1_437' title='bbox 124 3212 316 3250; x_wconf 76' lang='lat' dir='ltr'>vinistam,</span> <span class='ocrx_word' id='word_1_438' title='bbox 351 3222 462 3242; x_wconf 76' lang='lat' dir='ltr'>omues</span> <span class='ocrx_word' id='word_1_439' title='bbox 488 3212 618 3241; x_wconf 78' lang='lat' dir='ltr'>minimi</span> <span class='ocrx_word' id='word_1_440' title='bbox 655 3212 756 3240; x_wconf 68' lang='lat' dir='ltr'>esiam</span> <span class='ocrx_word' id='word_1_441' title='bbox 793 3212 950 3240; x_wconf 66' lang='lat' dir='ltr'>tumulenti</span> <span class='ocrx_word' id='word_1_442' title='bbox 988 3209 1241 3249; x_wconf 67' lang='lat' dir='ltr'>explicatione&lt;</span> 
     </span>
     <span class='ocr_line' id='line_1_64' title="bbox 124 3252 1243 3299; baseline -0.004 -11"><span class='ocrx_word' id='word_1_443' title='bbox 124 3260 270 3291; x_wconf 76' lang='lat' dir='ltr'>morales</span> <span class='ocrx_word' id='word_1_444' title='bbox 290 3278 300 3296; x_wconf 92' lang='lat'>,</span> <span class='ocrx_word' id='word_1_445' title='bbox 326 3259 367 3289; x_wconf 52' lang='grc' dir='ltr'>(Γ</span> <span class='ocrx_word' id='word_1_446' title='bbox 385 3261 558 3299; x_wconf 58' lang='lat' dir='ltr'>mysticas</span> <span class='ocrx_word' id='word_1_447' title='bbox 572 3276 582 3294; x_wconf 92' lang='lat'>,</span> <span class='ocrx_word' id='word_1_448' title='bbox 609 3268 689 3297; x_wconf 75' lang='lat' dir='ltr'>quus</span> <span class='ocrx_word' id='word_1_449' title='bbox 707 3256 803 3287; x_wconf 82' lang='lat' dir='ltr'>nobis</span> <span class='ocrx_word' id='word_1_450' title='bbox 821 3256 988 3287; x_wconf 72' lang='lat' dir='ltr'>‹lecte-runt</span> <span class='ocrx_word' id='word_1_451' title='bbox 1009 3252 1116 3286; x_wconf 69' lang='lat' dir='ltr'>Pieliz&#39;</span> <span class='ocrx_word' id='word_1_452' title='bbox 1133 3275 1143 3293; x_wconf 91' lang='lat'>,</span> <span class='ocrx_word' id='word_1_453' title='bbox 1171 3252 1243 3286; x_wconf 70' lang='lat' dir='ltr'>Dn-</span> 
     </span>
     <span class='ocr_line' id='line_1_65' title="bbox 123 3302 1244 3345; baseline -0.004 -7"><span class='ocrx_word' id='word_1_454' title='bbox 123 3307 252 3344; x_wconf 75' lang='lat' dir='ltr'>randi,</span> <span class='ocrx_word' id='word_1_455' title='bbox 280 3302 471 3336; x_wconf 47' lang='lat' dir='ltr'>Innocenti}</span> <span class='ocrx_word' id='word_1_456' title='bbox 487 3325 497 3343; x_wconf 89' lang='lat'>,</span> <span class='ocrx_word' id='word_1_457' title='bbox 524 3315 696 3345; x_wconf 66' lang='lat' dir='ltr'>eorumque</span> <span class='ocrx_word' id='word_1_458' title='bbox 715 3303 882 3345; x_wconf 73' lang='lat' dir='ltr'>discipali</span> <span class='ocrx_word' id='word_1_459' title='bbox 903 3324 911 3332; x_wconf 90' lang='lat'>.</span> <span class='ocrx_word' id='word_1_460' title='bbox 938 3302 1010 3334; x_wconf 76' lang='lat' dir='ltr'>Hac</span> <span class='ocrx_word' id='word_1_461' title='bbox 1031 3308 1144 3332; x_wconf 85' lang='lat' dir='ltr'>tamen</span> <span class='ocrx_word' id='word_1_462' title='bbox 1166 3312 1244 3344; x_wconf 89' lang='lat' dir='ltr'>pro-</span> 
     </span>
     <span class='ocr_line' id='line_1_66' title="bbox 124 3347 1241 3391; baseline -0.005 -7"><span class='ocrx_word' id='word_1_463' title='bbox 124 3351 309 3385; x_wconf 73' lang='lat' dir='ltr'>testatione</span> <span class='ocrx_word' id='word_1_464' title='bbox 335 3362 474 3383; x_wconf 88' lang='lat' dir='ltr'>omnem</span> <span class='ocrx_word' id='word_1_465' title='bbox 503 3362 519 3382; x_wconf 81' lang='lat' dir='ltr'>a</span> <span class='ocrx_word' id='word_1_466' title='bbox 547 3361 581 3382; x_wconf 87' lang='lat' dir='ltr'>se</span> <span class='ocrx_word' id='word_1_467' title='bbox 616 3347 785 3382; x_wconf 80' lang='lat' dir='ltr'>invidiam</span> <span class='ocrx_word' id='word_1_468' title='bbox 823 3348 961 3380; x_wconf 74' lang='lat' dir='ltr'>amoliri</span> <span class='ocrx_word' id='word_1_469' title='bbox 1000 3359 1067 3379; x_wconf 91' lang='lat' dir='ltr'>non</span> <span class='ocrx_word' id='word_1_470' title='bbox 1107 3347 1241 3391; x_wconf 88' lang='lat' dir='ltr'>potuit.</span> 
     </span>
     <span class='ocr_line' id='line_1_67' title="bbox 125 3394 1244 3443; baseline -0.006 -10"><span class='ocrx_word' id='word_1_471' title='bbox 125 3397 363 3443; x_wconf 77' lang='lat' dir='ltr'>Quamobrem</span> <span class='ocrx_word' id='word_1_472' title='bbox 398 3397 462 3432; x_wconf 85' lang='lat' dir='ltr'>hoe</span> <span class='ocrx_word' id='word_1_473' title='bbox 492 3396 603 3432; x_wconf 84' lang='lat' dir='ltr'>Vertii</span> <span class='ocrx_word' id='word_1_474' title='bbox 630 3406 714 3440; x_wconf 84' lang='lat' dir='ltr'>opus</span> <span class='ocrx_word' id='word_1_475' title='bbox 739 3398 830 3429; x_wconf 82' lang='lat' dir='ltr'>omni</span> <span class='ocrx_word' id='word_1_476' title='bbox 859 3398 979 3439; x_wconf 74' lang='lat' dir='ltr'>impeta</span> <span class='ocrx_word' id='word_1_477' title='bbox 998 3415 1010 3434; x_wconf 88' lang='lat'>,</span> <span class='ocrx_word' id='word_1_478' title='bbox 1037 3394 1244 3432; x_wconf 58' lang='lat' dir='ltr'>vehementia</span> 
     </span>
    </p>
   </div>
   <div class='ocr_carea' id='block_1_7' title="bbox 1311 220 2448 2138">
    <p class='ocr_par' dir='ltr' id='par_1_10' title="bbox 1317 220 2448 1291">
     <span class='ocr_line' id='line_1_68' title="bbox 1328 220 2445 273; baseline 0.008 -17"><span class='ocrx_word' id='word_1_479' title='bbox 1328 234 1436 258; x_wconf 85' lang='lat' dir='ltr'>mum</span> <span class='ocrx_word' id='word_1_480' title='bbox 1468 231 1622 273; x_wconf 77' lang='lat' dir='ltr'>urgente</span> <span class='ocrx_word' id='word_1_481' title='bbox 1643 221 1857 260; x_wconf 82' lang='lat' dir='ltr'>necessitate</span> <span class='ocrx_word' id='word_1_482' title='bbox 1878 220 1957 260; x_wconf 82' lang='lat' dir='ltr'>sine</span> <span class='ocrx_word' id='word_1_483' title='bbox 1979 221 2069 262; x_wconf 87' lang='lat' dir='ltr'>ullis</span> <span class='ocrx_word' id='word_1_484' title='bbox 2096 225 2338 264; x_wconf 74' lang='lat' dir='ltr'>caeremoniis</span> <span class='ocrx_word' id='word_1_485' title='bbox 2366 228 2445 265; x_wconf 80' lang='lat' dir='ltr'>eot-</span> 
     </span>
     <span class='ocr_line' id='line_1_69' title="bbox 1325 272 2444 331; baseline 0.008 -22"><span class='ocrx_word' id='word_1_486' title='bbox 1325 272 1446 311; x_wconf 80' lang='lat' dir='ltr'>latum</span> <span class='ocrx_word' id='word_1_487' title='bbox 1477 275 1649 313; x_wconf 85' lang='lat' dir='ltr'>validum</span> <span class='ocrx_word' id='word_1_488' title='bbox 1679 290 1782 324; x_wconf 86' lang='lat' dir='ltr'>esse,</span> <span class='ocrx_word' id='word_1_489' title='bbox 1825 275 1859 312; x_wconf 83' lang='lat'>&amp;</span> <span class='ocrx_word' id='word_1_490' title='bbox 1888 276 2073 315; x_wconf 87' lang='lat' dir='ltr'>solemnes</span> <span class='ocrx_word' id='word_1_491' title='bbox 2102 280 2349 317; x_wconf 65' lang='lat' dir='ltr'>caeremonias</span> <span class='ocrx_word' id='word_1_492' title='bbox 2379 294 2444 331; x_wconf 90' lang='lat' dir='ltr'>po-</span> 
     </span>
     <span class='ocr_line' id='line_1_70' title="bbox 1325 330 2443 384; baseline 0.006 -21"><span class='ocrx_word' id='word_1_493' title='bbox 1325 336 1401 364; x_wconf 84' lang='lat' dir='ltr'>stea</span> <span class='ocrx_word' id='word_1_494' title='bbox 1430 330 1588 380; x_wconf 87' lang='lat' dir='ltr'>quidem</span> <span class='ocrx_word' id='word_1_495' title='bbox 1616 330 1788 382; x_wconf 88' lang='lat' dir='ltr'>suppleri</span> <span class='ocrx_word' id='word_1_496' title='bbox 1817 330 1982 378; x_wconf 88' lang='lat' dir='ltr'>debere,</span> <span class='ocrx_word' id='word_1_497' title='bbox 2012 332 2166 383; x_wconf 80' lang='lat' dir='ltr'>quando</span> <span class='ocrx_word' id='word_1_498' title='bbox 2196 331 2279 369; x_wconf 88' lang='lat' dir='ltr'>fieri</span> <span class='ocrx_word' id='word_1_499' title='bbox 2304 342 2443 384; x_wconf 81' lang='lat' dir='ltr'>potest,</span> 
     </span>
     <span class='ocr_line' id='line_1_71' title="bbox 1323 383 2446 439; baseline 0.005 -21"><span class='ocrx_word' id='word_1_500' title='bbox 1323 394 1399 418; x_wconf 87' lang='grc'><strong>11011</strong></span> <span class='ocrx_word' id='word_1_501' title='bbox 1429 396 1474 419; x_wconf 84' lang='lat' dir='ltr'>ex</span> <span class='ocrx_word' id='word_1_502' title='bbox 1518 385 1731 421; x_wconf 83' lang='lat' dir='ltr'>necessitate</span> <span class='ocrx_word' id='word_1_503' title='bbox 1759 383 2027 432; x_wconf 74' lang='lat' dir='ltr'>sacramenti,</span> <span class='ocrx_word' id='word_1_504' title='bbox 2071 385 2133 423; x_wconf 90' lang='lat' dir='ltr'>sed</span> <span class='ocrx_word' id='word_1_505' title='bbox 2163 399 2207 422; x_wconf 78' lang='lat' dir='ltr'>ex</span> <span class='ocrx_word' id='word_1_506' title='bbox 2251 395 2446 439; x_wconf 79' lang='lat' dir='ltr'>praecepto</span> 
     </span>
     <span class='ocr_line' id='line_1_72' title="bbox 1323 433 2448 491; baseline 0.006 -20"><span class='ocrx_word' id='word_1_507' title='bbox 1323 433 1537 475; x_wconf 58' lang='lat' dir='ltr'>Ecclesiae.</span> <span class='ocrx_word' id='word_1_508' title='bbox 1570 437 1700 474; x_wconf 83' lang='lat' dir='ltr'>Verba</span> <span class='ocrx_word' id='word_1_509' title='bbox 1729 447 1854 475; x_wconf 85' lang='lat' dir='ltr'>autem</span> <span class='ocrx_word' id='word_1_510' title='bbox 1885 438 2054 475; x_wconf 86' lang='lat' dir='ltr'>Cornelii</span> <span class='ocrx_word' id='word_1_511' title='bbox 2085 438 2129 476; x_wconf 79' lang='lat' dir='ltr'>R.</span> <span class='ocrx_word' id='word_1_512' title='bbox 2161 437 2201 476; x_wconf 75' lang='lat' dir='ltr'>l’.</span> <span class='ocrx_word' id='word_1_513' title='bbox 2232 439 2448 491; x_wconf 41' lang='lat' dir='ltr'>intelligere</span> 
     </span>
     <span class='ocr_line' id='line_1_73' title="bbox 1322 488 2444 544; baseline 0.006 -20"><span class='ocrx_word' id='word_1_514' title='bbox 1322 488 1370 525; x_wconf 89' lang='lat' dir='ltr'>da</span> <span class='ocrx_word' id='word_1_515' title='bbox 1399 499 1485 527; x_wconf 88' lang='lat' dir='ltr'>sunt</span> <span class='ocrx_word' id='word_1_516' title='bbox 1506 520 1516 538; x_wconf 87' lang='lat'>,</span> <span class='ocrx_word' id='word_1_517' title='bbox 1547 503 1622 529; x_wconf 86' lang='lat' dir='ltr'>non</span> <span class='ocrx_word' id='word_1_518' title='bbox 1651 491 1696 527; x_wconf 90' lang='lat' dir='ltr'>de</span> <span class='ocrx_word' id='word_1_519' title='bbox 1727 490 1853 528; x_wconf 83' lang='lat' dir='ltr'>valore</span> <span class='ocrx_word' id='word_1_520' title='bbox 1871 490 2084 542; x_wconf 84' lang='lat' dir='ltr'>baptismi,</span> <span class='ocrx_word' id='word_1_521' title='bbox 2114 493 2176 530; x_wconf 88' lang='lat' dir='ltr'>sed</span> <span class='ocrx_word' id='word_1_522' title='bbox 2196 492 2243 530; x_wconf 90' lang='lat' dir='ltr'>de</span> <span class='ocrx_word' id='word_1_523' title='bbox 2273 493 2444 544; x_wconf 78' lang='lat' dir='ltr'>ejusdem</span> 
     </span>
     <span class='ocr_line' id='line_1_74' title="bbox 1322 541 2444 596; baseline 0.005 -17"><span class='ocrx_word' id='word_1_524' title='bbox 1322 541 1477 580; x_wconf 80' lang='lat' dir='ltr'>fructu.</span> <span class='ocrx_word' id='word_1_525' title='bbox 1521 543 1696 580; x_wconf 83' lang='lat' dir='ltr'>Dubium</span> <span class='ocrx_word' id='word_1_526' title='bbox 1726 545 1826 580; x_wconf 88' lang='lat' dir='ltr'>enim</span> <span class='ocrx_word' id='word_1_527' title='bbox 1871 553 1949 581; x_wconf 79' lang='lat' dir='ltr'>erat</span> <span class='ocrx_word' id='word_1_528' title='bbox 1977 558 2052 582; x_wconf 90' lang='grc'><strong>11011</strong></span> <span class='ocrx_word' id='word_1_529' title='bbox 2096 548 2234 594; x_wconf 84' lang='lat' dir='ltr'>inane,</span> <span class='ocrx_word' id='word_1_530' title='bbox 2277 562 2324 584; x_wconf 86' lang='lat' dir='ltr'>an</span> <span class='ocrx_word' id='word_1_531' title='bbox 2356 547 2444 596; x_wconf 90' lang='lat' dir='ltr'>illi,</span> 
     </span>
     <span class='ocr_line' id='line_1_75' title="bbox 1320 596 2440 652; baseline 0.006 -20"><span class='ocrx_word' id='word_1_532' title='bbox 1320 597 1387 647; x_wconf 90' lang='lat' dir='ltr'>qui</span> <span class='ocrx_word' id='word_1_533' title='bbox 1418 598 1456 634; x_wconf 91' lang='lat' dir='ltr'>in</span> <span class='ocrx_word' id='word_1_534' title='bbox 1488 596 1659 648; x_wconf 88' lang='lat' dir='ltr'>periculo</span> <span class='ocrx_word' id='word_1_535' title='bbox 1688 598 1818 634; x_wconf 85' lang='lat' dir='ltr'>mortis</span> <span class='ocrx_word' id='word_1_536' title='bbox 1846 596 2082 649; x_wconf 88' lang='lat' dir='ltr'>baptismum</span> <span class='ocrx_word' id='word_1_537' title='bbox 2113 600 2376 652; x_wconf 78' lang='lat' dir='ltr'>recipiebant,</span> <span class='ocrx_word' id='word_1_538' title='bbox 2407 602 2440 638; x_wconf 77' lang='lat'>8&lt;</span> 
     </span>
     <span class='ocr_line' id='line_1_76' title="bbox 1324 648 2441 706; baseline 0.006 -20"><span class='ocrx_word' id='word_1_539' title='bbox 1324 648 1462 687; x_wconf 77' lang='lat' dir='ltr'>Clinici</span> <span class='ocrx_word' id='word_1_540' title='bbox 1493 650 1727 687; x_wconf 78' lang='lat' dir='ltr'>vocabantur</span> <span class='ocrx_word' id='word_1_541' title='bbox 1749 678 1759 696; x_wconf 90' lang='lat'>,</span> <span class='ocrx_word' id='word_1_542' title='bbox 1790 649 1972 701; x_wconf 84' lang='lat' dir='ltr'>baptismi</span> <span class='ocrx_word' id='word_1_543' title='bbox 1994 652 2160 690; x_wconf 84' lang='lat' dir='ltr'>fructum</span> <span class='ocrx_word' id='word_1_544' title='bbox 2179 655 2441 706; x_wconf 85' lang='lat' dir='ltr'>perciperent,</span> 
     </span>
     <span class='ocr_line' id='line_1_77' title="bbox 1323 702 2445 755; baseline 0.005 -15"><span class='ocrx_word' id='word_1_545' title='bbox 1323 712 1450 755; x_wconf 86' lang='lat' dir='ltr'>utpote</span> <span class='ocrx_word' id='word_1_546' title='bbox 1479 705 1545 755; x_wconf 88' lang='lat' dir='ltr'>qui</span> <span class='ocrx_word' id='word_1_547' title='bbox 1576 702 1654 741; x_wconf 87' lang='lat' dir='ltr'>solo</span> <span class='ocrx_word' id='word_1_548' title='bbox 1697 712 1798 741; x_wconf 87' lang='lat' dir='ltr'>metu</span> <span class='ocrx_word' id='word_1_549' title='bbox 1843 703 2007 754; x_wconf 74' lang='lat' dir='ltr'>periculi</span> <span class='ocrx_word' id='word_1_550' title='bbox 2055 704 2125 743; x_wconf 89' lang='lat' dir='ltr'>hoc</span> <span class='ocrx_word' id='word_1_551' title='bbox 2153 705 2445 747; x_wconf 81' lang='lat' dir='ltr'>Sacramentum</span> 
     </span>
     <span class='ocr_line' id='line_1_78' title="bbox 1321 756 2442 809; baseline 0.006 -16"><span class='ocrx_word' id='word_1_552' title='bbox 1321 758 1603 809; x_wconf 83' lang='lat' dir='ltr'>suscipiebant.</span> <span class='ocrx_word' id='word_1_553' title='bbox 1633 757 1744 803; x_wconf 87' lang='lat' dir='ltr'>Quod</span> <span class='ocrx_word' id='word_1_554' title='bbox 1774 756 1938 794; x_wconf 87' lang='lat' dir='ltr'>dubium</span> <span class='ocrx_word' id='word_1_555' title='bbox 1969 757 2015 794; x_wconf 91' lang='lat' dir='ltr'>de</span> <span class='ocrx_word' id='word_1_556' title='bbox 2044 757 2210 806; x_wconf 74' lang='lat' dir='ltr'>Novato,</span> <span class='ocrx_word' id='word_1_557' title='bbox 2241 761 2299 797; x_wconf 88' lang='lat' dir='ltr'>vel</span> <span class='ocrx_word' id='word_1_558' title='bbox 2317 762 2442 800; x_wconf 72' lang='lat' dir='ltr'>Nova-</span> 
     </span>
     <span class='ocr_line' id='line_1_79' title="bbox 1321 810 2442 863; baseline 0.006 -15"><span class='ocrx_word' id='word_1_559' title='bbox 1321 811 1448 859; x_wconf 62' lang='grc'><strong>1111110,</strong></span> <span class='ocrx_word' id='word_1_560' title='bbox 1479 822 1517 848; x_wconf 88' lang='lat' dir='ltr'>ut</span> <span class='ocrx_word' id='word_1_561' title='bbox 1547 810 1678 848; x_wconf 87' lang='lat' dir='ltr'>scribit</span> <span class='ocrx_word' id='word_1_562' title='bbox 1709 811 1828 849; x_wconf 88' lang='lat' dir='ltr'>Henr.</span> <span class='ocrx_word' id='word_1_563' title='bbox 1851 810 2052 859; x_wconf 84' lang='lat' dir='ltr'>Valesius,</span> <span class='ocrx_word' id='word_1_564' title='bbox 2083 824 2126 847; x_wconf 90' lang='lat' dir='ltr'>eo</span> <span class='ocrx_word' id='word_1_565' title='bbox 2154 813 2309 863; x_wconf 83' lang='lat' dir='ltr'>gravius</span> <span class='ocrx_word' id='word_1_566' title='bbox 2338 817 2442 854; x_wconf 87' lang='lat' dir='ltr'>vide-</span> 
     </span>
     <span class='ocr_line' id='line_1_80' title="bbox 1320 863 2442 919; baseline 0.005 -17"><span class='ocrx_word' id='word_1_567' title='bbox 1320 864 1460 912; x_wconf 83' lang='lat' dir='ltr'>batur,</span> <span class='ocrx_word' id='word_1_568' title='bbox 1502 866 1595 917; x_wconf 86' lang='lat' dir='ltr'>quia</span> <span class='ocrx_word' id='word_1_569' title='bbox 1624 865 1773 902; x_wconf 85' lang='lat' dir='ltr'>sanitati</span> <span class='ocrx_word' id='word_1_570' title='bbox 1804 865 1992 902; x_wconf 86' lang='lat' dir='ltr'>restitutus</span> <span class='ocrx_word' id='word_1_571' title='bbox 2033 863 2217 902; x_wconf 87' lang='lat' dir='ltr'>solemnes</span> <span class='ocrx_word' id='word_1_572' title='bbox 2259 865 2442 919; x_wconf 81' lang='lat' dir='ltr'>baptismi</span> 
     </span>
     <span class='ocr_line' id='line_1_81' title="bbox 1321 917 2442 971; baseline 0.004 -16"><span class='ocrx_word' id='word_1_573' title='bbox 1321 921 1570 956; x_wconf 75' lang='lat' dir='ltr'>caeremonias</span> <span class='ocrx_word' id='word_1_574' title='bbox 1600 919 1771 971; x_wconf 86' lang='lat' dir='ltr'>recipere</span> <span class='ocrx_word' id='word_1_575' title='bbox 1799 917 1992 969; x_wconf 79' lang='lat' dir='ltr'>neglexit,</span> <span class='ocrx_word' id='word_1_576' title='bbox 2022 918 2055 953; x_wconf 72' lang='grc'>8(</span> <span class='ocrx_word' id='word_1_577' title='bbox 2085 927 2214 970; x_wconf 85' lang='lat' dir='ltr'>postea</span> <span class='ocrx_word' id='word_1_578' title='bbox 2243 918 2281 956; x_wconf 87' lang='lat' dir='ltr'>in</span> <span class='ocrx_word' id='word_1_579' title='bbox 2301 924 2442 971; x_wconf 80' lang='lat' dir='ltr'>gravis-</span> 
     </span>
     <span class='ocr_line' id='line_1_82' title="bbox 1320 970 2441 1024; baseline 0.004 -15"><span class='ocrx_word' id='word_1_580' title='bbox 1320 974 1461 1010; x_wconf 88' lang='lat' dir='ltr'>simum</span> <span class='ocrx_word' id='word_1_581' title='bbox 1510 972 1722 1009; x_wconf 80' lang='lat' dir='ltr'>schismatis</span> <span class='ocrx_word' id='word_1_582' title='bbox 1764 973 1913 1010; x_wconf 88' lang='lat' dir='ltr'>crimen</span> <span class='ocrx_word' id='word_1_583' title='bbox 1960 970 2160 1024; x_wconf 86' lang='lat' dir='ltr'>prolapsus</span> <span class='ocrx_word' id='word_1_584' title='bbox 2205 982 2255 1010; x_wconf 85' lang='lat' dir='ltr'>est</span> <span class='ocrx_word' id='word_1_585' title='bbox 2277 999 2287 1010; x_wconf 85' lang='grc'><strong>.</strong></span> <span class='ocrx_word' id='word_1_586' title='bbox 2335 975 2441 1013; x_wconf 84' lang='lat' dir='ltr'>Cete-</span> 
     </span>
     <span class='ocr_line' id='line_1_83' title="bbox 1320 1024 2443 1077; baseline 0.004 -14"><span class='ocrx_word' id='word_1_587' title='bbox 1320 1038 1407 1063; x_wconf 85' lang='lat' dir='ltr'>rum</span> <span class='ocrx_word' id='word_1_588' title='bbox 1441 1024 1681 1063; x_wconf 65' lang='lat' dir='ltr'>clinicorum</span> <span class='ocrx_word' id='word_1_589' title='bbox 1718 1025 1953 1077; x_wconf 88' lang='lat' dir='ltr'>baptismum</span> <span class='ocrx_word' id='word_1_590' title='bbox 1998 1026 2111 1063; x_wconf 81' lang='lat' dir='ltr'>fuisse</span> <span class='ocrx_word' id='word_1_591' title='bbox 2141 1025 2313 1064; x_wconf 87' lang='lat' dir='ltr'>validum</span> <span class='ocrx_word' id='word_1_592' title='bbox 2344 1043 2443 1068; x_wconf 83' lang='lat' dir='ltr'>nun·</span> 
     </span>
     <span class='ocr_line' id='line_1_84' title="bbox 1318 1079 2442 1135; baseline 0.004 -19"><span class='ocrx_word' id='word_1_593' title='bbox 1318 1093 1435 1131; x_wconf 83' lang='lat' dir='ltr'>quam</span> <span class='ocrx_word' id='word_1_594' title='bbox 1465 1080 1684 1118; x_wconf 85' lang='lat' dir='ltr'>dubitatum</span> <span class='ocrx_word' id='word_1_595' title='bbox 1715 1088 1766 1116; x_wconf 55' lang='lat' dir='ltr'>est</span> <span class='ocrx_word' id='word_1_596' title='bbox 1787 1109 1798 1127; x_wconf 80' lang='lat'>,</span> <span class='ocrx_word' id='word_1_597' title='bbox 1847 1088 1884 1116; x_wconf 90' lang='lat' dir='ltr'>ut</span> <span class='ocrx_word' id='word_1_598' title='bbox 1914 1079 2034 1117; x_wconf 89' lang='lat' dir='ltr'>videri</span> <span class='ocrx_word' id='word_1_599' title='bbox 2078 1087 2193 1131; x_wconf 83' lang='lat' dir='ltr'>potest</span> <span class='ocrx_word' id='word_1_600' title='bbox 2235 1081 2335 1131; x_wconf 86' lang='lat' dir='ltr'>apud</span> <span class='ocrx_word' id='word_1_601' title='bbox 2365 1083 2442 1135; x_wconf 83' lang='lat' dir='ltr'>Cy-</span> 
     </span>
     <span class='ocr_line' id='line_1_85' title="bbox 1319 1132 2442 1185; baseline 0.004 -16"><span class='ocrx_word' id='word_1_602' title='bbox 1319 1135 1500 1185; x_wconf 85' lang='lat' dir='ltr'>prianum</span> <span class='ocrx_word' id='word_1_603' title='bbox 1531 1135 1640 1184; x_wconf 87' lang='lat' dir='ltr'>epist.</span> <span class='ocrx_word' id='word_1_604' title='bbox 1662 1132 1877 1178; x_wconf 75' lang='lat' dir='ltr'>LXXV1.·;</span> <span class='ocrx_word' id='word_1_605' title='bbox 1920 1147 1986 1170; x_wconf 87' lang='lat' dir='ltr'>nec</span> <span class='ocrx_word' id='word_1_606' title='bbox 2017 1133 2055 1170; x_wconf 89' lang='lat' dir='ltr'>in</span> <span class='ocrx_word' id='word_1_607' title='bbox 2094 1133 2216 1170; x_wconf 85' lang='lat' dir='ltr'>citatis</span> <span class='ocrx_word' id='word_1_608' title='bbox 2244 1134 2292 1171; x_wconf 82' lang='lat' dir='ltr'>ab</span> <span class='ocrx_word' id='word_1_609' title='bbox 2322 1135 2442 1174; x_wconf 78' lang='lat' dir='ltr'>Euse-</span> 
     </span>
     <span class='ocr_line' id='line_1_86' title="bbox 1317 1186 2443 1238; baseline 0.004 -14"><span class='ocrx_word' id='word_1_610' title='bbox 1317 1187 1383 1225; x_wconf 89' lang='lat' dir='ltr'>bio</span> <span class='ocrx_word' id='word_1_611' title='bbox 1412 1187 1453 1225; x_wconf 89' lang='lat' dir='ltr'>S.</span> <span class='ocrx_word' id='word_1_612' title='bbox 1481 1187 1648 1225; x_wconf 85' lang='lat' dir='ltr'>Cornelii</span> <span class='ocrx_word' id='word_1_613' title='bbox 1691 1186 1825 1224; x_wconf 84' lang='lat' dir='ltr'>litteris</span> <span class='ocrx_word' id='word_1_614' title='bbox 1853 1186 2003 1238; x_wconf 77' lang='lat' dir='ltr'>aliquid</span> <span class='ocrx_word' id='word_1_615' title='bbox 2045 1186 2218 1226; x_wconf 87' lang='lat' dir='ltr'>innuitur</span> <span class='ocrx_word' id='word_1_616' title='bbox 2260 1188 2306 1225; x_wconf 90' lang='lat' dir='ltr'>de</span> <span class='ocrx_word' id='word_1_617' title='bbox 2335 1202 2443 1228; x_wconf 84' lang='lat' dir='ltr'>reno·</span> 
     </span>
     <span class='ocr_line' id='line_1_87' title="bbox 1318 1240 1854 1291; baseline 0 -13"><span class='ocrx_word' id='word_1_618' title='bbox 1318 1242 1442 1279; x_wconf 81' lang='lat' dir='ltr'>vando</span> <span class='ocrx_word' id='word_1_619' title='bbox 1470 1240 1606 1278; x_wconf 80' lang='lat' dir='ltr'>Novati</span> <span class='ocrx_word' id='word_1_620' title='bbox 1636 1240 1828 1291; x_wconf 87' lang='lat' dir='ltr'>baptismo</span> <span class='ocrx_word' id='word_1_621' title='bbox 1845 1267 1854 1278; x_wconf 90' lang='lat'>.</span> 
     </span>
    </p>

    <p class='ocr_par' dir='ltr' id='par_1_11' title="bbox 1311 1293 2444 2095">
     <span class='ocr_line' id='line_1_88' title="bbox 1375 1293 2441 1348; baseline 0.003 -17"><span class='ocrx_word' id='word_1_622' title='bbox 1375 1295 1462 1331; x_wconf 83' lang='lat'>501.</span> <span class='ocrx_word' id='word_1_623' title='bbox 1492 1294 1568 1332; x_wconf 83' lang='lat' dir='ltr'>Ob.</span> <span class='ocrx_word' id='word_1_624' title='bbox 1598 1303 1767 1345; x_wconf 79' lang='lat' dir='ltr'>quarto.</span> <span class='ocrx_word' id='word_1_625' title='bbox 1811 1294 1851 1332; x_wconf 87' lang='lat' dir='ltr'>S.</span> <span class='ocrx_word' id='word_1_626' title='bbox 1882 1293 2116 1345; x_wconf 82' lang='lat' dir='ltr'>Augustinus</span> <span class='ocrx_word' id='word_1_627' title='bbox 2158 1295 2268 1348; x_wconf 83' lang='lat' dir='ltr'>epist.</span> <span class='ocrx_word' id='word_1_628' title='bbox 2304 1295 2405 1335; x_wconf 87' lang='lat' dir='ltr'>LIV.</span> <span class='ocrx_word' id='word_1_629' title='bbox 2429 1328 2441 1348; x_wconf 88' lang='lat'>,</span> 
     </span>
     <span class='ocr_line' id='line_1_89' title="bbox 1317 1347 2442 1400; baseline 0.004 -15"><span class='ocrx_word' id='word_1_630' title='bbox 1317 1361 1380 1385; x_wconf 80' lang='lat' dir='ltr'>seu</span> <span class='ocrx_word' id='word_1_631' title='bbox 1413 1347 1531 1385; x_wconf 88' lang='lat' dir='ltr'>Libro</span> <span class='ocrx_word' id='word_1_632' title='bbox 1551 1349 1581 1385; x_wconf 88' lang='lat' dir='ltr'>I.</span> <span class='ocrx_word' id='word_1_633' title='bbox 1611 1348 1657 1385; x_wconf 87' lang='lat' dir='ltr'>ad</span> <span class='ocrx_word' id='word_1_634' title='bbox 1688 1351 1956 1399; x_wconf 77' lang='lat' dir='ltr'>inquisitiones</span> <span class='ocrx_word' id='word_1_635' title='bbox 1985 1347 2171 1385; x_wconf 74' lang='lat' dir='ltr'>Januarz&#39;z·</span> <span class='ocrx_word' id='word_1_636' title='bbox 2201 1358 2286 1400; x_wconf 81' lang='lat' dir='ltr'>cap.</span> <span class='ocrx_word' id='word_1_637' title='bbox 2322 1364 2353 1388; x_wconf 87' lang='lat'>1.</span> <span class='ocrx_word' id='word_1_638' title='bbox 2384 1351 2442 1389; x_wconf 86' lang='lat' dir='ltr'>di-</span> 
     </span>
     <span class='ocr_line' id='line_1_90' title="bbox 1317 1400 2442 1452; baseline 0.003 -14"><span class='ocrx_word' id='word_1_639' title='bbox 1317 1402 1395 1448; x_wconf 90' lang='lat' dir='ltr'>cit,</span> <span class='ocrx_word' id='word_1_640' title='bbox 1426 1400 1637 1439; x_wconf 88' lang='lat' dir='ltr'>Dominum</span> <span class='ocrx_word' id='word_1_641' title='bbox 1668 1411 1837 1439; x_wconf 86' lang='lat' dir='ltr'>nostrum</span> <span class='ocrx_word' id='word_1_642' title='bbox 1858 1402 1987 1439; x_wconf 86' lang='lat' dir='ltr'>Jesum</span> <span class='ocrx_word' id='word_1_643' title='bbox 2017 1401 2212 1440; x_wconf 82' lang='lat' dir='ltr'>Christum</span> <span class='ocrx_word' id='word_1_644' title='bbox 2232 1432 2242 1450; x_wconf 89' lang='lat'>,</span> <span class='ocrx_word' id='word_1_645' title='bbox 2273 1403 2353 1440; x_wconf 80' lang='lat' dir='ltr'>leni</span> <span class='ocrx_word' id='word_1_646' title='bbox 2382 1406 2442 1452; x_wconf 82' lang='lat' dir='ltr'>ju-</span> 
     </span>
     <span class='ocr_line' id='line_1_91' title="bbox 1315 1452 2444 1506; baseline 0.004 -15"><span class='ocrx_word' id='word_1_647' title='bbox 1315 1467 1366 1506; x_wconf 79' lang='lat' dir='ltr'>go</span> <span class='ocrx_word' id='word_1_648' title='bbox 1395 1467 1464 1491; x_wconf 90' lang='lat' dir='ltr'>suo</span> <span class='ocrx_word' id='word_1_649' title='bbox 1485 1468 1556 1492; x_wconf 80' lang='lat' dir='ltr'>nos</span> <span class='ocrx_word' id='word_1_650' title='bbox 1576 1454 1792 1493; x_wconf 71' lang='lat' dir='ltr'>subdidisse</span> <span class='ocrx_word' id='word_1_651' title='bbox 1809 1485 1819 1503; x_wconf 92' lang='lat'>,</span> <span class='ocrx_word' id='word_1_652' title='bbox 1849 1455 1898 1495; x_wconf 56' lang='grc' dir='ltr'>ἐφ’</span> <span class='ocrx_word' id='word_1_653' title='bbox 1917 1458 2094 1492; x_wconf 72' lang='lat' dir='ltr'>sarcinae</span> <span class='ocrx_word' id='word_1_654' title='bbox 2115 1455 2184 1492; x_wconf 69' lang='lat' dir='ltr'>leri</span> <span class='ocrx_word' id='word_1_655' title='bbox 2204 1468 2212 1491; x_wconf 92' lang='lat'>:</span> <span class='ocrx_word' id='word_1_656' title='bbox 2241 1455 2345 1494; x_wconf 76' lang='lat' dir='ltr'>uude</span> <span class='ocrx_word' id='word_1_657' title='bbox 2366 1452 2444 1494; x_wconf 58' lang='lat' dir='ltr'>Sao</span> 
     </span>
     <span class='ocr_line' id='line_1_92' title="bbox 1316 1506 2442 1562; baseline 0.004 -18"><span class='ocrx_word' id='word_1_658' title='bbox 1316 1510 1543 1546; x_wconf 65' lang='lat' dir='ltr'>oramentis*</span> <span class='ocrx_word' id='word_1_659' title='bbox 1568 1522 1736 1546; x_wconf 82' lang='lat' dir='ltr'>numero</span> <span class='ocrx_word' id='word_1_660' title='bbox 1763 1512 2018 1558; x_wconf 79' lang='lat' dir='ltr'>paucissimis</span> <span class='ocrx_word' id='word_1_661' title='bbox 2036 1539 2046 1557; x_wconf 85' lang='lat'>,</span> <span class='ocrx_word' id='word_1_662' title='bbox 2075 1506 2348 1547; x_wconf 64' lang='lat' dir='ltr'>observatione</span> <span class='ocrx_word' id='word_1_663' title='bbox 2363 1509 2442 1562; x_wconf 75' lang='lat' dir='ltr'>fii-</span> 
     </span>
     <span class='ocr_line' id='line_1_93' title="bbox 1314 1561 2441 1614; baseline 0.005 -17"><span class='ocrx_word' id='word_1_664' title='bbox 1314 1561 1470 1598; x_wconf 84' lang='lat' dir='ltr'>cillimis</span> <span class='ocrx_word' id='word_1_665' title='bbox 1488 1592 1498 1609; x_wconf 84' lang='lat'>‚</span> <span class='ocrx_word' id='word_1_666' title='bbox 1528 1561 1823 1614; x_wconf 67' lang='lat' dir='ltr'>significatione</span> <span class='ocrx_word' id='word_1_667' title='bbox 1843 1565 2188 1614; x_wconf 67' lang='lat' dir='ltr'>praestantissimis</span> <span class='ocrx_word' id='word_1_668' title='bbox 2207 1567 2441 1603; x_wconf 77' lang='lat' dir='ltr'>societatem</span> 
     </span>
     <span class='ocr_line' id='line_1_94' title="bbox 1313 1616 2440 1668; baseline 0.005 -17"><span class='ocrx_word' id='word_1_669' title='bbox 1313 1619 1400 1652; x_wconf 65' lang='lat' dir='ltr'>nori</span> <span class='ocrx_word' id='word_1_670' title='bbox 1429 1616 1558 1665; x_wconf 82' lang='lat' dir='ltr'>populi</span> <span class='ocrx_word' id='word_1_671' title='bbox 1586 1617 1810 1668; x_wconf 64' lang='lat' dir='ltr'>colligavit.</span> <span class='ocrx_word' id='word_1_672' title='bbox 1841 1617 2000 1667; x_wconf 86' lang='lat' dir='ltr'>Insuper</span> <span class='ocrx_word' id='word_1_673' title='bbox 2030 1618 2068 1653; x_wconf 91' lang='lat' dir='ltr'>in</span> <span class='ocrx_word' id='word_1_674' title='bbox 2100 1618 2209 1668; x_wconf 83' lang='lat' dir='ltr'>epist.</span> <span class='ocrx_word' id='word_1_675' title='bbox 2230 1616 2314 1654; x_wconf 87' lang='lat' dir='ltr'>LV.</span> <span class='ocrx_word' id='word_1_676' title='bbox 2333 1647 2343 1664; x_wconf 92' lang='lat'>,</span> <span class='ocrx_word' id='word_1_677' title='bbox 2373 1632 2440 1657; x_wconf 86' lang='lat' dir='ltr'>seu</span> 
     </span>
     <span class='ocr_line' id='line_1_95' title="bbox 1312 1668 2439 1721; baseline 0.002 -14"><span class='ocrx_word' id='word_1_678' title='bbox 1312 1668 1432 1707; x_wconf 81' lang='lat' dir='ltr'>Libro</span> <span class='ocrx_word' id='word_1_679' title='bbox 1451 1670 1499 1706; x_wconf 92' lang='lat' dir='ltr'>II.</span> <span class='ocrx_word' id='word_1_680' title='bbox 1516 1683 1600 1719; x_wconf 81' lang='lat' dir='ltr'>cap.</span> <span class='ocrx_word' id='word_1_681' title='bbox 1629 1682 1688 1721; x_wconf 80' lang='lat'>¹9·</span> <span class='ocrx_word' id='word_1_682' title='bbox 1717 1670 1763 1706; x_wconf 85' lang='lat' dir='ltr'>de</span> <span class='ocrx_word' id='word_1_683' title='bbox 1784 1670 2026 1708; x_wconf 75' lang='lat' dir='ltr'>caeremoniis</span> <span class='ocrx_word' id='word_1_684' title='bbox 2055 1668 2239 1720; x_wconf 82' lang='lat' dir='ltr'>loquens:</span> <span class='ocrx_word' id='word_1_685' title='bbox 2270 1669 2408 1720; x_wconf 76' lang='lat' dir='ltr'>Ipsam</span> <span class='ocrx_word' id='word_1_686' title='bbox 2427 1702 2439 1721; x_wconf 93' lang='lat'>,</span> 
     </span>
     <span class='ocr_line' id='line_1_96' title="bbox 1311 1723 2437 1775; baseline 0.001 -16"><span class='ocrx_word' id='word_1_687' title='bbox 1311 1723 1457 1773; x_wconf 83' lang='lat' dir='ltr'>iuquit,</span> <span class='ocrx_word' id='word_1_688' title='bbox 1501 1723 1760 1775; x_wconf 74' lang='lat' dir='ltr'>religionem,</span> <span class='ocrx_word' id='word_1_689' title='bbox 1803 1736 1925 1773; x_wconf 75' lang='lat' dir='ltr'>quam</span> <span class='ocrx_word' id='word_1_690' title='bbox 1954 1725 2229 1774; x_wconf 77' lang='lat' dir='ltr'>paucissimis,</span> <span class='ocrx_word' id='word_1_691' title='bbox 2267 1725 2316 1763; x_wconf 62' lang='grc' dir='ltr'>(θ’</span> <span class='ocrx_word' id='word_1_692' title='bbox 2346 1738 2437 1763; x_wconf 85' lang='lat' dir='ltr'>ma-</span> 
     </span>
     <span class='ocr_line' id='line_1_97' title="bbox 1311 1775 2441 1826; baseline 0.003 -14"><span class='ocrx_word' id='word_1_693' title='bbox 1311 1775 1583 1826; x_wconf 72' lang='lat' dir='ltr'>nifestissimis</span> <span class='ocrx_word' id='word_1_694' title='bbox 1626 1775 1936 1814; x_wconf 76' lang='lat' dir='ltr'>celebrationum</span> <span class='ocrx_word' id='word_1_695' title='bbox 1966 1775 2249 1813; x_wconf 76' lang='lat' dir='ltr'>Sacramentis</span> <span class='ocrx_word' id='word_1_696' title='bbox 2286 1781 2441 1815; x_wconf 84' lang='lat' dir='ltr'>miseri-</span> 
     </span>
     <span class='ocr_line' id='line_1_98' title="bbox 1312 1827 2439 1877; baseline 0.002 -10"><span class='ocrx_word' id='word_1_697' title='bbox 1312 1829 1449 1867; x_wconf 74' lang='lat' dir='ltr'>cordia</span> <span class='ocrx_word' id='word_1_698' title='bbox 1478 1829 1557 1867; x_wconf 81' lang='lat' dir='ltr'>Dei</span> <span class='ocrx_word' id='word_1_699' title='bbox 1587 1843 1673 1868; x_wconf 83' lang='lat' dir='ltr'>esse</span> <span class='ocrx_word' id='word_1_700' title='bbox 1700 1829 1867 1867; x_wconf 73' lang='lat' dir='ltr'>liberam</span> <span class='ocrx_word' id='word_1_701' title='bbox 1897 1829 2034 1877; x_wconf 61' lang='lat' dir='ltr'>voluit,</span> <span class='ocrx_word' id='word_1_702' title='bbox 2082 1827 2281 1866; x_wconf 61' lang='lat' dir='ltr'>servilibus</span> <span class='ocrx_word' id='word_1_703' title='bbox 2308 1835 2439 1869; x_wconf 83' lang='lat' dir='ltr'>oneri-</span> 
     </span>
     <span class='ocr_line' id='line_1_99' title="bbox 1313 1881 2439 1933; baseline 0.004 -14"><span class='ocrx_word' id='word_1_704' title='bbox 1313 1881 1381 1919; x_wconf 83' lang='lat' dir='ltr'>bus</span> <span class='ocrx_word' id='word_1_705' title='bbox 1409 1893 1622 1933; x_wconf 65' lang='lat' dir='ltr'>premunt,</span> <span class='ocrx_word' id='word_1_706' title='bbox 1666 1893 1706 1920; x_wconf 84' lang='lat' dir='ltr'>ut</span> <span class='ocrx_word' id='word_1_707' title='bbox 1737 1882 1973 1922; x_wconf 69' lang='lat' dir='ltr'>tolerabilior</span> <span class='ocrx_word' id='word_1_708' title='bbox 2002 1887 2051 1919; x_wconf 77' lang='lat' dir='ltr'>sit</span> <span class='ocrx_word' id='word_1_709' title='bbox 2080 1882 2252 1920; x_wconf 71' lang='lat' dir='ltr'>conditio</span> <span class='ocrx_word' id='word_1_710' title='bbox 2281 1883 2439 1923; x_wconf 68' lang='lat' dir='ltr'>Jadoeo-</span> 
     </span>
     <span class='ocr_line' id='line_1_100' title="bbox 1315 1934 2440 1988; baseline 0.004 -16"><span class='ocrx_word' id='word_1_711' title='bbox 1315 1947 1432 1984; x_wconf 83' lang='lat' dir='ltr'>rum,</span> <span class='ocrx_word' id='word_1_712' title='bbox 1463 1940 1527 1987; x_wconf 81' lang='lat' dir='ltr'>qui</span> <span class='ocrx_word' id='word_1_713' title='bbox 1557 1940 1719 1974; x_wconf 79' lang='lat' dir='ltr'>etiamsi</span> <span class='ocrx_word' id='word_1_714' title='bbox 1748 1946 1903 1988; x_wconf 81' lang='lat' dir='ltr'>tempus</span> <span class='ocrx_word' id='word_1_715' title='bbox 1932 1934 2124 1974; x_wconf 80' lang='lat' dir='ltr'>libertatis</span> <span class='ocrx_word' id='word_1_716' title='bbox 2156 1949 2237 1973; x_wconf 84' lang='lat' dir='ltr'>non</span> <span class='ocrx_word' id='word_1_717' title='bbox 2266 1950 2440 1988; x_wconf 68' lang='lat' dir='ltr'>agnove-</span> 
     </span>
     <span class='ocr_line' id='line_1_101' title="bbox 1314 1988 2440 2040; baseline 0.006 -16"><span class='ocrx_word' id='word_1_718' title='bbox 1314 1999 1407 2025; x_wconf 79' lang='lat' dir='ltr'>runt</span> <span class='ocrx_word' id='word_1_719' title='bbox 1424 2019 1434 2036; x_wconf 77' lang='lat'>,</span> <span class='ocrx_word' id='word_1_720' title='bbox 1478 1988 1668 2040; x_wconf 70' lang='lat' dir='ltr'>legalibus</span> <span class='ocrx_word' id='word_1_721' title='bbox 1697 1999 1838 2027; x_wconf 77' lang='lat' dir='ltr'>tamen</span> <span class='ocrx_word' id='word_1_722' title='bbox 1880 1992 2052 2027; x_wconf 74' lang='lat' dir='ltr'>sarcinis</span> <span class='ocrx_word' id='word_1_723' title='bbox 2068 2019 2081 2038; x_wconf 89' lang='lat'>‚</span> <span class='ocrx_word' id='word_1_724' title='bbox 2106 2002 2208 2028; x_wconf 77' lang='grc' dir='ltr'><strong>,11οη</strong></span> <span class='ocrx_word' id='word_1_725' title='bbox 2250 1988 2440 2032; x_wconf 77' lang='lat' dir='ltr'>liumanis</span> 
     </span>
     <span class='ocr_line' id='line_1_102' title="bbox 1314 2041 1993 2095; baseline 0.003 -15"><span class='ocrx_word' id='word_1_726' title='bbox 1314 2041 1681 2095; x_wconf 67' lang='lat' dir='ltr'>prmumptionibus</span> <span class='ocrx_word' id='word_1_727' title='bbox 1710 2041 1968 2095; x_wconf 81' lang='lat' dir='ltr'>subjiciuntur</span> <span class='ocrx_word' id='word_1_728' title='bbox 1983 2067 1993 2082; x_wconf 64' lang='grc' dir='ltr'>ι</span> 
     </span>
    </p>

    <p class='ocr_par' dir='ltr' id='par_1_12' title="bbox 2291 2099 2383 2138">
     <span class='ocr_line' id='line_1_103' title="bbox 2291 2099 2383 2138; baseline 0.022 -2"><span class='ocrx_word' id='word_1_729' title='bbox 2291 2099 2383 2138; x_wconf 83' lang='lat'>502.</span> 
     </span>
    </p>
   </div>
   <div class='ocr_carea' id='block_1_8' title="bbox 1304 2224 2439 3390">
    <p class='ocr_par' dir='ltr' id='par_1_13' title="bbox 1304 2224 2439 3390">
     <span class='ocr_line' id='line_1_104' title="bbox 1312 2224 2438 2272; baseline 0 -11"><span class='ocrx_word' id='word_1_730' title='bbox 1312 2230 1351 2261; x_wconf 68' lang='lat' dir='ltr'>v·</span> <span class='ocrx_word' id='word_1_731' title='bbox 1379 2230 1599 2261; x_wconf 73' lang='lat' dir='ltr'>animositate</span> <span class='ocrx_word' id='word_1_732' title='bbox 1632 2225 1850 2270; x_wconf 78' lang='lat' dir='ltr'>impugnavit</span> <span class='ocrx_word' id='word_1_733' title='bbox 1873 2225 1926 2259; x_wconf 87' lang='lat' dir='ltr'>Jo.</span> <span class='ocrx_word' id='word_1_734' title='bbox 1952 2224 2122 2270; x_wconf 81' lang='lat' dir='ltr'>Josephus</span> <span class='ocrx_word' id='word_1_735' title='bbox 2150 2225 2306 2269; x_wconf 83' lang='lat' dir='ltr'>Languet</span> <span class='ocrx_word' id='word_1_736' title='bbox 2333 2227 2438 2272; x_wconf 83' lang='lat' dir='ltr'>Epis-</span> 
     </span>
     <span class='ocr_line' id='line_1_105' title="bbox 1313 2272 2436 2319; baseline -0.001 -11"><span class='ocrx_word' id='word_1_737' title='bbox 1313 2287 1420 2319; x_wconf 87' lang='lat' dir='ltr'>copus</span> <span class='ocrx_word' id='word_1_738' title='bbox 1447 2273 1705 2307; x_wconf 80' lang='lat' dir='ltr'>Svessionensis</span> <span class='ocrx_word' id='word_1_739' title='bbox 1732 2274 1766 2305; x_wconf 89' lang='lat' dir='ltr'>in</span> <span class='ocrx_word' id='word_1_740' title='bbox 1792 2274 1951 2317; x_wconf 81' lang='lat' dir='ltr'>opusculo</span> <span class='ocrx_word' id='word_1_741' title='bbox 1977 2272 2032 2305; x_wconf 87' lang='lat' dir='ltr'>De</span> <span class='ocrx_word' id='word_1_742' title='bbox 2060 2285 2135 2306; x_wconf 73' lang='lat' dir='ltr'>uero</span> <span class='ocrx_word' id='word_1_743' title='bbox 2163 2273 2331 2305; x_wconf 73' lang='lat' dir='ltr'>Ecclesiae</span> <span class='ocrx_word' id='word_1_744' title='bbox 2358 2288 2436 2307; x_wconf 82' lang='lat' dir='ltr'>sen·-</span> 
     </span>
     <span class='ocr_line' id='line_1_106' title="bbox 1313 2318 2438 2363; baseline -0.002 -9"><span class='ocrx_word' id='word_1_745' title='bbox 1313 2335 1350 2354; x_wconf 83' lang='lat' dir='ltr'>su</span> <span class='ocrx_word' id='word_1_746' title='bbox 1377 2325 1474 2354; x_wconf 79' lang='lat' dir='ltr'>circa</span> <span class='ocrx_word' id='word_1_747' title='bbox 1501 2333 1590 2354; x_wconf 77' lang='lat' dir='ltr'>scicr-</span> <span class='ocrx_word' id='word_1_748' title='bbox 1617 2324 1888 2358; x_wconf 74' lang='lat' dir='ltr'>caeremoniarum</span> <span class='ocrx_word' id='word_1_749' title='bbox 1914 2333 2030 2359; x_wconf 79' lang='lat' dir='ltr'>usam,</span> <span class='ocrx_word' id='word_1_750' title='bbox 2066 2318 2157 2363; x_wconf 83' lang='lat' dir='ltr'>quod</span> <span class='ocrx_word' id='word_1_751' title='bbox 2183 2331 2249 2351; x_wconf 87' lang='lat' dir='ltr'>una</span> <span class='ocrx_word' id='word_1_752' title='bbox 2277 2332 2355 2352; x_wconf 88' lang='lat' dir='ltr'>cum</span> <span class='ocrx_word' id='word_1_753' title='bbox 2384 2321 2438 2352; x_wconf 80' lang='lat' dir='ltr'>E-</span> 
     </span>
     <span class='ocr_line' id='line_1_107' title="bbox 1311 2365 2434 2412; baseline 0 -12"><span class='ocrx_word' id='word_1_754' title='bbox 1311 2373 1396 2412; x_wconf 81' lang='lat' dir='ltr'>pist.</span> <span class='ocrx_word' id='word_1_755' title='bbox 1422 2368 1593 2402; x_wconf 76' lang='lat' dir='ltr'>Pastorali</span> <span class='ocrx_word' id='word_1_756' title='bbox 1620 2368 1653 2399; x_wconf 89' lang='lat' dir='ltr'>in</span> <span class='ocrx_word' id='word_1_757' title='bbox 1682 2367 1794 2399; x_wconf 90' lang='lat' dir='ltr'>lucem</span> <span class='ocrx_word' id='word_1_758' title='bbox 1821 2366 1938 2399; x_wconf 85' lang='lat' dir='ltr'>emisit</span> <span class='ocrx_word' id='word_1_759' title='bbox 1966 2378 2056 2399; x_wconf 81' lang='lat' dir='ltr'>anno</span> <span class='ocrx_word' id='word_1_760' title='bbox 2080 2377 2179 2410; x_wconf 85' lang='lat'>1720.</span> <span class='ocrx_word' id='word_1_761' title='bbox 2197 2387 2208 2406; x_wconf 88' lang='lat'>,</span> <span class='ocrx_word' id='word_1_762' title='bbox 2233 2365 2292 2399; x_wconf 89' lang='lat' dir='ltr'>ubi</span> <span class='ocrx_word' id='word_1_763' title='bbox 2321 2375 2434 2400; x_wconf 85' lang='lat' dir='ltr'>totum</span> 
     </span>
     <span class='ocr_line' id='line_1_108' title="bbox 1315 2410 2433 2460; baseline -0.002 -12"><span class='ocrx_word' id='word_1_764' title='bbox 1315 2415 1429 2448; x_wconf 87' lang='lat' dir='ltr'>Vertii</span> <span class='ocrx_word' id='word_1_765' title='bbox 1450 2423 1604 2460; x_wconf 68' lang='lat' dir='ltr'>systema</span> <span class='ocrx_word' id='word_1_766' title='bbox 1624 2413 1795 2446; x_wconf 81' lang='lat' dir='ltr'>acerrimo</span> <span class='ocrx_word' id='word_1_767' title='bbox 1813 2414 1907 2457; x_wconf 78' lang='lat' dir='ltr'>stylo</span> <span class='ocrx_word' id='word_1_768' title='bbox 1941 2413 2173 2457; x_wconf 80' lang='lat' dir='ltr'>perstringit,</span> <span class='ocrx_word' id='word_1_769' title='bbox 2199 2410 2433 2453; x_wconf 73' lang='lat' dir='ltr'>contendens,</span> 
     </span>
     <span class='ocr_line' id='line_1_109' title="bbox 1310 2459 2438 2504; baseline -0.004 -9"><span class='ocrx_word' id='word_1_770' title='bbox 1310 2461 1401 2495; x_wconf 82' lang='lat' dir='ltr'>hanc</span> <span class='ocrx_word' id='word_1_771' title='bbox 1427 2474 1500 2494; x_wconf 87' lang='lat' dir='ltr'>esse</span> <span class='ocrx_word' id='word_1_772' title='bbox 1527 2461 1703 2504; x_wconf 75' lang='lat' dir='ltr'>religionis</span> <span class='ocrx_word' id='word_1_773' title='bbox 1732 2469 1857 2493; x_wconf 59' lang='lat' dir='ltr'>nostrae</span> <span class='ocrx_word' id='word_1_774' title='bbox 1884 2467 2038 2492; x_wconf 85' lang='lat' dir='ltr'>mentem</span> <span class='ocrx_word' id='word_1_775' title='bbox 2055 2481 2066 2499; x_wconf 94' lang='lat'>,</span> <span class='ocrx_word' id='word_1_776' title='bbox 2086 2468 2119 2492; x_wconf 81' lang='lat' dir='ltr'>nt</span> <span class='ocrx_word' id='word_1_777' title='bbox 2144 2459 2269 2492; x_wconf 75' lang='lat' dir='ltr'>nullam</span> <span class='ocrx_word' id='word_1_778' title='bbox 2292 2472 2438 2502; x_wconf 72' lang='lat' dir='ltr'>prorsus</span> 
     </span>
     <span class='ocr_line' id='line_1_110' title="bbox 1312 2507 2435 2548; baseline -0.004 -6"><span class='ocrx_word' id='word_1_779' title='bbox 1312 2513 1570 2547; x_wconf 60' lang='lat' dir='ltr'>awemoniam,</span> <span class='ocrx_word' id='word_1_780' title='bbox 1605 2511 1676 2539; x_wconf 72' lang='lat' dir='ltr'>nisi</span> <span class='ocrx_word' id='word_1_781' title='bbox 1708 2508 1747 2539; x_wconf 79' lang='lat' dir='ltr'>ob</span> <span class='ocrx_word' id='word_1_782' title='bbox 1788 2511 1942 2540; x_wconf 76' lang='lat' dir='ltr'>raciones</span> <span class='ocrx_word' id='word_1_783' title='bbox 1967 2518 2010 2538; x_wconf 68' lang='lat' dir='ltr'>esc</span> <span class='ocrx_word' id='word_1_784' title='bbox 2046 2510 2180 2548; x_wconf 78' lang='lat' dir='ltr'>integro</span> <span class='ocrx_word' id='word_1_785' title='bbox 2222 2507 2435 2548; x_wconf 62' lang='lat' dir='ltr'>symbolicas</span> 
     </span>
     <span class='ocr_line' id='line_1_111' title="bbox 1310 2550 2433 2599; baseline -0.001 -13"><span class='ocrx_word' id='word_1_786' title='bbox 1310 2557 1469 2599; x_wconf 72' lang='lat' dir='ltr'>primitus</span> <span class='ocrx_word' id='word_1_787' title='bbox 1496 2557 1713 2587; x_wconf 76' lang='lat' dir='ltr'>instituerit.</span> <span class='ocrx_word' id='word_1_788' title='bbox 1742 2555 1834 2586; x_wconf 79' lang='lat' dir='ltr'>inter</span> <span class='ocrx_word' id='word_1_789' title='bbox 1860 2553 1919 2585; x_wconf 86' lang='lat' dir='ltr'>hos</span> <span class='ocrx_word' id='word_1_790' title='bbox 1945 2550 2029 2584; x_wconf 87' lang='lat' dir='ltr'>duos</span> <span class='ocrx_word' id='word_1_791' title='bbox 2056 2551 2233 2594; x_wconf 76' lang='lat' dir='ltr'>litigantes</span> <span class='ocrx_word' id='word_1_792' title='bbox 2258 2550 2433 2593; x_wconf 73' lang='lat' dir='ltr'>judiciuin</span> 
     </span>
     <span class='ocr_line' id='line_1_112' title="bbox 1311 2598 2439 2644; baseline -0.004 -9"><span class='ocrx_word' id='word_1_793' title='bbox 1311 2614 1412 2635; x_wconf 87' lang='lat' dir='ltr'>suum</span> <span class='ocrx_word' id='word_1_794' title='bbox 1450 2601 1659 2644; x_wconf 68' lang='lat' dir='ltr'>interposuit</span> <span class='ocrx_word' id='word_1_795' title='bbox 1697 2599 1920 2633; x_wconf 78' lang='lat' dir='ltr'>doctissimus</span> <span class='ocrx_word' id='word_1_796' title='bbox 1958 2598 2012 2629; x_wconf 88' lang='lat' dir='ltr'>vir</span> <span class='ocrx_word' id='word_1_797' title='bbox 2039 2598 2111 2630; x_wconf 81' lang='lat' dir='ltr'>Jos.</span> <span class='ocrx_word' id='word_1_798' title='bbox 2138 2598 2303 2641; x_wconf 78' lang='lat' dir='ltr'>Aloysuis</span> <span class='ocrx_word' id='word_1_799' title='bbox 2332 2599 2439 2630; x_wconf 80' lang='lat' dir='ltr'>Asse-</span> 
     </span>
     <span class='ocr_line' id='line_1_113' title="bbox 1310 2643 2434 2687; baseline -0.006 -6"><span class='ocrx_word' id='word_1_800' title='bbox 1310 2660 1435 2681; x_wconf 80' lang='lat' dir='ltr'>manus</span> <span class='ocrx_word' id='word_1_801' title='bbox 1464 2649 1496 2680; x_wconf 90' lang='lat' dir='ltr'>in</span> <span class='ocrx_word' id='word_1_802' title='bbox 1526 2647 1681 2680; x_wconf 76' lang='lat' dir='ltr'>Dissert.</span> <span class='ocrx_word' id='word_1_803' title='bbox 1709 2646 1765 2679; x_wconf 82' lang='lat' dir='ltr'>De</span> <span class='ocrx_word' id='word_1_804' title='bbox 1793 2650 1903 2681; x_wconf 79' lang='lat' dir='ltr'>sacris</span> <span class='ocrx_word' id='word_1_805' title='bbox 1932 2645 2055 2678; x_wconf 75' lang='lat' dir='ltr'>ritibus</span> <span class='ocrx_word' id='word_1_806' title='bbox 2082 2644 2201 2677; x_wconf 59' lang='lat' dir='ltr'>Romae</span> <span class='ocrx_word' id='word_1_807' title='bbox 2231 2643 2331 2687; x_wconf 71' lang='grc'><strong>1747.</strong></span> <span class='ocrx_word' id='word_1_808' title='bbox 2352 2666 2362 2684; x_wconf 86' lang='grc'>,</span> <span class='ocrx_word' id='word_1_809' title='bbox 2398 2645 2434 2677; x_wconf 85' lang='lat' dir='ltr'>in</span> 
     </span>
     <span class='ocr_line' id='line_1_114' title="bbox 1310 2689 2432 2739; baseline -0.004 -11"><span class='ocrx_word' id='word_1_810' title='bbox 1310 2707 1378 2739; x_wconf 80' lang='lat' dir='ltr'>qua</span> <span class='ocrx_word' id='word_1_811' title='bbox 1405 2703 1594 2738; x_wconf 84' lang='lat' dir='ltr'>utrumque</span> <span class='ocrx_word' id='word_1_812' title='bbox 1620 2694 1825 2738; x_wconf 83' lang='lat' dir='ltr'>scriptorem</span> <span class='ocrx_word' id='word_1_813' title='bbox 1853 2694 1888 2725; x_wconf 97' lang='grc'>111</span> <span class='ocrx_word' id='word_1_814' title='bbox 1925 2691 2075 2725; x_wconf 86' lang='lat' dir='ltr'>amicam</span> <span class='ocrx_word' id='word_1_815' title='bbox 2110 2689 2357 2730; x_wconf 82' lang='lat' dir='ltr'>concordiam,</span> <span class='ocrx_word' id='word_1_816' title='bbox 2401 2695 2432 2724; x_wconf 79' lang='lat' dir='ltr'>si</span> 
     </span>
     <span class='ocr_line' id='line_1_115' title="bbox 1304 2739 2434 2786; baseline -0.004 -12"><span class='ocrx_word' id='word_1_817' title='bbox 1304 2743 1395 2786; x_wconf 78' lang='lat' dir='ltr'>fieri</span> <span class='ocrx_word' id='word_1_818' title='bbox 1420 2751 1565 2784; x_wconf 72' lang='lat' dir='ltr'>posset,</span> <span class='ocrx_word' id='word_1_819' title='bbox 1602 2752 1725 2773; x_wconf 82' lang='lat' dir='ltr'>vocare</span> <span class='ocrx_word' id='word_1_820' title='bbox 1754 2748 1924 2778; x_wconf 83' lang='lat' dir='ltr'>conatur3</span> <span class='ocrx_word' id='word_1_821' title='bbox 1963 2739 2075 2782; x_wconf 77' lang='lat' dir='ltr'>reipsa</span> <span class='ocrx_word' id='word_1_822' title='bbox 2103 2746 2219 2770; x_wconf 87' lang='lat' dir='ltr'>tamen</span> <span class='ocrx_word' id='word_1_823' title='bbox 2244 2747 2434 2782; x_wconf 79' lang='lat' dir='ltr'>utrumque</span> 
     </span>
     <span class='ocr_line' id='line_1_116' title="bbox 1311 2783 2436 2829; baseline -0.004 -8"><span class='ocrx_word' id='word_1_824' title='bbox 1311 2786 1540 2827; x_wconf 81' lang='lat' dir='ltr'>condemnat,</span> <span class='ocrx_word' id='word_1_825' title='bbox 1575 2786 1634 2819; x_wconf 84' lang='lat' dir='ltr'>sed</span> <span class='ocrx_word' id='word_1_826' title='bbox 1668 2787 1813 2819; x_wconf 77' lang='lat' dir='ltr'>sortasse</span> <span class='ocrx_word' id='word_1_827' title='bbox 1849 2784 1960 2828; x_wconf 76' lang='lat' dir='ltr'>magis</span> <span class='ocrx_word' id='word_1_828' title='bbox 2001 2784 2302 2824; x_wconf 83' lang='lat' dir='ltr'>Svessionensem,</span> <span class='ocrx_word' id='word_1_829' title='bbox 2339 2783 2436 2829; x_wconf 83' lang='lat' dir='ltr'>quod</span> 
     </span>
     <span class='ocr_line' id='line_1_117' title="bbox 1311 2829 2435 2879; baseline -0.004 -13"><span class='ocrx_word' id='word_1_830' title='bbox 1311 2856 1337 2876; x_wconf 91' lang='lat'>„</span> <span class='ocrx_word' id='word_1_831' title='bbox 1364 2834 1500 2879; x_wconf 76' lang='lat' dir='ltr'>pietatis</span> <span class='ocrx_word' id='word_1_832' title='bbox 1521 2855 1531 2873; x_wconf 86' lang='lat'>‚</span> <span class='ocrx_word' id='word_1_833' title='bbox 1557 2845 1633 2876; x_wconf 64' lang='lat' dir='ltr'>quse</span> <span class='ocrx_word' id='word_1_834' title='bbox 1662 2830 1847 2875; x_wconf 78' lang='lat' dir='ltr'>aliquando</span> <span class='ocrx_word' id='word_1_835' title='bbox 1866 2831 2020 2864; x_wconf 69' lang='lat' dir='ltr'>scientias</span> <span class='ocrx_word' id='word_1_836' title='bbox 2048 2829 2260 2863; x_wconf 70' lang='lat' dir='ltr'>adamussim</span> <span class='ocrx_word' id='word_1_837' title='bbox 2277 2842 2341 2864; x_wconf 91' lang='lat' dir='ltr'>non</span> <span class='ocrx_word' id='word_1_838' title='bbox 2364 2843 2435 2865; x_wconf 83' lang='lat' dir='ltr'>res-</span> 
     </span>
     <span class='ocr_line' id='line_1_118' title="bbox 1312 2875 2432 2926; baseline -0.003 -14"><span class='ocrx_word' id='word_1_839' title='bbox 1312 2903 1338 2922; x_wconf 88' lang='lat'>„</span> <span class='ocrx_word' id='word_1_840' title='bbox 1362 2879 1489 2926; x_wconf 88' lang='lat' dir='ltr'>pondet</span> <span class='ocrx_word' id='word_1_841' title='bbox 1510 2901 1519 2919; x_wconf 89' lang='lat'>,</span> <span class='ocrx_word' id='word_1_842' title='bbox 1554 2880 1625 2911; x_wconf 84' lang='lat' dir='ltr'>zelo</span> <span class='ocrx_word' id='word_1_843' title='bbox 1651 2879 1815 2922; x_wconf 69' lang='lat' dir='ltr'>abreptus</span> <span class='ocrx_word' id='word_1_844' title='bbox 1832 2900 1842 2918; x_wconf 94' lang='lat'>,</span> <span class='ocrx_word' id='word_1_845' title='bbox 1880 2875 1973 2910; x_wconf 80' lang='lat' dir='ltr'>ideas</span> <span class='ocrx_word' id='word_1_846' title='bbox 2000 2876 2168 2921; x_wconf 68' lang='lat' dir='ltr'>quasdam</span> <span class='ocrx_word' id='word_1_847' title='bbox 2196 2878 2401 2910; x_wconf 78' lang='lat' dir='ltr'>arbitrarias</span> <span class='ocrx_word' id='word_1_848' title='bbox 2421 2898 2432 2917; x_wconf 90' lang='lat'>,</span> 
     </span>
     <span class='ocr_line' id='line_1_119' title="bbox 1311 2921 2432 2971; baseline -0.004 -13"><span class='ocrx_word' id='word_1_849' title='bbox 1311 2949 1338 2969; x_wconf 83' lang='lat'>„</span> <span class='ocrx_word' id='word_1_850' title='bbox 1365 2931 1395 2959; x_wconf 75' lang='lat' dir='ltr'>&lt;Sc</span> <span class='ocrx_word' id='word_1_851' title='bbox 1421 2928 1493 2971; x_wconf 85' lang='lat' dir='ltr'>pias</span> <span class='ocrx_word' id='word_1_852' title='bbox 1520 2925 1763 2964; x_wconf 79' lang='lat' dir='ltr'>moralitates,</span> <span class='ocrx_word' id='word_1_853' title='bbox 1801 2937 1877 2968; x_wconf 63' lang='lat' dir='ltr'>quai</span> <span class='ocrx_word' id='word_1_854' title='bbox 1916 2924 2130 2957; x_wconf 71' lang='lat' dir='ltr'>caeremonifs</span> <span class='ocrx_word' id='word_1_855' title='bbox 2166 2935 2227 2968; x_wconf 91' lang='lat' dir='ltr'>pro</span> <span class='ocrx_word' id='word_1_856' title='bbox 2264 2924 2365 2957; x_wconf 87' lang='lat' dir='ltr'>libito</span> <span class='ocrx_word' id='word_1_857' title='bbox 2388 2921 2432 2955; x_wconf 84' lang='lat' dir='ltr'>ad</span> 
     </span>
     <span class='ocr_line' id='line_1_120' title="bbox 1310 2968 2430 3015; baseline -0.005 -9"><span class='ocrx_word' id='word_1_858' title='bbox 1310 2996 1337 3015; x_wconf 89' lang='lat'>„</span> <span class='ocrx_word' id='word_1_859' title='bbox 1364 2970 1586 3006; x_wconf 73' lang='lat' dir='ltr'>nutriendam</span> <span class='ocrx_word' id='word_1_860' title='bbox 1615 2973 1779 3015; x_wconf 79' lang='lat' dir='ltr'>pietatem</span> <span class='ocrx_word' id='word_1_861' title='bbox 1813 2969 1956 3013; x_wconf 66' lang='lat' dir='ltr'>adjectae</span> <span class='ocrx_word' id='word_1_862' title='bbox 1986 2971 2153 3011; x_wconf 54' lang='lat' dir='ltr'>fuerunt,</span> <span class='ocrx_word' id='word_1_863' title='bbox 2191 2968 2249 3002; x_wconf 78' lang='lat' dir='ltr'>sed</span> <span class='ocrx_word' id='word_1_864' title='bbox 2275 2982 2350 3014; x_wconf 79' lang='lat' dir='ltr'>quae</span> <span class='ocrx_word' id='word_1_865' title='bbox 2379 2970 2430 3000; x_wconf 90' lang='lat' dir='ltr'>in-</span> 
     </span>
     <span class='ocr_line' id='line_1_121' title="bbox 1310 3013 2429 3062; baseline -0.004 -10"><span class='ocrx_word' id='word_1_866' title='bbox 1310 3043 1336 3062; x_wconf 87' lang='lat'><em>„</em></span> <span class='ocrx_word' id='word_1_867' title='bbox 1362 3020 1545 3053; x_wconf 81' lang='lat' dir='ltr'>stitutione</span> <span class='ocrx_word' id='word_1_868' title='bbox 1571 3026 1686 3052; x_wconf 68' lang='lat' dir='ltr'>essent</span> <span class='ocrx_word' id='word_1_869' title='bbox 1714 3019 1921 3061; x_wconf 83' lang='lat' dir='ltr'>posteriores</span> <span class='ocrx_word' id='word_1_870' title='bbox 1938 3039 1947 3057; x_wconf 91' lang='lat'>,</span> <span class='ocrx_word' id='word_1_871' title='bbox 1973 3029 2130 3061; x_wconf 79' lang='lat' dir='ltr'>quasque</span> <span class='ocrx_word' id='word_1_872' title='bbox 2158 3017 2339 3061; x_wconf 60' lang='lat' dir='ltr'>Ecclesia,</span> <span class='ocrx_word' id='word_1_873' title='bbox 2379 3013 2429 3044; x_wconf 75' lang='lat' dir='ltr'>uti</span> 
     </span>
     <span class='ocr_line' id='line_1_122' title="bbox 1310 3064 2427 3111; baseline -0.009 -12"><span class='ocrx_word' id='word_1_874' title='bbox 1310 3089 1336 3109; x_wconf 89' lang='lat'>„</span> <span class='ocrx_word' id='word_1_875' title='bbox 1361 3067 1511 3111; x_wconf 83' lang='lat' dir='ltr'>primam</span> <span class='ocrx_word' id='word_1_876' title='bbox 1531 3087 1541 3105; x_wconf 93' lang='lat'>,</span> <span class='ocrx_word' id='word_1_877' title='bbox 1579 3077 1618 3097; x_wconf 83' lang='lat' dir='ltr'>ac</span> <span class='ocrx_word' id='word_1_878' title='bbox 1645 3064 1940 3097; x_wconf 70' lang='lat' dir='ltr'>fundamentalem</span> <span class='ocrx_word' id='word_1_879' title='bbox 1980 3065 2150 3097; x_wconf 78' lang='lat' dir='ltr'>rationem</span> <span class='ocrx_word' id='word_1_880' title='bbox 2190 3071 2364 3104; x_wconf 77' lang='lat' dir='ltr'>nunquam</span> <span class='ocrx_word' id='word_1_881' title='bbox 2392 3072 2427 3090; x_wconf 81' lang='lat' dir='ltr'>a·</span> 
     </span>
     <span class='ocr_line' id='line_1_123' title="bbox 1310 3107 2428 3156; baseline -0.005 -10"><span class='ocrx_word' id='word_1_882' title='bbox 1310 3135 1337 3155; x_wconf 84' lang='lat'>„</span> <span class='ocrx_word' id='word_1_883' title='bbox 1362 3113 1502 3156; x_wconf 62' lang='lat' dir='ltr'>gnum,</span> <span class='ocrx_word' id='word_1_884' title='bbox 1527 3112 1702 3152; x_wconf 85' lang='lat' dir='ltr'>obtrusit,</span> <span class='ocrx_word' id='word_1_885' title='bbox 1729 3121 1832 3155; x_wconf 73' lang='lat' dir='ltr'>atque</span> <span class='ocrx_word' id='word_1_886' title='bbox 1859 3111 1999 3151; x_wconf 79' lang='lat' dir='ltr'>acrius,</span> <span class='ocrx_word' id='word_1_887' title='bbox 2027 3123 2131 3155; x_wconf 73' lang='lat' dir='ltr'>quaxn</span> <span class='ocrx_word' id='word_1_888' title='bbox 2151 3121 2211 3154; x_wconf 76' lang='lat' dir='ltr'>par</span> <span class='ocrx_word' id='word_1_889' title='bbox 2238 3107 2300 3149; x_wconf 62' lang='lat' dir='ltr'>ipsi</span> <span class='ocrx_word' id='word_1_890' title='bbox 2323 3116 2428 3149; x_wconf 63' lang='lat' dir='ltr'>appa·</span> 
     </span>
     <span class='ocr_line' id='line_1_124' title="bbox 1310 3150 2426 3201; baseline -0.008 -10"><span class='ocrx_word' id='word_1_891' title='bbox 1310 3181 1337 3201; x_wconf 90' lang='lat'>„</span> <span class='ocrx_word' id='word_1_892' title='bbox 1362 3167 1440 3200; x_wconf 82' lang='lat' dir='ltr'>ret,</span> <span class='ocrx_word' id='word_1_893' title='bbox 1467 3159 1501 3191; x_wconf 88' lang='grc'>111</span> <span class='ocrx_word' id='word_1_894' title='bbox 1527 3159 1689 3192; x_wconf 62' lang='lat' dir='ltr'>Verum„</span> <span class='ocrx_word' id='word_1_895' title='bbox 1716 3159 1900 3191; x_wconf 79' lang='lat' dir='ltr'>invehatur</span> <span class='ocrx_word' id='word_1_896' title='bbox 1927 3161 1990 3190; x_wconf 59' lang='lat' dir='ltr'>&amp;cu</span> <span class='ocrx_word' id='word_1_897' title='bbox 2009 3157 2031 3173; x_wconf 84' lang='lat'>’&#39;</span> <span class='ocrx_word' id='word_1_898' title='bbox 2051 3158 2166 3190; x_wconf 75' lang='lat' dir='ltr'>Postea</span> <span class='ocrx_word' id='word_1_899' title='bbox 2193 3161 2309 3185; x_wconf 79' lang='lat' dir='ltr'>autem</span> <span class='ocrx_word' id='word_1_900' title='bbox 2337 3150 2426 3183; x_wconf 70' lang='lat' dir='ltr'>idern</span> 
     </span>
     <span class='ocr_line' id='line_1_125' title="bbox 1310 3199 2424 3250; baseline -0.005 -11"><span class='ocrx_word' id='word_1_901' title='bbox 1310 3208 1521 3240; x_wconf 51' lang='lat' dir='ltr'>Ass-emanas</span> <span class='ocrx_word' id='word_1_902' title='bbox 1548 3205 1713 3249; x_wconf 71' lang='lat' dir='ltr'>quasdam</span> <span class='ocrx_word' id='word_1_903' title='bbox 1734 3205 1931 3250; x_wconf 71' lang='lat' dir='ltr'>praescribit</span> <span class='ocrx_word' id='word_1_904' title='bbox 1958 3204 2118 3248; x_wconf 73' lang='lat' dir='ltr'>regulas,</span> <span class='ocrx_word' id='word_1_905' title='bbox 2143 3199 2270 3243; x_wconf 73' lang='lat' dir='ltr'>quibus</span> <span class='ocrx_word' id='word_1_906' title='bbox 2292 3207 2424 3230; x_wconf 68' lang='lat' dir='ltr'>rectum</span> 
     </span>
     <span class='ocr_line' id='line_1_126' title="bbox 1311 3245 2427 3297; baseline -0.011 -11"><span class='ocrx_word' id='word_1_907' title='bbox 1311 3251 1483 3297; x_wconf 80' lang='lat' dir='ltr'>judicium</span> <span class='ocrx_word' id='word_1_908' title='bbox 1508 3250 1548 3284; x_wconf 86' lang='lat' dir='ltr'>de.</span> <span class='ocrx_word' id='word_1_909' title='bbox 1576 3264 1677 3285; x_wconf 74' lang='lat' dir='ltr'>seusu</span> <span class='ocrx_word' id='word_1_910' title='bbox 1697 3253 1863 3286; x_wconf 73' lang='lat' dir='ltr'>Ecclesiae</span> <span class='ocrx_word' id='word_1_911' title='bbox 1890 3252 1924 3284; x_wconf 86' lang='lat' dir='ltr'>in</span> <span class='ocrx_word' id='word_1_912' title='bbox 1951 3250 2060 3283; x_wconf 76' lang='lat' dir='ltr'>sacris</span> <span class='ocrx_word' id='word_1_913' title='bbox 2087 3246 2212 3279; x_wconf 77' lang='lat' dir='ltr'>ritihus</span> <span class='ocrx_word' id='word_1_914' title='bbox 2241 3245 2322 3296; x_wconf 48' lang='lat' dir='ltr'>ffrri</span> <span class='ocrx_word' id='word_1_915' title='bbox 2350 3256 2427 3287; x_wconf 79' lang='lat' dir='ltr'>pos-</span> 
     </span>
     <span class='ocr_line' id='line_1_127' title="bbox 1313 3291 2428 3344; baseline -0.009 -12"><span class='ocrx_word' id='word_1_916' title='bbox 1313 3301 1381 3332; x_wconf 89' lang='lat' dir='ltr'>sit.</span> <span class='ocrx_word' id='word_1_917' title='bbox 1410 3299 1571 3332; x_wconf 70' lang='lat' dir='ltr'>Vertium</span> <span class='ocrx_word' id='word_1_918' title='bbox 1600 3311 1687 3344; x_wconf 62' lang='lat' dir='ltr'>sirpe</span> <span class='ocrx_word' id='word_1_919' title='bbox 1725 3299 1891 3332; x_wconf 73' lang='lat' dir='ltr'>refutavit</span> <span class='ocrx_word' id='word_1_920' title='bbox 1929 3297 2034 3329; x_wconf 77' lang='lat' dir='ltr'>etiam</span> <span class='ocrx_word' id='word_1_921' title='bbox 2061 3292 2338 3336; x_wconf 74' lang='lat' dir='ltr'>sapientissunus</span> <span class='ocrx_word' id='word_1_922' title='bbox 2365 3291 2428 3323; x_wconf 74' lang='lat' dir='ltr'>Be-</span> 
     </span>
     <span class='ocr_line' id='line_1_128' title="bbox 1313 3340 2115 3390; baseline -0.006 -10"><span class='ocrx_word' id='word_1_923' title='bbox 1313 3345 1390 3380; x_wconf 81' lang='lat' dir='ltr'>ned.</span> <span class='ocrx_word' id='word_1_924' title='bbox 1411 3347 1508 3381; x_wconf 79' lang='lat' dir='ltr'>XIV.</span> <span class='ocrx_word' id='word_1_925' title='bbox 1535 3357 1614 3381; x_wconf 76' lang='lat' dir='ltr'>mox</span> <span class='ocrx_word' id='word_1_926' title='bbox 1642 3344 1735 3380; x_wconf 83' lang='lat' dir='ltr'>laud.</span> <span class='ocrx_word' id='word_1_927' title='bbox 1765 3348 1875 3390; x_wconf 70' lang='lat' dir='ltr'>Opere</span> <span class='ocrx_word' id='word_1_928' title='bbox 1902 3345 1946 3377; x_wconf 72' lang='lat' dir='ltr'>&lt;Ze</span> <span class='ocrx_word' id='word_1_929' title='bbox 1972 3340 2088 3373; x_wconf 58' lang='lat' dir='ltr'>Festi-t</span> <span class='ocrx_word' id='word_1_930' title='bbox 2107 3361 2115 3369; x_wconf 87' lang='lat'><strong>·</strong></span> 
     </span>
    </p>
   </div>
  </div>
 </body>
</html>
