2605 3624
10 3343 14 3378 ἰ

782 92 861 137 ΒΕ
895 89 1314 133 ΟΟΜΜΠΝῙΟΝΕ
1350 90 1425 132 CA
1435 90 1586 134 LICIS
1600 121 1610 132 .

55 208 83 226 .,
112 191 263 218 summa
291 184 342 217 est
375 175 515 217 Christi
557 171 733 212 fidelium
763 169 1008 209 consolatio“
1027 195 1037 207 .
1083 168 1168 206 Rei-

53 223 122 284 psa
161 232 256 271 lianc
295 230 588 270 consolationem
622 239 692 263 non
726 224 849 262 solum
872 223 1042 260 haereiici
1068 223 1169 260 Hus-

52 287 135 324 sitae
154 316 164 334 ‚
193 285 255 323 scd
285 283 394 322 multi
424 282 540 318 etiam
571 280 652 330 pii,
681 292 726 315 ac
754 278 878 315 devoti
908 275 1039 315 fideles
1067 289 1171 313 suin-

54 352 209 391 mopere
236 334 489 388 exoptabant,
531 342 644 384 atque
677 331 852 369 ardenter
884 330 1089 382 petebant,
1133 337 1173 367 ut

52 405 182 431 vener.
211 390 355 428 Gerson
386 388 426 425 in
448 386 578 424 Tract.
611 385 672 423 De
695 383 905 421 Commim.
928 382 1144 421 laneorum
1161 412 1172 429 ‚

51 445 239 494 Georgius
265 440 474 479 Cassander
505 441 541 477 in
572 438 749 476 Consule.
779 437 843 475 De
867 436 1074 474 commun.
1104 434 1172 473 sub

53 506 220 547 utraque
248 497 404 546 specie,
431 492 577 545 aliique
606 492 733 540 docti,
762 491 796 527 8<
826 490 1022 528 orthodoxi
1044 489 1171 527 Theo-

54 549 130 601 logi
153 549 216 599 (α.)
232 574 245 586 .

106 601 199 653 477.
231 599 371 652 Resp.‚
413 599 602 652 quidquid
643 598 825 637 senserint
866 596 988 649 aliqui
1031 596 1172 648 privati

52 654 265 706 Theologi,
308 651 523 693 Ecclesiam
556 653 731 691 didicisse
764 652 1000 703 experientia
1022 681 1032 698 ,
1075 649 1172 688 hanc

51 709 358 755 concessionem,
400 720 489 760 quas
518 705 635 744 semel
654 736 665 754 ,
707 705 741 742 St
773 707 909 743 iterum
947 704 1044 742 facta
1073 705 1171 750 suit,

52 762 168 800 etiam
196 775 286 799 cnm
316 759 394 798 illis
423 760 609 808 cautelis,
652 773 741 811 quae
782 758 1011 797 videbantur
1044 757 1173 794 abusi-

53 814 125 854 bus
156 813 407 867 impediendis
435 814 641 851 admodum
670 822 914 864 opportunae,
945 810 1031 862 plus
1059 811 1173 848 detri-

55 870 200 916 menti,
241 881 358 920 quam
399 866 646 905 emolumenti
681 864 878 910 attulisse3
923 864 1023 903 unde
1059 863 1175 900 satius

56 922 313 960 existimatum
352 928 404 959 est
435 920 610 957 eamdem
648 919 926 956 concessionem
970 928 1174 953 revocare.

52 973 154 1013 Sane
173 976 240 1027 qui
256 972 336 1010 solo
352 972 560 1024 spiritualis
588 970 851 1010 consolationis
866 1000 876 1018 ,
910 970 1176 1020 uberiorisque

54 1030 188 1079 gratias
216 1026 401 1064 desiderio
428 1025 591 1064 calicem
611 1023 880 1076 postulabant,
912 1022 1025 1060 facile
1046 1030 1177 1073 potue-

53 1089 145 1119 runt
187 1080 354 1131 idipsum
403 1077 574 1116 obtinere
622 1086 688 1115 aut
730 1077 965 1127 frequentius
1015 1075 1062 1112 ad
1111 1089 1176 1127 pa·

52 1146 142 1172 nem
172 1131 481 1171 Eucharisticum
509 1130 748 1179 accedendo,
790 1139 856 1168 aut
899 1129 1107 1168 ferventius
1135 1141 1175 1165 o-

53 1187 200 1236 rando,
240 1194 305 1225 aut
333 1184 500 1233 debitae,
543 1193 810 1236 promptaeque
836 1183 1064 1221 obedientias
1096 1195 1174 1219 me-

53 1241 154 1279 rito.
202 1238 319 1278 Aliud
348 1247 402 1276 est
430 1247 560 1277 autem
578 1268 589 1286 ,
632 1237 704 1276 hoe
734 1237 984 1289 privilegium
1013 1235 1175 1289 quibus-

49 1293 141 1332 dam
171 1291 429 1345 singularibus
457 1293 626 1344 personis
654 1292 836 1343 elargiri,
877 1290 984 1328 aliud
1017 1290 1176 1340 integris

54 1346 297 1385 nationibus:
338 1347 379 1384 in
406 1347 545 1398 primis
573 1347 674 1384 enim
705 1344 857 1383 facilius
885 1353 960 1392 est,
989 1357 1109 1395 quam
1139 1343 1177 1380 in

54 1400 229 1438 secundis
255 1399 450 1450 gliscentes
478 1399 620 1438 abusus
648 1397 839 1451 impedire
856 1429 866 1446 ‚
895 1405 960 1436 aut
980 1409 1174 1434 resecare.

55 1453 130 1493 Sed
160 1453 349 1504 optimum
379 1460 458 1500 est,
489 1451 630 1504 hujus,
660 1467 705 1491 ac
733 1450 922 1489 similium
950 1463 1083 1488 rerum
1113 1448 1175 1500 ju-

52 1506 203 1544 dicium
224 1505 408 1544 Ecclesiae
438 1507 552 1544 matri
582 1504 827 1557 relinquere,
856 1517 974 1557 quam
1003 1501 1178 1556 peculia-

54 1561 92 1598 ri
119 1559 285 1610 Spiritus
312 1558 442 1597 Sancti
467 1571 543 1611 ope
568 1559 715 1612 dirigi,
739 1567 888 1597 certum
919 1567 970 1596 est
986 1584 998 1596 .

110 1612 296 1661 Quaeres,
325 1624 383 1650 an
412 1610 591 1651 Christus
619 1616 831 1664 sumpserit
860 1625 977 1650 suum
1004 1623 1147 1662 corpus
1168 1640 1181 1659 ,

56 1665 110 1708 ὠ
136 1678 254 1704 suum
281 1669 522 1719 sanguinem
539 1664 563 1702 Ρ

113 1717 209 1770 478.
238 1717 380 1770 Resp.,
408 1718 667 1767 affirmative,
693 1732 784 1758 cum
815 1717 856 1757 S.
881 1718 1037 1757 Thoma
1068 1717 1107 1755 5.
1138 1715 1181 1754 Ρ.

57 1771 184 1825 q.81.
213 1780 285 1810 art.
310 1785 372 1820 10,
401 1773 470 1825 qui
500 1772 539 1810 id
567 1772 703 1824 probat
730 1776 860 1822 primo
888 1772 1110 1810 auctoritate
1139 1768 1181 1807 S.

61 1825 294 1876 Hieronymi
322 1826 361 1863 in
390 1826 499 1876 epist.
526 1826 574 1863 ad
606 1825 812 1864 Hedibiam
842 1839 909 1878 qu.
943 1838 955 1862 ι
974 1839 1004 1862 1.
1047 1824 1179 1862 diceu-

61 1879 134 1916 tis:
164 1877 362 1916 Dominus
379 1877 493 1916 Iesus
511 1877 686 1917 Christus
705 1883 788 1931 ipse
807 1882 967 1916 conviva
979 1908 990 1925 ,
1018 1877 1068 1918 ὠ·
1089 1889 1182 1914 con·

60 1934 202 1970 rivium
219 1961 230 1979 ‚
257 1935 340 1982 ipse
368 1931 609 1980 comedens,
637 1933 688 1973 <J
716 1936 781 1984 qui
810 1930 1056 1970 comeditur.
1101 1930 1183 1968 Hac

60 1983 263 2038 praemissa
289 1987 512 2023 auctoritate
531 1985 572 2023 S.
587 1985 728 2024 Doctor
756 1987 970 2037 oppositam
999 1995 1184 2035 quorum-

56 2037 150 2076 dam
177 2039 402 2087 opinionem
427 2037 594 2076 refellit:
625 2068 652 2087 ,‚
681 2039 773 2090 quia
791 2038 965 2076 Christus
990 2051 1064 2085 ea,
1093 2050 1183 2089 quas

61 2120 91 2141 „
118 2091 168 2129 ab
196 2090 284 2129 aliis
311 2091 549 2130 observanda
578 2092 769 2141 instituit,
799 2092 811 2130 i
842 2105 878 2128 se
907 2091 1086 2143 primitus
1114 2089 1184 2128 ob-

62 2173 94 2194 „
120 2145 312 2183 servavit.
359 2144 473 2183 Unde
502 2144 536 2181 ἃ
562 2145 646 2197 ipse
676 2146 782 2198 prius
816 2106 1004 2196 baptizari
1033 2142 1184 2192 voluit,

63 2226 95 2247 ‚‚
122 2211 240 2250 quam
280 2196 369 2236 aliis
409 2199 647 2250 baptismum
689 2199 932 2250 imponeret,
970 2197 1184 2235 secundum

66 2279 94 2302 ,‚
121 2251 220 2288 illud
238 2250 373 2289 Act.1.
392 2264 427 2289 ι.
459 2251 579 2301 Coepit
606 2250 719 2289 Jesus
734 2251 913 2302 facere,
941 2251 990 2291 <9
1020 2249 1189 2289 docere.

68 2331 100 2353 ‚‚
128 2303 238 2342 Unde
265 2303 299 2339 8⁸
317 2304 446 2355 primo
472 2305 555 2356 ipse
569 2317 707 2356 corpus
735 2317 847 2343 suum
864 2334 877 2353 ,
905 2303 940 2340 &
968 2304 1191 2355 sanguinem

119 2467 167 2503 (a)
196 2463 280 2498 Haec
303 2463 507 2499 testimonia
533 2464 799 2500 catholicorum
833 2475 899 2510 pro
933 2463 1055 2499 calicis
1090 2464 1198 2498 resti-

73 2510 209 2544 tutione
234 2509 390 2546 studiose
413 2512 632 2557 collegerunt
659 2515 691 2545 δι
715 2510 901 2546 ediderunt
926 2512 1164 2545 protestantes
1184 2532 1195 2551 ‚

74 2566 116 2588 ac
141 2557 315 2602 principue
342 2558 467 2603 Georg.
498 2559 676 2594 Callixtus
713 2559 749 2592 in
775 2558 898 2592 Tract.
936 2557 993 2591 De
1025 2558 1196 2590 Commun.

76 2601 136 2633 sub
161 2611 226 2634 utr.
253 2609 388 2646 specie.
414 2605 501 2638 Dure
527 2606 702 2639 orationes
722 2603 871 2640 Andreae
889 2603 1025 2638 Duditii
1053 2604 1198 2648 Episco-

76 2647 112 2691 pi
140 2647 356 2682 Tininiensis
382 2650 418 2682 in
442 2651 549 2683 Cone.
575 2650 676 2683 Trid.
703 2651 859 2692 habitas,
900 2663 970 2685 una
997 2662 1076 2684 cum
1103 2650 1198 2683 litte-

79 2693 130 2724 ris
157 2691 364 2727 Ferdinandi
390 2696 499 2739 hup„
523 2699 555 2728 &
579 2696 715 2730 Alberti
738 2698 892 2731 Bavariae
910 2697 1018 2731 Ducis
1036 2695 1080 2730 ad
1099 2697 1200 2729 Pium

79 2738 144 2771 lv.
170 2736 271 2772 edita
297 2739 440 2774 fuerunt
456 2741 674 2775 Offenbachii
700 2754 791 2776 anno
810 2743 910 2777 1610.
934 2744 1022 2788 Quae
1048 2745 1200 2777 Cassan-

79 2782 145 2817 der
169 2795 212 2818 ex
238 2784 350 2820 nimio
371 2785 555 2821 haereticos
580 2787 828 2822 reconciliandi
855 2791 929 2823 zelo
954 2791 989 2823 in
1019 2802 1082 2823 sua
1107 2788 1201 2822 Con·

82 2832 272 2880 saltat-ione
289 2832 468 2877 proposuit
481 2855 492 2875 ,
515 2845 585 2867 non
600 2835 719 2868 omnia
732 2835 878 2879 probari
898 2844 1114 2880 potuerunt3
1136 2836 1203 2869 im-

84 2888 143 2910 mo
165 2888 242 2920 ejus
266 2888 371 2921 opera
398 2879 517 2912 Romae
541 2878 721 2925 prohibita
746 2880 844 2913 fuere
871 2893 962 2916 anno
991 2883 1093 2926 16-17.

137 2924 184 2962 (b)
215 2923 345 2957 Omnes
371 2923 542 2966 heretici,
567 2927 628 2970 qui
654 2927 785 2960 realem
811 2926 944 2962 Christi
978 2928 1203 2973 praesentiam

84 2969 122 3003 in
150 2968 372 3003 Eucharistia
399 2970 599 3005 inficiantur
617 2994 629 3013 ,
655 2982 908 3018 consequenter
934 2983 1090 3018 negant,
1117 2975 1206 3007 Mis—

84 3027 162 3050 sam
187 3027 260 3048 esse
287 3028 390 3057 vere,
425 3019 457 3049 δε
480 3022 617 3062 proprie
643 3031 741 3052 novae
775 3020 860 3063 legis
887 3021 1098 3053 sacrificium
1118 3042 1129 3061 ,
1165 3032 1206 3054 ac

81 3070 265 3107 propterea
291 3063 420 3108 ubique
447 3065 591 3098 Missam
616 3065 857 3109 abrogarunt,
894 3067 1086 3099 substituta
1112 3079 1211 3100 coena

87 3107 302 3148 Dominfca,
324 3121 402 3154 (μιᾶς
430 3121 449 3142 a
475 3119 593 3143 nostra
613 3111 723 3144 Missa
747 3110 935 3145 admodum
960 3111 1093 3144 distat.
1120 3113 1209 3146 Dico

88 3166 186 3195 vere,
209 3158 243 3188 ἃς
265 3167 431 3199 propr1e;
468 3168 578 3201 neque
603 3157 697 3189 enirn
723 3155 886 3190 dubitant
911 3168 1047 3190 sacram
1074 3169 1208 3191 coenam

88 3201 227 3234 nomine
253 3202 426 3245 sacrificii
453 3203 651 3247 appellare.
679 3201 881 3235 Mirandum
903 3211 979 3243 est,
1003 3204 1110 3236 etiarn
1139 3203 1209 3236 Lu-

91 3243 252 3281 «her-anos
267 3270 280 3289 ,
304 3249 364 3293 qni
392 3250 519 3282 realem
539 3248 673 3283 Christi
700 3249 923 3294 praesentiam
949 3249 982 3281 in
1002 3249 1210 3281 Sacramen-

91 3297 130 3323 to
154 3291 382 3328 Eucharistiae
410 3307 592 3339 agnoscere
618 3307 654 3329 se
690 3294 924 3341 profitentur,
966 3294 1056 3327 nolle
1090 3302 1210 3328 tamen

91 3347 213 3371 veram
236 3341 399 3376 sacrificii
429 3345 600 3378 rationem
635 3343 672 3378 in
707 3340 827 3378 eadem
852 3339 1077 3375 Eucharistia
1101 3339 1211 3375 conti-

2251 109 2306 150 79

1238 197 1264 217 „
1293 169 1480 217 sumpsit,
1528 170 1561 204 δ(
1593 177 1715 220 postea
1743 169 1944 223 discipulis
1986 172 2214 211 sumendum
2245 174 2362 212 tradi-

1239 251 1265 270 „
1295 221 1416 258 dit’‘.
1446 221 1492 258 Et
1523 223 1560 259 in
1592 236 1688 272 resp.
1718 225 1764 260 <nl
1801 238 1832 261 ι.
1863 226 2014 263 subdit:
2056 257 2081 274 „
2113 228 2152 265 ln
2186 227 2363 280 liv-ange<

1241 304 1266 322 ‚,
1298 273 1360 311 liis
1390 273 1554 323 legitur,
1597 276 1696 326 quod
1725 277 1895 313 Christus
1940 290 2085 329 accepit
2117 295 2255 331 panem
2275 311 2285 329 ,
2328 280 2363 316 ἃ

1242 358 1268 376 „
1298 328 1458 364 calicem
1477 353 1488 365 .
1536 327 1620 364 Non
1649 338 1702 366 est
1740 339 1866 366 autem
1898 332 2217 381 iutelligmuhun,
2260 334 2364 386 quod

1241 410 1269 430 „
1297 382 1487 432 acceperit
1517 380 1641 418 solum
1664 383 1702 419 in
1725 383 1904 419 manibus
1923 413 1933 430 ,
1965 394 2002 420 ut
2023 386 2179 435 quidam
2201 388 2332 425 dicunt
2350 417 2362 436 ,

1240 464 1267 482 „
1296 434 1360 471 sed
1390 447 1435 470 eo
1456 434 1568 471 modo
1587 436 1734 486 accepit
1752 465 1762 481 ,
1793 447 1870 486 quo
1891 435 1978 472 aliis
1996 438 2266 487 accipiendum
2287 450 2363 477 tra-

1238 517 1266 536 „
1296 487 1412 533 ‹lidit3
1444 486 1543 524 unde
1569 501 1660 524 cum
1681 487 1883 538 discipulis
1905 490 2064 534 dixerit,
2094 496 2282 539 accipite,
2312 495 2362 534 (θ’

1239 571 1268 590 „
1295 554 1409 578 corne
1424 539 1515 587 lice,
1544 540 1578 576 &
1610 542 1746 578 iterum
1765 571 1774 588 ‚
1811 546 1980 590 accipite
2001 572 2011 589 ,
2041 540 2178 589 bibite,
2223 545 2363 583 intelli-

1239 623 1267 642 „
1295 594 1463 645 gendum
1491 603 1574 642 est,
1603 595 1707 647 quod
1737 595 1817 646 ipse
1838 596 2034 647 accipiens
2061 596 2299 642 comederit,
2329 598 2361 634 ἀ

1240 677 1268 696 „
1299 648 1442 685 biberit
1462 648 1485 663 ‘'
1506 674 1518 685 .

1293 701 1388 753 479.
1420 701 1547 740 Postea
1581 701 1628 739 ad
1660 714 1697 739 2.
1739 703 2026 754 praeoccupavit
2065 701 2204 751 illam,
2247 716 2367 755 quam

1239 764 1366 806 postea
1394 756 1604 793 excitarunt
1632 754 1927 793 Sacramentarii
1958 755 2215 806 objectionem
2232 787 2243 804 ,
2271 769 2368 808 quo-

1240 808 1353 846 modo
1381 808 1526 846 scilicet
1555 810 1718 860 potuerit
1744 822 1884 861 corpus
1902 810 2045 848 Christi
2075 823 2154 846 csse
2184 811 2222 848 in
2244 811 2368 848 mani-

1243 861 1340 908 bus,
1382 862 1423 899 in
1453 875 1546 908 ore,
1589 861 1623 898 &
1655 863 1695 901 in
1725 871 1854 900 ventre
1887 863 2059 913 ejusdem
2094 863 2264 911 Christi,
2310 864 2370 902 in-

1238 916 1401 966 quiens:
1445 944 1470 962 „
1499 915 1699 962 Christus,
1738 916 1948 954 secundum
1978 916 2080 968 quod
2111 926 2163 954 est
2193 916 2264 954 sub
2295 915 2366 954 hoc

1243 996 1270 1015 ,‚
1299 968 1574 1016 sacramento,
1604 978 1849 1020 comparatur
1877 969 1924 1007 ad
1953 969 2080 1006 locum
2099 999 2109 1017 ,
2139 983 2216 1008 non
2237 983 2372 1008 socun-

1244 1050 1271 1068 „
1301 1021 1392 1058 dum
1421 1025 1598 1074 proprias
1632 1021 1915 1070 dimensiones,
1956 1023 2020 1061 sed
2059 1024 2272 1062 secundum
2313 1023 2374 1060 di-

1245 1102 1272 1121 „
1304 1076 1513 1112 mensiones
1541 1076 1756 1127 specierum
1785 1075 2133 1115 Sacramentalium
2151 1107 2162 1125 ,
2192 1077 2243 1115 ita
2269 1076 2375 1129 quod

1246 1156 1272 1174 „
1303 1128 1341 1165 in
1371 1140 1616 1180 quocumque
1648 1128 1758 1176 loco,
1797 1129 1864 1167 ubi
1892 1138 1976 1167 sunt
2006 1128 2087 1167 illae
2116 1131 2288 1182 species,
2319 1137 2374 1168 est

1245 1208 1272 1227 „
1303 1181 1382 1231 ipse
1396 1180 1591 1218 Christus:
1623 1180 1656 1216 8(
1685 1183 1778 1233 quia
1805 1183 1952 1233 species
1980 1182 2061 1219 illae
2090 1192 2297 1234 potuerunt
2319 1197 2376 1220 es-

1243 1262 1273 1281 „
1301 1247 1341 1270 se
1381 1234 1419 1271 in
1451 1234 1662 1281 manibus,
1704 1234 1738 1270 Gt
1768 1235 1807 1272 in
1849 1247 1915 1272 ore
1947 1234 2116 1283 Christi,
2162 1237 2243 1286 ipse
2279 1244 2379 1273 totus

1245 1316 1272 1335 „
1301 1285 1474 1325 Christus
1502 1288 1626 1340 potuit
1651 1300 1732 1325 esse
1760 1287 1801 1325 iu
1829 1288 1906 1326 suis
1935 1287 2142 1338 manibus,
2172 1288 2207 1323 δε
2235 1289 2276 1326 in
2307 1300 2377 1326 suo

1241 1368 1272 1388 „
1299 1352 1365 1378 ore
1382 1340 1409 1355 ’²
1424 1365 1438 1380 .

1594 1446 1877 1486 CAPUT
1960 1447 2033 1487 IX.

1371 1551 1438 1592 De
1464 1551 1726 1592 Eucharistia
1743 1583 1754 1601 ,
1783 1563 1895 1602 prout
1922 1562 1984 1592 esc
2010 1565 2127 1593 πονοι·
2154 1553 2251 1607 Iegis

1673 1607 1932 1660 Sacrificium
1949 1632 1962 1646 .

1304 1712 1399 1752 580.
1414 1687 1593 1756 Multas
1620 1712 1826 1763 hactenus,
1858 1714 1941 1753 Deo
1958 1714 2070 1754 dante
2084 1745 2095 1764 ,
2113 1714 2383 1766 superavimus

1245 1765 1493 1805 difficultates
1521 1777 1670 1819 agentes
1699 1768 1746 1806 de
1774 1768 2018 1807 Eucharistia
2036 1797 2047 1816 ,
2092 1778 2205 1820 prout
2233 1777 2287 1806 est
2314 1781 2384 1806 no-

1244 1834 1308 1859 vae
1339 1819 1430 1871 legis
1459 1819 1780 1867 Sacramentum3
1823 1835 1929 1861 nunc
1958 1821 2048 1860 aliae
2077 1821 2190 1860 nobis
2217 1835 2297 1859 sese
2325 1821 2387 1859 of-

1250 1874 1376 1911 ferunt
1405 1874 1546 1911 acturis
1575 1875 1622 1912 de
1650 1875 1783 1913 eadem
1805 1874 2080 1923 Eucharistia,
2109 1883 2223 1927 prout
2240 1883 2295 1913 est
2315 1887 2385 1912 no-

1250 1940 1311 1965 vas
1340 1926 1435 1977 legis
1463 1927 1729 1974 sacrificitnn;
1773 1928 1875 1980 quod
1916 1937 2092 1981 proterve
2133 1936 2272 1979 negant
2304 1937 2386 1966 tam

1251 1980 1550 2020 Sacramentarii
1572 2010 1584 2028 ‚
1620 1995 1737 2034 quam
1782 1980 1990 2020 Lutherani
2022 1981 2109 2032 (b).
2160 1981 2214 2019 Ut
2255 1990 2386 2020 autern

1250 2047 1342 2087 quae
1370 2034 1510 2072 dicturi
1536 2047 1693 2083 sumus,
1722 2034 1829 2074 clara
1857 2036 1897 2074 in
1927 2034 2015 2074 luce
2045 2043 2264 2087 ponantur,
2294 2048 2389 2074 nou·

1251 2086 1362 2126 nulla
1389 2087 1437 2126 de
1461 2087 1649 2127 sacrificii
1674 2091 1830 2128 nomine
1847 2119 1858 2138 ,
1887 2102 1933 2128 ac
1962 2098 2099 2128 natura
2118 2089 2390 2141 praemittenda.

1253 2149 1337 2180 sunt
1354 2166 1366 2179 .

1311 2194 1407 2241 481.
1432 2193 1585 2233 Nomen
1626 2196 1848 2249 sacrificii,
1893 2196 2120 2235 observante
2167 2194 2209 2234 S.
2239 2193 2392 2233 Thoma

1258 2261 1296 2286 2.
1320 2261 1357 2286 2.
1386 2257 1524 2300 quaest.
1545 2247 1613 2286 85.
1643 2258 1715 2287 art.
1739 2251 1777 2288 5.
1807 2250 1855 2287 ad
1877 2250 1943 2298 5.,
1989 2251 2233 2299 desumptum
2264 2256 2314 2285 est
2344 2259 2391 2284 ex

1255 2300 1355 2351 hoc,
1381 2300 1484 2353 quod
1512 2300 1628 2340 homo
1642 2301 1758 2354 facit
1784 2303 1936 2354 aliquid
1963 2314 2126 2340 sacrum
2142 2315 2159 2344 ,·
2197 2300 2298 2338 unde
2325 2314 2390 2352 ge-

2273 2367 2341 2391 ne-

1263 2463 1330 2497 teri
1346 2485 1354 2494 .
1381 2463 1420 2496 ln
1447 2461 1678 2505 Censes-sione
1699 2463 1845 2507 August.
1871 2471 2060 2508 postquam
2086 2460 2286 2502 dixissent,
2311 2460 2393 2495 uni-

1264 2521 1345 2542 cum
1372 2518 1511 2542 tantuin
1538 2510 1573 2541 in
1593 2509 1725 2544 mundo
1739 2511 1847 2543 fuisse
1867 2510 2080 2543 sacrificium
2095 2512 2395 2554 propitiatorium,

1264 2565 1414 2588 mortem
1442 2554 1604 2588 videlicet
1631 2556 1790 2596 Christi,
1827 2558 1875 2589 ita
1902 2565 2078 2601 pergunt:
2124 2557 2225 2592 li‘nnc
2262 2558 2395 2598 reliqua.

1267 2610 1342 2635 sunt
1370 2605 1459 2634 sacri
1479 2605 1549 2634 ecia
1569 2599 1788 2639 ἐχαριστικαῖ
1804 2624 1814 2642 ,
1841 2615 1905 2646 qnae
1931 2613 2089 2636 vocantur
2115 2601 2295 2644 sacrificia
2320 2603 2395 2634 qu-

1267 2650 1351 2687 dis,
1375 2649 1574 2690 pradicatio
1602 2643 1815 2689 Evangelii,
1831 2649 1935 2692 fides
1951 2671 1961 2689 ,
1990 2654 2185 2687 invocatio,
2208 2649 2396 2691 gratiarnm

1266 2698 1361 2728 actio
1377 2715 1387 2733 ,
1413 2693 1617 2737 confessio,
1640 2691 1860 2734 afflictiones
1889 2696 2118 2735 Sanctorum,
2157 2698 2255 2727 immo
2280 2697 2394 2726 ovinia

1270 2742 1354 2774 bona
1380 2752 1482 2784 opera
1508 2740 1712 2773 Sanctorum
1729 2761 1777 2772 ....
1821 2741 1870 2775 Et
1896 2745 1981 2775 talia
2009 2749 2086 2774 sunt
2114 2739 2295 2784 sacrificia
2322 2741 2398 2772 novi

1269 2790 1495 2826 testamenti,
1531 2791 1621 2819 sicut
1644 2786 1748 2819 docet
1775 2787 1896 2820 Petrus
1920 2793 2030 2832 prima
2058 2786 2223 2831 Epistola
2245 2785 2288 2818 ΙΙ.
2327 2787 2400 2819 Lu-

1272 2833 1392 2868 therus
1419 2841 1540 2866 contra
1567 2833 1713 2866 Missam
1739 2834 2021 2877 petulantissime
2046 2833 2285 2868 debacchatus
2312 2841 2397 2872 est,

1269 2892 1348 2913 eam
1373 2891 1502 2913 vocans
1526 2879 1808 2914 abominationem
1827 2902 1838 2921 ‚
1865 2882 1972 2914 immo
1991 2879 2118 2914 addens
2135 2901 2146 2921 ,
2175 2892 2210 2912 se
2238 2891 2337 2921 supra
2361 2892 2401 2911 ο-

1269 2938 1365 2959 mnes
1391 2927 1661 2960 abominationes
1691 2926 1815 2961 habere
1851 2927 2000 2961 Missam
2027 2948 2039 2968 ,
2076 2930 2117 2960 (φ’
2160 2927 2253 2960 nihil
2290 2929 2401 2969 magis

1272 2975 1426 3014 dolere,
1474 2986 1569 3017 quam.
1604 2973 1691 3017 quoti
1725 2985 1787 3016 per
1827 2987 1935 3008 annos
1974 2974 2027 3007 15.
2069 2973 2209 3006 Missas
2245 2973 2399 3006 celebra·

1277 3023 1362 3053 verit
1388 3031 1478 3054 piore
1505 3017 1787 3053 Catholicoram.
1831 3022 1881 3054 lta
1909 3022 1944 3053 in
1972 3018 2076 3054 Fidei
2102 3019 2266 3064 Consess.
2292 3029 2400 3062 quam

1278 3063 1389 3099 edidit
1416 3078 1508 3100 anno
1536 3067 1637 3101 1528.
1693 3067 1755 3100 Hae
1781 3075 1954 3101 consuetae
1992 3075 2092 3101 erant
2120 3066 2312 3100 Ecclesiam
2349 3064 2401 3095 la-

1275 3112 1420 3146 cerandi
1455 3114 1640 3153 formulae,
1675 3125 1762 3157 quas
1797 3113 1953 3147 Luthero
1981 3115 2127 3148 Satanas
2165 3110 2400 3156 suggerebat5

1277 3156 1370 3192 hune
1394 3160 1488 3193 enirn
1514 3159 1724 3204 magistrum
1752 3161 1928 3206 appellare
1956 3171 2024 3194 non
2048 3159 2306 3196 erubescebat,
2335 3156 2401 3187 im-

1276 3214 1337 3237 mo
1363 3207 1528 3240 Satanam
1563 3207 1675 3251 magis
1711 3207 1778 3241 sibi
1815 3206 2103 3241 contubernalem
2135 3216 2206 3237 esse
2239 3201 2399 3237 dicebat,

1276 3261 1508 3334 qnalmabstssam
1533 3251 1764 3288 catharinam
1778 3274 1791 3296 ,
1815 3264 1924 3300 quam
1949 3252 2023 3289 Deo
2049 3260 2187 3298 raptam
2211 3248 2328 3283 uxoris
2346 3245 2399 3278 Ιο-

1277 3307 1318 3332 co
1351 3309 1362 3332 ι
1415 3310 1431 3332 e
1460 3306 1517 3333 at.
