2605 3624
736 36 817 80 DE
850 35 1238 80 ATTRITIONE
1270 37 1539 82 formino
1549 41 1699 85 LOSA
1713 73 1722 82 .

98 151 106 159 .
138 121 292 161 nonnisi
322 119 543 160 dubitanter
571 115 806 154 adstruxerat
829 114 870 153 P.
890 114 937 153 V.
970 114 1118 153 Relae‘ct.
1148 114 1197 153 (le

78 153 106 225 ζ,
134 180 270 226 poenit.
291 176 492 226 inquiens:
524 169 715 207 Contritio
742 173 900 218 ponitur
919 181 1015 220 pars
1044 169 1198 206 Sacra-

76 259 103 279 „
133 233 289 276 menti,
329 230 424 276 quia
451 232 510 262 est
538 233 679 271 certa,
721 224 771 263 &
800 221 1026 261 indubitata
1065 231 1195 260 mace-

80 312 108 333 „
137 287 201 320 ria
221 307 233 320 .
279 277 392 329 Quod
421 287 558 316 autem
587 279 740 315 attritio
768 275 964 326 sufficiat,
1013 279 1195 327 quarm-is

77 365 104 386 „
134 345 267 373 verum
295 335 371 380 sit,
415 344 496 369 non
525 339 582 369 est
613 330 716 368 aleo
744 340 898 368 certum
922 361 932 378 ,
961 329 1012 370 6)·
1041 334 1081 368 in
1100 329 1193 368 labi·

73 417 102 438 „
129 396 291 431 tatum3
319 385 370 426 (θ’
398 384 484 423 ι’(Ιεο
503 384 722 422 Concilium
752 383 1053 431 Florentinum,
1084 396 1191 422 coriz-

72 471 100 492 ,‚
131 443 340 491 manisque
368 443 725 477 senteniiatenens
754 448 908 476 certum
926 469 936 486 ,
967 439 1194 488 relinquens

75 523 106 546 ³,
133 497 351 541 incertum,
379 498 487 544 ponit
509 523 520 541 ,
550 496 828 530 contritionem
844 502 1001 542 partem
1027 504 1113 530 esse
1128 490 1195 528 lui-

74 575 102 598 „
123 547 193 600 jus
222 545 511 585 Suet-amenti.
557 546 638 584 llac
667 546 801 584 eadem
847 545 1108 584 moderatione
1139 544 1193 582 lo-

76 628 104 650 „
132 602 266 653 quitur
293 599 435 639 Suarez
452 631 463 649 ‚
493 599 565 638 Ste-
588 626 659 639 .....
679 600 852 639 Suarezii
883 601 1072 637 monitum
1103 612 1193 638 con-

73 682 102 704 „
132 655 261 693 firmat
290 654 391 693 Phil.
418 653 679 693 Gamacbaeus
699 679 771 694 .....
792 652 826 690 8(
855 651 995 692 Paulus
1024 654 1192 692 Comite-

69 736 98 757 ,‚
127 706 210 757 lus,
239 708 312 747 ἃς.
341 708 413 746 ἃς.
434 712 461 730 “

129 762 219 814 178.
241 792 268 811 „
288 762 363 800 Sed
383 762 484 815 quod
516 764 604 810 isti,
635 769 734 800 tanta
754 760 927 800 adbibita
956 761 1191 814 circumspe-

69 843 99 864 „
129 817 254 854 ctione
282 814 553 864 affirmarunt,
585 816 806 866 posteriores
837 815 1019 854 Doctores
1047 815 1096 852 ob
1122 829 1191 853 au-

71 897 100 917 „
130 876 235 907 ctum
265 869 341 908 sibi
369 870 688 908 consentientium
718 882 926 906 numerum
970 871 1190 906 animosio-

70 950 100 970 „
128 934 194 961 res·
209 920 346 974 facti,
377 934 452 960 non
481 922 606 960 solum
635 922 782 974 absque
813 921 892 959 ulla
922 922 1188 970 dubitatione,

67 1003 97 1024 „
127 974 162 1011 ἃ
190 974 418 1014 limitatione
447 984 709 1022 asseruerunt,
753 975 817 1013 sed
846 976 1075 1014 contrariam
1106 989 1190 1012 sen-

71 1056 98 1076 „
129 1028 288 1066 tentiam
314 1028 574 1080 requirentem
604 1029 643 1066 in
675 1030 887 1080 poenitente
911 1027 1081 1081 aliquem
1100 1026 1191 1066 clia-

66 1109 96 1129 „
124 1081 245 1119 ritatis
274 1095 474 1131 amorem,
514 1081 650 1122 saltem
682 1082 869 1120 initialem
887 1111 898 1130 ‚
935 1095 1093 1134 carpere
1115 1112 1125 1130 ,
1155 1081 1191 1118 ἃ

65 1162 96 1183 ,‚
125 1146 301 1173 censura
329 1135 484 1176 afficere
513 1149 587 1175 non
616 1136 868 1184 dubitarunt,
911 1150 996 1174 eam
1025 1139 1192 1174 omnino

66 1215 97 1236 „
125 1187 427 1239 improbabilem
447 1220 459 1240 ,
488 1190 754 1242 periculosam
771 1220 782 1238 ,
824 1188 1047 1227 Tridentini·
1078 1203 1191 1226 men-

67 1269 98 1291 „
125 1245 155 1280 ti
182 1247 466 1293 contrariam,
496 1253 616 1295 atque
645 1245 861 1294 implicite,
891 1244 940 1284 (9⁶
970 1243 1190 1281 virtualiter

66 1323 94 1344 „
123 1294 420 1347 quodammodo
433 1297 484 1336 ab
513 1297 652 1337 eodem
673 1297 902 1336 Tridentino
920 1300 1190 1347 proscriptam

67 1377 96 1398 „
123 1349 338 1389 dictitantes
357 1354 384 1374 “
406 1352 600 1391 Hactenus
616 1365 789 1390 summus
819 1352 887 1389 iste
904 1352 1092 1389 universce
1115 1350 1190 1388 Ec-

66 1400 196 1440 clesiae
227 1402 385 1454 Pastor,
433 1407 502 1458 qui
538 1405 701 1444 subinde
729 1404 931 1458 Episcopis
972 1405 1190 1443 cavendum

66 1457 277 1508 praecipit,
303 1466 386 1505 „ut
415 1459 456 1498 in
485 1460 564 1498 suis
591 1459 779 1512 Synodis,
809 1468 873 1497 aut
903 1459 943 1496 in
974 1458 1192 1496 instructio-

63 1538 93 1559 „
122 1521 168 1546 ne
196 1509 475 1562 sacerdotum,
517 1526 636 1565 quain
665 1511 834 1566 Synodis
874 1512 1104 1564 quandoque
1134 1520 1188 1550 at-

63 1589 92 1611 „
120 1569 274 1612 terunt,
303 1563 454 1619 aliquid
481 1565 712 1614 decernant,
743 1575 806 1607 aut
822 1566 868 1604 de
887 1566 1088 1604 attritionis
1108 1579 1189 1603 me-

63 1645 93 1666 „
121 1628 164 1658 re
191 1617 340 1656 servilis
386 1619 434 1658 ad
463 1619 757 1659 Sacramentum
800 1620 1038 1671 poenitentiae
1081 1618 1189 1657 suffi-

63 1699 93 1719 „
121 1670 288 1718 cienda,
330 1680 396 1709 aut
425 1673 473 1710 de
500 1674 644 1711 amoris
672 1672 807 1710 saltem
837 1671 997 1710 initialis
1026 1673 1184 1711 necessi-

65 1752 94 1772 „
122 1730 224 1771 tate,
267 1722 394 1763 adhuc
423 1727 570 1778 quippe
598 1725 670 1764 sub
698 1726 828 1776 judice
858 1726 904 1764 tis
934 1735 1012 1773 est,
1060 1726 1185 1764 adbuc

64 1804 94 1825 ‚,
123 1775 283 1828 impune
328 1790 370 1815 ro
391 1791 468 1817 uua
484 1809 496 1827 ,
527 1778 560 1815 ἃ
576 1778 694 1817 altera
709 1780 894 1818 sententia
914 1780 1119 1818 dimicatur
1135 1784 1184 1819 “-

123 1842 213 1881 179.
243 1859 270 1879 „
290 1791 365 1869 ged
402 1845 479 1870 non
524 1833 608 1870 ideo
637 1835 652 1885 (
681 1832 810 1871 subdit
851 1834 1184 1884 providentissime

61 1907 92 1932 ,.
121 1881 348 1923 Benedictus
378 1885 393 1934 )
422 1884 673 1937 probibentur
711 1886 894 1938 Episcopi
923 1887 1184 1926 Confessarios

59 1964 88 1986 „
118 1949 274 1974 monere
295 1967 306 1985 ,
338 1947 378 1976 ut
394 1940 623 1991 paenitentes
651 1939 698 1977 ad
721 1953 851 1978 veram
871 1968 883 1987 ,
914 1939 947 1975 8<
969 1941 1184 1992 perfectam

56 2017 90 2038 „
118 1991 386 2030 contritionem
428 1991 628 2031 hortentur
647 2022 659 2041 ,
695 1992 956 2039 &excitent3
993 1994 1032 2032 id
1062 1994 1183 2046 siqui-

57 2071 89 2092 „
116 2041 205 2082 dem
231 2044 457 2084 iaciendum
483 2047 646 2085 suadent
687 2047 803 2085 etiam
835 2048 1025 2099 praecipui
1054 2057 1182 2085 aucto·

57 2124 89 2145 „
117 2108 204 2145 res,
249 2099 319 2150 qui
347 2111 419 2151 pro
453 2099 683 2138 sufficientia
723 2099 866 2139 doloris
896 2114 941 2138 ex
969 2099 1048 2138 solo
1077 2110 1183 2139 metu

55 2178 89 2198 „
116 2148 303 2201 gelienuae
345 2161 529 2192 steterunt
550 2180 622 2192 .....
642 2153 692 2191 Et
720 2153 822 2205 quod
851 2155 973 2206 magis
1002 2163 1085 2200 est,
1129 2156 1182 2194 ita

59 2231 89 2251 „
118 2203 206 2241 fieri
235 2206 414 2257 praecipit
441 2205 592 2244 Rituale
623 2205 734 2244 Rom.
752 2236 763 2253 ,
794 2206 898 2257 jussu
930 2207 1039 2244 Pauli
1061 2207 1112 2246 V.
1141 2223 1180 2246 e-

54 2283 88 2304 „
116 2255 242 2295 ditum
258 2282 330 2296 .....
350 2259 415 2297 eui
443 2267 623 2298 consonat
653 2257 804 2297 Rituale
834 2261 1113 2313 Argentinense
1142 2276 1181 2301 e-

59 2337 88 2359 ,,
117 2309 247 2350 ditum
275 2325 299 2351 a
324 2311 440 2352 Card.
469 2312 515 2352 de
545 2311 691 2352 Roham
710 2341 722 2362 ,
751 2311 822 2352 &m
840 2316 866 2335 ‘⁶

172 2387 181 2430 J*

166 2433 171 2449 Ι

346 2467 363 2478 κ

108 2497 163 2533 (a)
192 2494 472 2531 celebratissimi
497 2497 673 2544 Theologi
699 2497 901 2534 Car-melitae
927 2499 1186 2535 Salmanticen-

65 2550 121 2572 ses
145 2540 183 2573 in
201 2541 323 2576 Tract.
347 2545 392 2577 de
416 2544 589 2579 charitate
603 2545 704 2591 Disp.
726 2547 769 2579 ll.
795 2545 879 2580 dub.
900 2556 931 2578 2.
959 2549 990 2589 ᾗ.
1013 2548 1043 2581 5.
1071 2560 1103 2580 n.
1125 2559 1183 2592 ²9·

63 2585 202 2630 aliquos
226 2598 450 2630 memorant,
487 2592 548 2635 qm·
572 2589 744 2626 docebant
763 2614 774 2632 ‚
800 2604 935 2626 amores
963 2594 1038 2626 illos
1053 2615 1065 2634 ‚
1103 2595 1184 2639 qui-

66 2630 135 2665 hus
162 2632 230 2666 alia
243 2653 258 2672 ,
281 2634 338 2666 vet
362 2635 432 2668 alia
451 2634 571 2670 divina
584 2638 753 2682 perfectio
769 2637 932 2684 diligitur
946 2661 957 2680 ‚
982 2649 1067 2685 puta
1086 2652 1184 2674 sum-

66 2688 126 2711 ma
150 2677 228 2723 ejus
252 2682 498 2716 misericordia
521 2688 664 2726 praecise
690 2686 965 2727 &liber-aliem,
991 2688 1041 2721 ita
1065 2686 1183 2721 cbari-

67 2724 154 2757 tatis
177 2737 252 2759 esse
275 2727 436 2772 proprios
454 2751 467 2771 ‚
491 2737 531 2763 ut
549 2729 723 2764 sufficiant.
741 2729 785 2765 ad
807 2731 1102 2776 justificationem
1118 2735 1184 2769 im-

64 2770 142 2815 pii,
167 2770 281 2805 instar
304 2774 502 2818 proximas,
546 2778 578 2808 δι
603 2775 738 2810 ultimae
765 2774 1008 2822 dispositionis
1035 2779 1078 2813 ad
1103 2791 1185 2825 gra-

63 2816 125 2850 tiae
149 2817 403 2853 sanctificantis
430 2821 640 2855 infusionem
666 2827 745 2867 quia
770 2827 878 2867 ipsum
896 2824 1007 2859 Deum
1032 2828 1184 2861 omnibns

66 2868 239 2898 creaturis
263 2874 497 2910 anteponu71t5
521 2877 626 2913 atque
645 2869 693 2902 ita
718 2871 930 2904 sententiam
949 2877 1076 2906 amoris
1101 2887 1183 2907 con-

65 2914 287 2954 cupiscentiae
313 2911 570 2957 quodammodo
596 2917 870 2958 praeformarunt
891 2940 900 2948 .
927 2917 993 2951 Sed
1018 2931 1094 2954 eam
1120 2933 1182 2965 po.

30 2990 32 2993 ,
67 2965 146 2990 stea
171 2959 326 2992 maxime
349 2959 544 2994 illustravit
571 2961 770 3007 'Theologus
801 2960 1049 3006 doctissimus,
1087 2969 1119 2999 δι
1144 2979 1182 3000 a·

36 3032 41 3034 .
67 3003 272 3038 eutissimus
299 3005 499 3041 Honoratus
518 3007 730 3054 'foui-nely,
754 3009 814 3053 qui
840 3019 1027 3055 postquam
1053 3021 1177 3057 quaest.

67 3060 104 3084 1.v
123 3058 192 3084 art.
221 3052 255 3084 3.
281 3053 392 3086 concl.
422 3064 451 3085 ι.
477 3052 651 3087 docuisset
686 3059 901 3089 ‹atritionem
936 3059 1083 3100 aliquem
1109 3062 1182 3092 sal-

37 3124 40 3126 .
65 3103 134 3130 tem
157 3098 376 3138 inchoatum,
403 3104 443 3132 Θ·
469 3102 642 3134 initialem
660 3100 731 3134 Dei
757 3114 900 3135 artiorem
917 3105 1096 3137 includere
1120 3107 1184 3138 ‹le-

68 3141 252 3185 bere„ne
276 3144 426 3178 decretis
463 3147 558 3180 Cleri
585 3147 760 3180 Gallicani
800 3159 856 3181 an.
886 3160 1014 3192 17oo.,
1054 3151 1184 3194 quibus

70 3189 207 3227 attritio
238 3191 464 3226 formidolosa
489 3193 686 3238 proscripta
711 3195 852 3234 suerat,
889 3203 1007 3239 aperte
1043 3205 1184 3231 contra-

72 3231 230 3276 diceret,
264 3237 329 3272 boc
353 3238 518 3284 effugium
545 3240 678 3273 invenit
704 3238 905 3276 dilectionis
938 3247 1184 3286 concupiscen-

69 3282 126 3315 tiae
142 3303 156 3324 ,
181 3292 243 3314 seu
270 3288 369 3327 epei,
395 3297 501 3330 qnam
527 3287 632 3320 simul
658 3298 738 3320 cum
765 3286 946 3324 attritione
972 3287 1180 3325 formidolo-

174 3325 415 3385 Gazzaniga
447 3331 578 3375 Theoi.
609 3332 724 3374 Tom.
754 3332 824 3374 IX.

2247 67 2318 94 121

1325 116 1415 154 180.
1445 118 1514 155 His
1546 120 1767 170 proelmbit's
1796 121 1872 159 (ἴτω
1901 124 2009 163 nobi,-
2032 124 2095 164 bic
2123 126 2382 170 demonstrau-

1264 168 1314 207 da.
1343 178 1459 218 sunt,
1504 184 1632 220 privio
1662 187 1734 210 izo-i
1767 177 1940 213 sufficere
1970 180 2013 216 ari
2048 184 2284 232 poenitentias
2316 186 2387 225 Sa·

1266 232 1506 262 eramentum
1525 226 1594 262 rite
1610 228 1898 277 suscipiendum
1914 234 2138 272 auritium-iu
2173 237 2278 275 illam
2296 237 2384 289 for-

1264 275 1533 326 midolosam,
1575 291 1664 330 quae
1701 280 1846 318 secluso
1883 287 1986 321 ouini
2016 301 2143 324 amun:
2182 291 2250 329 liei
2271 284 2383 339 ‚'321.

1262 339 1339 368 tem
1370 331 1537 379 initiali,
1567 334 1784 384 concipitur
1815 348 1859 372 ex
1887 335 1962 373 sola
1985 342 2283 382 coz÷s{‹¹·1rsti‹.2,0
2304 356 2384 385 tur-

1263 384 1447 436 pitudinis
1478 387 1650 436 peccati,
1681 394 1746 424 aut
1766 388 1900 425 timore
1932 404 2162 441 poeuarwu,
2193 412 2236 433 ar·
2269 401 2382 450 potis-

1263 439 1405 476 simum
1423 437 1604 488 gebenna:
1627 451 1635 476 ε
1663 441 1838 477 secmrlo
1857 472 1866 489 ,
1899 441 2001 481 bunc
2031 460 2201 485 amorem
2222 452 2290 489 livi
2310 454 2384 490 sal-

1263 501 1337 530 tem
1369 492 1559 531 initialem
1578 523 1588 540 ‚
1618 492 1665 530 ad
1687 493 1856 532 valorem
1871 495 2109 536 Sacrani-‚emi
2130 504 2352 552 fosatisii-un
2371 538 2382 556 ,

1262 559 1340 584 esse
1356 558 1525 585 amorem
1544 545 1823 586 benevolentiae
1839 579 1850 597 ,
1881 563 1945 587 seu
1963 550 2159 590 charitatis
2177 584 2186 601 ,
2218 570 2290 594 nrm
2314 574 2384 597 au-

1262 608 1338 638 tem
1359 612 1530 639 amorem
1551 600 1667 639 solius
1687 605 1791 653 Spei,
1822 616 1886 641 seu
1917 609 2276 656 concupiscentur,
2307 625 2383 663 ‘1¹¹0

1264 653 1392 692 Deum
1410 683 1421 702 ,
1453 663 1494 692 ut
1522 654 1631 694 nobis
1659 654 1803 694 bouum
1822 685 1832 704 ,
1861 657 2047 697 duntaxat
2077 660 2274 714 diligimus
2291 667 2355 715 (‹z)
2374 691 2386 704 .

1323 708 1412 745 181.
1444 708 1494 747 Ut
1509 718 1637 747 autem
1669 717 1748 747 tam
1779 710 1979 762 amplam,
2011 712 2136 752 &tam
2169 717 2384 768 implexam

1262 762 1486 810 materiam,
1516 777 1595 815 qua
1625 761 1761 814 majori
1793 777 1992 816 possumus
2010 769 2281 819 perspicuitate
2310 782 2387 812 tra.

1261 825 1433 863 ctemus,
1473 817 1648 854 eamdem
1678 817 1717 854 in
1749 825 1821 855 tres
1851 819 2032 858 articulos
2061 823 2304 873 partiemur:
2349 828 2386 865 in

1260 882 1424 919 quorum
1463 873 1593 919 primo
1634 871 1900 921 ostendemus,
1950 883 2150 928 nunquam
2180 878 2307 923 ,fuisse
2336 880 2387 919 ab

1259 922 1434 960 Ecclesia
1463 923 1684 962 damnatam
1704 954 1714 972 ,
1746 938 1813 963 nec
1843 927 2055 977 explicite,
2086 944 2156 967 nec
2177 933 2386 983 implicite,

1259 975 1369 1013 illam
1400 975 1685 1028 Tlicologorum
1714 978 1966 1029 opinionem,
1997 996 2086 1034 quae
2117 985 2162 1022 ad
2186 988 2378 1037 poeniten-

1259 1030 1355 1066 tiam
1386 1033 1598 1068 necessario
1628 1033 1790 1082 requirit
1827 1032 1998 1086 aliquem
2029 1036 2161 1075 saltem
2195 1041 2386 1080 initialem

1259 1081 1333 1119 Dei
1351 1096 1522 1121 amorem
1540 1097 1584 1120 ex
1606 1086 1748 1121 motivo
1777 1085 1971 1125 charitatis
1988 1119 1998 1137 ,
2029 1092 2132 1141 quod
2162 1091 2313 1145 aliqui,
2346 1104 2387 1134 ut

1261 1149 1379 1187 supra
1410 1136 1585 1182 vidimus,
1615 1151 1726 1174 num.
1753 1151 1841 1190 ¹79·
1860 1169 1872 1186 ,
1916 1142 2178 1192 imprudenter
2220 1161 2387 1187 asserere

1260 1201 1335 1226 non
1365 1197 1449 1227 suut
1470 1190 1605 1227 veriti:
1637 1191 1674 1227 in
1704 1192 1897 1240 secundo,
1928 1207 2003 1232 non
2021 1196 2197 1234 sufficere
2224 1202 2386 1239 attritio-

1257 1256 1347 1280 nem
1379 1256 1483 1280 mere
1513 1242 1823 1282 formidolosam:
1866 1247 1906 1285 in
1937 1252 2052 1286 tertio
2091 1260 2218 1289 autem
2255 1266 2386 1292 neces-

1259 1297 1360 1334 sario
1390 1297 1537 1348 requiri
1579 1296 1736 1348 aliquod
1782 1299 1935 1338 initium
1976 1302 2102 1342 divini
2131 1307 2306 1355 amoris,
2349 1307 2385 1344 δε

1258 1349 1416 1402 quidem
1448 1363 1494 1387 ex
1523 1349 1674 1402 objecto
1703 1350 1925 1402 charitatis,
1971 1364 2012 1394 ut
2038 1370 2116 1396 non
2147 1358 2313 1399 sufficiat
2341 1376 2381 1401 a·

1257 1416 1343 1442 mor
1372 1405 1487 1456 spei,
1517 1402 1564 1446 &
1593 1406 1944 1456 concupiscentiae.

1636 1509 1933 1554 ARTlCULUS
1971 1515 2002 1554 1.

1255 1617 1486 1670 Ilffaniseste
1526 1619 1777 1669 ostenditur,
1818 1625 2065 1662 sententiam
2085 1655 2095 1673 ,
2137 1639 2228 1677 quae
2256 1640 2382 1683 negat

1309 1672 1364 1711 ad
1408 1674 1586 1711 valorem
1616 1673 1879 1713 Sacramenti
1923 1682 2169 1727 poenitentioe
2197 1681 2381 1730 sufficere

1308 1731 1557 1765 attritionem
1573 1726 1890 1779 formidolosam
1909 1760 1920 1778 ,
1951 1731 2057 1769 nullo
2076 1746 2254 1786 unquam
2270 1735 2382 1788 suis-

1308 1793 1351 1819 se
1380 1779 1579 1819 Ecclesiae
1607 1781 1766 1821 decreto
1796 1781 2074 1825 damnatam.

1312 1862 1530 1927 182.H0c
1559 1889 1647 1926 satis
1676 1889 1868 1928 evinceret
1898 1889 2082 1942 libertas,
2121 1909 2200 1948 qua
2227 1899 2381 1937 nemine

1250 1942 1534 1979 contradicente
1552 1942 1729 1980 eamdem
1745 1946 1971 1984 seutentiam
1993 1946 2179 2001 Theologi
2202 1954 2379 1992 omnium

1253 1993 1468 2044 Ordinum,
1498 1994 1753 2034 &nationum
1783 1997 1915 2050 palam
1945 2002 1985 2038 in
2014 2010 2090 2040 tota
2112 2003 2285 2044 Ecclesia
2313 2006 2379 2044 de·

1254 2047 1414 2086 fendunt
1431 2075 1441 2087 .
1484 2048 1560 2087 Sed
1586 2051 1774 2102 quoniam
1812 2053 1915 2091 acuti
1960 2056 2120 2107 quidam
2170 2058 2381 2099 adversarii

1248 2115 1327 2140 non
1348 2100 1472 2140 solum
1490 2101 1651 2141 fidenter
1680 2116 1875 2153 asserunt,
1905 2109 1969 2146 sed
1998 2109 2229 2161 quibusdam
2260 2114 2380 2151 subti-

1250 2153 1354 2194 libus
1369 2155 1683 2194 cavillationibus
1697 2160 1930 2198 contendunt
1946 2191 1956 2208 ,
1986 2164 2215 2201 attritionem
2247 2166 2379 2204 formi-

1249 2208 1419 2247 dolosam
1451 2218 1493 2247 ut
1522 2210 1776 2248 sufficientem
1806 2212 2112 2253 inSacramento
2133 2219 2378 2267 poenitentiae

1246 2261 1447 2300 definitam
1466 2264 1505 2300 in
1520 2263 1639 2301 Conc.
1662 2263 1772 2302 Trid.
1790 2266 1918 2314 fuisse,
1934 2269 2108 2318 cogimur
2126 2269 2225 2309 banc
2242 2282 2376 2324 paten-

1249 2316 1433 2354 tissimam
1455 2316 1651 2357 veritatem
1668 2316 1802 2357 saltem
1818 2318 1987 2361 breviter
2014 2322 2270 2364 demonstrare
2292 2325 2375 2377 (b).

2230 2379 2320 2420 183.

1254 2512 1292 2535 sa
1318 2500 1474 2535 sufficere
1498 2502 1621 2537 multis
1641 2504 1858 2549 argumentis
1877 2505 2038 2541 evincere
2065 2516 2210 2542 conatus
2235 2516 2287 2542 cst
2303 2530 2315 2550 ,
2341 2512 2375 2543 ἃς

1251 2549 1383 2582 multos
1408 2549 1524 2593 reipsa
1551 2550 1586 2583 in
1615 2561 1714 2585 suam
1747 2554 1957 2587 sententiam
1985 2556 2184 2598 pertraxit.-
2224 2553 2309 2589 adeo
2334 2564 2375 2590 ut

1251 2606 1371 2629 omnes
1398 2595 1649 2630 Attritionistae
1674 2600 1887 2642 posteriores
1914 2598 2026 2633 eidem
2055 2601 2307 2635 subscribant.

1297 2642 1343 2681 (b)
1368 2641 1447 2674 Non
1473 2643 1600 2686 pauci,
1644 2655 1707 2677 nec
1733 2646 1807 2679 solo
1846 2647 1984 2679 nomine
2024 2647 2095 2680 noti
2124 2647 2296 2692 'Ilieolugi
2337 2648 2374 2682 id.

1252 2699 1408 2722 asserere
1434 2700 1502 2721 non
1527 2687 1736 2724 dubitarunt
1755 2714 1764 2723 .
1790 2693 1846 2725 Jo.
1874 2691 1979 2726 Card.
2006 2692 2047 2726 de
2075 2694 2173 2738 Lugo
2202 2695 2298 2739 Disp.
2325 2696 2371 2728 V.

1252 2736 1298 2768 cle
1322 2738 1443 2779 poeuit.
1470 2744 1553 2768 sect.
1568 2747 1602 2780 9.
1629 2749 1725 2770 num.
1749 2739 1827 2772 133.
1856 2740 2000 2784 loquens
2025 2739 2067 2773 de
2093 2741 2217 2783 Sylvio
2241 2741 2373 2777 doctis-

1253 2781 1342 2815 simo
1368 2783 1402 2814 S.
1429 2779 1574 2816 Thornae
1601 2784 1886 2818 Commentatore
1907 2808 1917 2828 ,
1954 2787 2015 2831 qui
2044 2787 2077 2819 in
2105 2788 2285 2833 Supplem.
2311 2801 2374 2834 qu.

1257 2839 1287 2860 1.
1314 2836 1381 2861 art.
1418 2840 1447 2861 1.
1474 2829 1691 2863 attritionem
1731 2831 1991 2865 formidolosam
2029 2831 2071 2866 ad
2102 2835 2372 2870 Sacramentum

1252 2874 1398 2908 minime
1426 2876 1581 2908 sufficere
1607 2875 1731 2918 docet,
1775 2879 1823 2912 ita
1851 2877 2095 2924 imprudenter
2134 2883 2368 2925 pronunciat:

1250 2920 1332 2954 Haec
1357 2929 1468 2955 tamen
1504 2928 1677 2957 sententia
1703 2932 1757 2957 est
1783 2934 1905 2959 contra
1941 2939 2057 2959 omnes
2083 2925 2303 2972 Theologos,
2329 2932 2372 2960 0·

1251 2976 1370 3002 contra
1397 2967 1656 3003 Triclentinum.
1690 2970 1726 3004 P.
1753 2971 1856 3005 Dom.
1883 2972 1974 3006 Viva
2002 2973 2105 3006 Tom.
2133 2975 2176 3007 ll.
2203 2975 2368 3018 Theolog.

1251 3013 1289 3046 P·
1307 3014 1369 3048 Vl·
1393 3025 1519 3060 quaest.
1539 3017 1572 3049 3.
1598 3026 1666 3051 art.
1687 3028 1717 3050 2.
1745 3017 1802 3050 Ex
1830 3019 1942 3053 «verbis
1972 3019 2197 3060 Tridentini,
2227 3021 2366 3065 inquit,

1251 3063 1306 3093 sin
1329 3065 1440 3096 minus
1465 3064 1508 3096 cle
1523 3063 1632 3106 fide,
1667 3072 1795 3098 certum
1821 3073 1930 3100 tamer:
1955 3069 2133 3101 moraliter
2159 3075 2212 3100 est
2228 3088 2238 3106 ‚
2262 3069 2367 3100 attri-

1251 3111 1377 3141 tionem
1402 3115 1476 3142 Uc.
1503 3110 1715 3144 sententiam
1755 3121 1871 3146 autem
1909 3122 2066 3147 nostram
2094 3122 2272 3158 tamquam
2301 3116 2363 3144 im·

1250 3154 1457 3196 probabilem
1481 3160 1754 3192 communissime
1779 3160 1883 3206 rejici
1922 3160 2094 3194 affirmat.
2134 3161 2168 3191 P.
2194 3157 2363 3192 Claudius

1253 3200 1434 3235 La-Croix
1462 3204 1673 3237 sententiam
1699 3203 1740 3237 de
1759 3207 1965 3240 sufficientia
1993 3205 2185 3239 attritionis
2211 3204 2364 3247 appella-

1251 3256 1289 3278 re
1313 3259 1381 3281 non
1406 3247 1545 3283 dubitat
1582 3253 1660 3294 plus
1685 3265 1779 3295 quam
1816 3256 1994 3286 moraliter
2018 3259 2164 3284 certam.
2207 3249 2365 3289 Denique

1251 3292 1282 3326 si
1306 3292 1489 3330 audiamus
1508 3294 1750 3334 doctissimum
1766 3299 2063 3343 Augustinianum
2082 3297 2220 3331 Petrum
2236 3293 2362 3328 Lamb-

1751 3342 1796 3385 16
