2605 3624
231 127 310 153 120

164 203 203 227 ne
234 188 472 226 intentionem
501 177 750 233 baptizandi,
793 175 892 228 qual
935 180 1056 213 etiam
1087 183 1193 225 patet
1226 187 1277 211 ex

166 242 263 284 icoc,
292 237 393 289 qual
422 249 500 273 non
530 234 764 284 baptizarit,
795 235 869 268 nist
899 229 1232 268 cathecumenos.

219 294 309 330 231.
339 292 570 328 Postremum
588 318 597 334 ,
628 287 727 338 quod
750 283 988 335 ‘Nicephorus
1008 283 1120 319 refert
1148 282 1194 318 de
1224 283 1278 318 in-

162 347 264 383 fante
295 345 460 382 Hebraeo
488 358 510 380 a
539 344 666 393 pueris
708 340 895 390 baptizato
915 368 923 384 ,
972 338 999 374 si
1032 349 1164 374 verum
1195 345 1246 372 cst
1268 364 1278 382 ,

162 399 271 437 debet
301 401 354 436 sic
384 396 595 448 explicari,
640 403 677 430 nt
705 390 1138 441 Constantinopolitatius
1176 389 1280 425 Auti-

163 462 234 491 stes
281 451 533 504 compererit,
577 449 707 484 omnia
737 448 773 483 iu
806 445 871 481 illo
913 444 1002 480 ludo
1040 444 1107 479 rite
1136 450 1280 478 servata

163 508 304 554 fuisse,
336 515 375 542 ut
405 518 472 541 nec
501 502 663 540 desuerit
694 502 730 536 iu
762 499 887 550 pueris
916 494 1192 546 baptizantibus
1222 496 1280 531 in-

162 561 277 597 tentio
306 558 497 604 faciendi,
527 555 625 607 quod
650 555 686 590 iu
712 552 881 590 Ecclesia
899 550 981 587 fieri
1013 548 1215 593 videbant,
1246 546 1278 581 &

160 616 214 652 sic
243 613 478 665 baptismum
511 619 550 645 ut
579 607 749 645 validum
789 603 1088 656 approbaverit.
1131 601 1279 647 Quam·

161 669 218 704 vis
248 666 302 704 nil
333 675 460 711 vetet,
490 672 529 699 ut
558 661 758 698 credamus
780 688 790 703 ,
828 657 1039 707 baptismus
1069 653 1128 690 illi
1159 665 1278 704 puero

159 721 277 758 fuisse
306 719 351 756 de
382 730 479 756 novo
507 713 709 752 collatum.
753 712 850 747 Cum
895 709 996 745 enim
1028 707 1126 744 dicat
1157 707 1278 743 Histo-

160 775 290 821 ricus,
334 771 539 809 decrevisse
571 767 801 818 Episcopum
826 793 836 809 ,
868 771 906 799 ut
937 763 974 798 iu
1004 759 1072 797 illo
1102 760 1244 797 infante
1265 788 1276 805 ,

158 826 261 878 quoti
289 825 440 863 deesset
472 825 588 868 juxta
618 820 799 869 mysterii
828 817 1127 861 executionem,
1170 826 1277 849 com-

159 881 356 929 pleretur,
387 870 583 928 possumus
614 881 819 921 utrumque
849 867 1059 918 intelligere
1081 895 1091 913 ,
1134 865 1278 903 scilicet

159 943 225 970 aut
255 947 331 970 esse
363 933 497 968 iterum
528 926 760 976 baptizatum
804 923 990 959 infantem
1011 950 1021 967 ,
1066 928 1128 956 aut
1158 920 1188 955 si
1222 932 1279 955 re-

159 997 216 1024 cte
244 986 452 1037 baptizatus
482 981 603 1017 fuerat
622 1008 633 1026 ,
672 978 706 1014 ei
737 976 1035 1013 administratam
1065 971 1280 1010 Confirma-

160 1042 323 1085 tiouem,
353 1050 468 1087 quam
501 1032 609 1085 pueri
639 1030 809 1069 conferre
839 1041 911 1065 non
943 1036 1171 1081 potnerunt.

213 1093 304 1130 232.
335 1090 476 1127 Dices.
520 1087 622 1124 Isaac
652 1081 872 1121 Patriarclia
901 1091 999 1119 certe
1042 1093 1114 1117 nou
1147 1078 1282 1116 habuit

157 1145 404 1189 intentionem
434 1138 686 1180 benedicendi
716 1136 862 1182 Jacob,
910 1135 970 1172 sed
1003 1135 1124 1185 potius
1153 1133 1281 1178 Esau3

157 1199 240 1248 ejus
269 1207 393 1235 tamen
436 1193 651 1234 benedictio
687 1190 816 1228 valida
861 1189 957 1234 fuit3
1003 1187 1101 1225 unde
1131 1187 1282 1224 dicebat

156 1252 275 1290 Gensi
306 1249 471 1289 XXVII.
503 1248 591 1286 55.:
635 1243 830 1282 Beneclixi
858 1246 917 1290 ei,
947 1241 995 1281 ἐν
1025 1245 1097 1278 erit
1127 1238 1282 1278 benedi·

157 1314 271 1342 ctus:
304 1306 385 1356 pari
418 1315 504 1354 ergo
525 1301 696 1346 ratione,
727 1299 848 1335 immo
876 1297 989 1332 etiam
1019 1295 1188 1346 potiore,
1220 1308 1282 1331 ra-

156 1368 196 1396 ta
225 1367 334 1395 erunt
363 1357 635 1401 Sacramenta,
666 1353 747 1389 sine
779 1349 857 1387 ulla
886 1350 1090 1387 intentione
1120 1347 1281 1392 collata3

158 1413 251 1464 quia
281 1415 372 1461 ipsis
401 1423 476 1447 sua
506 1412 622 1445 virtus
652 1408 832 1451 assistit,
881 1411 920 1440 ut
952 1402 1122 1452 loquitur
1152 1402 1283 1451 Augu-

159 1466 282 1501 stinus
305 1493 315 1510 ,
355 1463 388 1499 8<
419 1461 622 1499 i1ntr3nseca
653 1457 795 1510 pollent
824 1455 1015 1493 efficacia.
1046 1454 1141 1492 Sunt
1171 1456 1284 1491 etiam

161 1517 343 1569 quaedam
372 1513 587 1567 spirituales
616 1511 820 1549 medicina:
841 1537 852 1556 ,
880 1521 968 1560 quae
991 1521 1058 1545 sua
1087 1509 1222 1544 virtute
1242 1521 1281 1543 o-

155 1579 340 1623 perantur
361 1599 371 1616 ,
402 1567 491 1606 licet
512 1565 619 1604 nulla
647 1564 743 1601 adsit
773 1563 930 1599 intentio
959 1560 1150 1607 ministri3
1180 1562 1280 1597 sicu·

155 1626 185 1661 ti
214 1631 417 1675 operantur
447 1621 650 1658 medicinae
688 1615 928 1668 corporales,
973 1614 1119 1650 etiamsi
1152 1612 1278 1651 Medi-

155 1691 223 1715 cus
252 1691 312 1714 eas
341 1677 421 1713 sine
452 1673 544 1711 ulla·
563 1671 764 1710 intentione
783 1700 793 1717 ,
825 1668 1044 1706 &illusorie
1074 1667 1277 1717 propinet.

211 1731 302 1770 235.
333 1729 444 1781 Resp.
462 1758 472 1776 ,
502 1724 762 1764 Patriarcliam
793 1724 894 1760 Isaac
914 1735 1001 1759 vere
1024 1720 1199 1757 habuisse
1217 1721 1275 1758 iu-

154 1786 360 1822 teutionem
383 1781 631 1829 benedicepdi
646 1808 655 1826 ,
686 1778 784 1815 serio
802 1776 1107 1814 benedictionem
1123 1773 1278 1812 tribuis-

155 1852 195 1876 se
217 1867 227 1885 ,
258 1850 331 1874 non
359 1836 465 1888 joco,
495 1842 558 1871 aut
588 1833 785 1878 illusorie,
829 1844 871 1867 ac
903 1836 1100 1880 propterea
1131 1836 1249 1864 ratam
1268 1857 1278 1875 ,

154 1891 354 1942 fixamque
384 1889 561 1926 mansisse
580 1886 884 1924 benedictionem
901 1912 911 1930 ,
940 1895 1027 1932 quae
1048 1889 1128 1917 rata
1144 1909 1154 1927 ,
1185 1880 1218 1916 δι
1235 1880 1280 1917 fi-

158 1958 210 1983 xa
238 1956 311 1981 non
341 1943 562 1989 mansisset,
593 1941 621 1977 si
654 1937 899 1989 joculariter,
930 1934 1166 1971 autmimice
1197 1948 1280 1971 eam

157 1999 292 2036 fuisset
322 1997 533 2047 impertitus
550 2020 559 2030 .
591 1993 709 2030 Totus
734 2003 836 2027 error
866 1989 937 2028 fuit
955 1989 991 2024 in
1012 2000 1191 2040 persona3
1220 1987 1283 2024 sed

159 2052 341 2102 quoniam
372 2050 476 2087 Isaac
506 2046 626 2085 voluit
656 2044 878 2083 benedicere
908 2051 1131 2093 praesentem
1151 2070 1161 2087 ,
1200 2041 1284 2078 ideo

158 2104 224 2143 bic
239 2117 343 2141 error
373 2115 442 2140 non
459 2102 579 2154 potuit
607 2100 757 2138 irritam
773 2097 928 2134 reddere
952 2095 1253 2132 benedictionem
1273 2120 1283 2131 .

158 2158 225 2196 Sic
253 2157 436 2195 Sacerdos
465 2165 600 2207 putans
629 2167 667 2191 se
695 2151 890 2203 baptizare
920 2148 1049 2186 filium
1080 2147 1207 2195 Petri,
1252 2148 1283 2185 si

162 2224 208 2248 ex
239 2224 363 2248 errore
392 2209 514 2247 alium
551 2208 785 2259 baptizaret,
828 2203 1041 2255 baptismus
1084 2210 1173 2238 esset
1202 2202 1283 2238 siue

158 2264 279 2302 dubio
308 2263 457 2301 validus
478 2292 489 2310 ,
518 2275 592 2299 non
622 2260 793 2297 obstante
810 2269 934 2294 errore
965 2268 1138 2307 personas
1157 2281 1166 2291 .
1198 2254 1284 2292 Non

159 2318 294 2356 desunt
311 2318 424 2355 etiam
443 2345 454 2364 ,
483 2316 551 2368 qui
570 2315 724 2360 dicant,
753 2311 1058 2349 benedictionem
1082 2308 1190 2346 illam
1206 2320 1281 2346 non

161 2372 278 2410 fuisse
307 2369 473 2409 validam
494 2399 505 2417 ,
548 2368 621 2406 nisi
653 2374 851 2419 postquam
882 2364 984 2401 Isaac
1014 2363 1187 2400 eamdem
1217 2374 1285 2399 no·

161 2438 212 2463 va
239 2424 426 2463 voluntate
455 2420 720 2467 confirmavit,
749 2419 899 2457 dicens:
929 2415 1124 2455 Benedixi’
1144 2418 1206 2463 ei,
1236 2415 1285 2455 (θ’

164 2481 239 2516 eric
269 2476 491 2515 benedictus
508 2502 519 2513 .

220 2531 311 2576 254.
342 2530 438 2568 Sunt
467 2529 621 2580 quidem
652 2528 898 2567 Sacramenta
927 2539 971 2563 ex
1001 2538 1037 2563 se
1060 2555 1070 2572 ‚
1101 2523 1135 2560 8(
1165 2524 1285 2561 virtu-

162 2596 200 2624 te
229 2584 386 2636 propria
407 2581 605 2629 efficacia,
635 2582 663 2618 si
682 2582 752 2618 rite
780 2581 1118 2624 administrentur3
1148 2578 1194 2615 ad
1225 2589 1286 2614 eo-

163 2653 253 2677 rum
282 2646 408 2676 tamen
439 2644 581 2672 rectam
610 2634 972 2671 administrationem
1003 2641 1141 2683 praeter
1172 2639 1289 2668 mate-

163 2694 265 2731 riam
283 2721 293 2738 ,
323 2690 357 2726 &
387 2690 551 2726 formam
580 2689 787 2739 requiritur
817 2687 1017 2731 minister,
1054 2687 1123 2737 qui
1153 2683 1290 2722 liuma-

165 2758 214 2783 no
243 2743 379 2791 modo,
423 2742 516 2780 idest
542 2741 776 2788 deliberate,
815 2748 922 2791 agat,
953 2738 986 2774 δε
1016 2740 1204 2788 actionem
1235 2738 1291 2774 iu·

165 2796 403 2836 differentem
433 2810 500 2834 sua
528 2796 734 2833 intentione
755 2793 802 2832 ad
832 2807 909 2830 esse
929 2790 1210 2830 Sacramentale
1225 2791 1290 2827 de·

166 2850 369 2890 terminet.
413 2849 546 2902 Neque
577 2847 789 2887 similitudo
817 2847 1021 2884 medicinae
1052 2842 1258 2896 corporalis
1277 2872 1287 2890 ,

168 2918 246 2958 qua
275 2904 329 2940 uti
359 2902 476 2940 solent
505 2901 690 2953 Tlieologi
720 2901 767 2940 ad
796 2900 1129 2938 sacramentorum
1160 2896 1290 2934 effica-

169 2961 271 2997 ciam
301 2956 566 3006 explicandam
586 2985 596 3003 ‚
626 2964 678 2992 est
708 2955 907 3006 adaequata
925 2982 935 2999 ,
964 2953 1036 2990 nisi
1065 2951 1289 2990 Sacramen-

169 3013 221 3049 tis
247 3010 425 3062 perfectis
455 3009 671 3059 adaptetur,
701 3017 884 3059 quatenus
913 3012 1079 3044 coustant
1110 3003 1290 3049 materia,

171 3066 295 3104 forma
313 3093 323 3110 ,
353 3062 387 3098 &
417 3062 588 3099 ministro
617 3060 777 3107 idoneo,
809 3074 853 3097 ac
884 3068 982 3096 recte
1012 3057 1214 3108 disposito.

228 3117 320 3156 255.
349 3115 426 3153 Ob.
455 3113 652 3152 secundo.
681 3113 731 3159 ES.
763 3113 993 3164 Augustinus
1023 3110 1152 3148 Tract.
1176 3108 1223 3145 V.
1254 3108 1290 3145 in

171 3172 283 3211 Joau.
315 3183 419 3207 num.
441 3167 502 3206 18.
533 3167 646 3204 Tom.
668 3166 735 3204 IV.
766 3165 846 3203 haec
889 3164 1004 3202 habet
1034 3165 1080 3200 de
1109 3162 1291 3212 baptismi

173 3225 365 3263 ministro:
394 3219 490 3259 Non
519 3225 639 3258 timeo
669 3219 895 3256 adulterum
913 3247 923 3266 ,
951 3230 1034 3253 ηοη
1063 3215 1257 3253 ebriosum
1280 3244 1291 3261 ,

173 3291 255 3316 non
283 3274 526 3315 homicidam
547 3304 558 3323 ,
601 3276 694 3325 quia
723 3270 947 3309 columbam
989 3268 1178 3316 attendo,
1226 3280 1294 3315 per

176 3342 302 3382 quam
329 3329 425 3370 mihi
444 3328 609 3369 dicitur:
639 3325 699 3366 mc
715 3334 794 3375 est,
822 3329 887 3377 qut
906 3324 1105 3375 baptizat.
1137 3322 1183 3363 Et
1203 3321 1294 3362 Lib.

946 92 1210 140 DISSERT.
1235 95 1291 137 ΙΙ.

1326 93 1453 141 GAF.
1480 92 1580 137 VII.

1347 173 1434 210 Vll.
1466 172 1529 210 De
1558 171 1752 222 baptismo
1767 186 1851 224 cap.
1876 173 1938 211 53.
1969 172 2083 211 'som.
2102 171 2190 210 XII.
2214 171 2310 210 inter
2337 172 2459 212 varias

1346 228 1573 278 quaestiones
1601 228 1646 264 de
1666 228 1846 265 ministro
1874 226 2052 278 baptismi
2096 225 2191 263 lianc
2230 227 2343 263 etiam
2376 238 2462 275 pro-

1347 282 1451 330 ponit
1473 310 1483 327 ,
1527 295 1575 318 an
1604 280 1725 318 valeat
1761 281 1972 332 baptismus
1999 284 2039 316 ἰη
2070 284 2193 317 mimo
2221 291 2312 316 cum
2343 277 2463 330 fide,

1347 337 1380 369 si
1408 337 1618 382 quisquam
1639 337 1740 370 iuter
1761 333 1962 384 agendum
1981 338 2189 385 repentina
2217 336 2363 382 pietate
2378 344 2462 368 mo-

1349 395 1483 423 §catur
1498 385 1521 421 Ρ
1551 386 1598 423 Et
1618 388 1754 423 iterum
1784 388 1923 438 quaerit
1940 417 1949 434 ,
1980 402 2028 425 an
2046 389 2164 436 magis
2185 386 2461 437 acceptandum

1349 439 1393 475 sit
1422 438 1611 490 baptisma
1628 437 1843 488 ⁴fallaciter
1873 441 2052 478 traditum
2071 470 2081 487 ,
2108 442 2144 475 ὅ(
2161 450 2385 491 acceptum,
2414 452 2462 475 au

1349 490 1445 527 illud
1464 521 1472 537 ,
1504 490 1604 540 quod
1634 496 1675 528 ιἠ.
1705 496 1829 529 mimo
1858 491 2002 540 datur,
2032 497 2065 529 si
2080 497 2164 543 quis
2194 497 2370 541 existat,
2399 494 2465 542 qui

1335 542 1516 595 fideliter
1544 542 1666 580 subito
1686 553 1908 581 commotus
1928 545 2133 594 accipiat?
2163 546 2349 584 Alludens
2380 558 2464 597 pro·

1347 596 1530 634 culduhio
1558 597 1605 634 ad
1636 597 1870 648 baptismum
1900 597 2054 636 Genesii
2085 613 2200 650 supra
2230 614 2339 637 num.
2371 598 2463 637 228.

1347 659 1598 687 memoratum
1616 677 1627 688 .
1659 651 1765 688 Hanc
1781 659 1908 687 autem
1937 653 2184 702 quaestiouem
2207 653 2248 690 S,
2268 651 2376 690 Pater
2392 665 2470 689 nun

1346 704 1459 742 audet
1489 704 1671 750 definire3
1716 703 1815 741 unde
1845 702 2058 741 concludit:
2088 733 2114 750 „
2136 704 2217 741 Ubi
2245 715 2370 743 autem
2401 719 2468 742 ne-

1346 786 1372 805 „
1402 770 1476 809 que
1523 759 1678 794 societas
1716 757 1796 794 nlla
1825 766 1917 794 esset
1946 757 1998 793 ita
2039 757 2303 805 credentium,
2346 772 2469 810 neque

1347 840 1374 858 ‚‚
1408 810 1498 858 ille,
1529 813 1594 862 qui
1627 811 1679 848 ibi
1710 813 1923 862 acciperet,
1955 811 2005 847 ita
2035 810 2229 857 crederet,
2258 811 2319 847 sed
2348 820 2467 848 totum

1348 893 1374 911 „
1406 863 1553 902 ludicre
1575 892 1586 910 ,
1617 863 1823 902 &mimice
1841 894 1852 912 ,
1883 862 2154 914 &joculariter
2183 873 2356 913 ageretur
2373 893 2383 911 ,
2412 865 2468 901 di-

1348 946 1374 965 „
1404 919 1539 956 vinum
1587 916 1777 968 judicium
1826 931 1893 970 per
1921 916 2089 968 alicujus
2118 917 2360 954 revelationis
2387 930 2470 954 ora-

1349 1000 1375 1018 „
1405 970 1537 1008 culum
1580 973 1758 1009 concordi
1804 972 1997 1018 oratione,
2041 970 2074 1005 8(
2104 971 2285 1022 impensis
2320 984 2472 1008 summa

1350 1052 1375 1071 ,,
1406 1025 1600 1061 devotione
1614 1025 1819 1076 gemitibus
1835 1023 2118 1076 implorandum
2137 1038 2215 1061 esse
2230 1037 2419 1061 censerem
2433 1023 2471 1062 ’'-

1350 1078 1599 1128 ignorabatur
1628 1092 1716 1129 ergo
1759 1087 1867 1116 aetate
1897 1079 2101 1129 Augustini
2130 1078 2268 1127 dogma
2298 1087 2377 1128 post
2412 1091 2473 1115 12.

1353 1132 1432 1169 fere
1461 1132 1603 1169 saecula
1622 1132 1823 1170 definitum
1853 1131 1899 1168 de
1919 1131 2129 1168 necessaria
2156 1132 2322 1169 ministri
2351 1132 2473 1168 inteu-

1352 1186 1452 1222 tioue
1480 1186 1524 1222 ad
1555 1185 1889 1223 Sacramentorum
1919 1183 2085 1223 valorem
2105 1210 2116 1221 .

1408 1237 1498 1276 236.
1530 1237 1641 1289 Hesp.
1671 1239 1717 1276 ad
1760 1242 1933 1289 primum
1965 1251 2052 1276 cum
2084 1238 2124 1276 S.
2157 1237 2308 1275 Thoma
2337 1237 2376 1275 in
2405 1236 2475 1274 IV.

1352 1292 1448 1329 Dist.
1468 1291 1534 1328 Vl.
1564 1300 1700 1342 quaest.
1723 1304 1755 1329 1.
1786 1300 1856 1329 art.
1879 1291 1916 1329 5.
1934 1321 1945 1338 ,
1974 1292 2128 1329 nomine
2157 1291 2296 1328 ebriosi·
2325 1291 2374 1328 ab
2397 1291 2474 1328 Au-

1351 1345 1500 1395 gustino
1516 1357 1558 1380 eo
1574 1344 1646 1382 loci
1679 1358 1754 1382 non
1785 1344 2161 1396 intelligihominem
2183 1355 2266 1382 actu
2298 1345 2476 1391 ebrium,

1353 1399 1574 1450 rationeque
1603 1398 1778 1436 orbatum
1801 1428 1811 1446 ,
1856 1398 1895 1435 in
1925 1410 2001 1449 quo
2030 1398 2136 1435 nulla
2165 1406 2282 1449 potest
2311 1411 2387 1434 esse
2417 1398 2478 1434 in·

1353 1451 1497 1496 teuti03
1527 1452 1588 1489 sed
1617 1453 1687 1504 qui
1715 1451 1831 1489 soleat
1859 1452 2000 1502 saepius
2029 1464 2066 1488 se
2095 1453 2185 1489 vino
2214 1452 2476 1503 ingurgitare,

1353 1514 1390 1541 nt
1421 1514 1618 1556 propterea
1649 1507 1695 1543 sit
1725 1506 1901 1557 indignus
1916 1505 2250 1542 Sacramentorum
2281 1505 2477 1542 minister.

1349 1559 1391 1596 Id
1425 1567 1524 1609 patet
1566 1572 1611 1596 ex
1642 1558 1830 1610 adjunctis
1860 1557 2058 1605 adulteri,
2087 1559 2136 1599 (9⁶
2166 1556 2374 1595 homicidae
2395 1572 2410 1601 ,·
2439 1557 2474 1593 8<

1349 1611 1463 1649 etiam
1494 1625 1538 1649 ex
1570 1626 1710 1664 scope,
1753 1613 1821 1664 qui
1851 1621 1929 1649 erat
1958 1621 2087 1650 contra
2116 1611 2328 1649 Donatistas
2356 1620 2478 1648 osten-

1349 1665 1463 1702 dendi
1481 1695 1491 1712 ,
1522 1667 1750 1718 pravitatem
1767 1666 1928 1703 ministri
1959 1678 2032 1702 non
2061 1663 2214 1701 officere
2243 1665 2391 1702 veritati
2409 1663 2476 1702 ba-

1350 1720 1480 1771 ptismi
1504 1749 1514 1767 ,
1545 1720 1638 1772 quia
1671 1718 1846 1756 Christus
1876 1727 1960 1766 est,
1991 1720 2055 1768 qui
2085 1716 2285 1767 baptizat.

1405 1773 1496 1823 257.
1527 1773 1640 1811 Haud
1688 1774 1848 1824 ignoro,
1892 1773 1932 1809 in
1975 1784 2119 1808 canone
2150 1769 2282 1807 Dedit.
2326 1769 2423 1807 Dist.
2447 1770 2477 1809 Ι.

1349 1835 1484 1878 quaest.
1513 1840 1544 1864 ι.
1576 1826 1693 1865 verba
1724 1826 1923 1878 Augustini
1953 1825 2006 1863 sic
2028 1825 2184 1863 referri:
2217 1823 2324 1874 Quos
2354 1822 2478 1872 bapti-

1349 1889 1414 1917 zat
1443 1879 1570 1918 ebrius
1591 1910 1602 1929 ,
1645 1879 1818 1932 baptizat
1851 1878 2026 1915 Christus
2044 1904 2054 1915 .
2096 1877 2170 1915 Sed
2200 1877 2376 1915 mendose
2406 1877 2478 1914 bac

1350 1933 1467 1971 verba
1497 1947 1540 1970 ex
1564 1934 1774 1984 Augustino
1804 1934 1842 1969 in
1858 1931 2141 1982 antiquioribus
2158 1930 2388 1968 editionibus
2413 1943 2477 1967 ex-

1350 1987 1491 2037 scripta
1521 1987 1653 2032 fuere,
1699 1988 1736 2022 in
1766 1984 2035 2037 posterioribus
2078 1993 2204 2021 autem
2248 1983 2476 2021 emendata:

1351 2039 1418 2078 ille
1449 2041 1576 2090 itaque
1606 2053 1728 2076 canon
1759 2037 1922 2087 intelligi
1951 2037 2062 2075 debet
2091 2037 2137 2074 de
2181 2036 2358 2084 ebrioso,
2401 2050 2476 2075 nou

1353 2102 1480 2130 autem
1500 2093 1545 2130 de
1562 2106 1630 2140 ρο,
1661 2093 1727 2144 qui
1759 2099 1843 2129 actu
1865 2091 1992 2128 ebrius
2022 2100 2100 2138 est,
2130 2090 2261 2129 saltem
2293 2092 2323 2128 si
2354 2090 2478 2128 ebrie-

1354 2155 1407 2185 tas
1434 2147 1465 2183 si
1495 2155 1593 2184 tanta
1612 2176 1623 2194 ,
1654 2155 1692 2182 ut
1724 2159 1834 2182 usum
1865 2146 2018 2182 rationis
2048 2145 2231 2195 impediat
2253 2170 2264 2182 .

1408 2199 1499 2238 258.
1532 2199 1704 2237 Alterum
1735 2197 1775 2235 S.
1809 2199 2010 2249 Augustini
2053 2199 2308 2235 testiinonium
2354 2197 2476 2247 majo-

1352 2267 1434 2291 rem
1466 2250 1931 2299 involvitdifficultatem,
1962 2264 2050 2302 quse
2078 2265 2151 2289 nou
2183 2264 2256 2288 uuo
2277 2251 2390 2288 modo
2406 2249 2480 2288 sol-

1353 2309 1454 2345 vitur
1489 2321 1511 2344 a
1541 2305 1770 2356 'Plieologis.
1813 2304 1887 2343 Sed
1916 2306 1945 2342 si
1976 2306 2091 2342 etiam
2121 2305 2370 2352 admittatur,
2408 2304 2478 2341 du-

1352 2360 1489 2399 bitasse
1521 2360 1773 2411 Augustiuum
1792 2388 1802 2405 ,
1831 2373 1878 2395 an
1907 2358 2120 2410 baptismus
2150 2360 2305 2397 mimice
2328 2389 2338 2407 ,
2369 2357 2479 2409 &jo-1

1353 2414 1533 2452 culariter
1562 2413 1720 2451 collatus
1749 2411 1917 2459 valeret,
1948 2422 2059 2464 atque
2079 2413 2172 2450 adeo
2189 2422 2379 2462 exoptasse
2401 2441 2411 2457 ,
2443 2411 2477 2446 &

1354 2467 1557 2520 postulasse
1586 2466 1760 2504 divinum
1783 2464 2000 2517 judicium,
2031 2477 2101 2515 per
2129 2465 2299 2516 alicujus
2329 2464 2479 2501 revela-

1356 2526 1473 2559 tionis
1501 2520 1708 2559 oraculum
1729 2549 1740 2567 ,
1771 2532 1909 2570 nempe
1941 2527 1980 2554 ut
2009 2531 2052 2555 ex
2083 2527 2257 2555 contextu
2289 2526 2478 2569 apparet,

1355 2589 1431 2614 non
1460 2590 1528 2628 per
1559 2588 1694 2612 novam
1725 2572 2022 2619 revelationem,
2065 2571 2112 2608 ad
2141 2585 2259 2623 quam
2291 2569 2480 2607 miraculo

1356 2643 1449 2681 opus
1478 2638 1597 2676 esset,
1627 2628 1687 2666 sed
1708 2639 1774 2677 per
1799 2624 1970 2678 plenarii.
1999 2623 2165 2674 alicujus
2194 2623 2356 2661 Concilii
2387 2622 2482 2670 defif

1357 2684 1569 2727 nitionem,
1600 2683 1662 2718 cui
1693 2681 1796 2718 Deus
1825 2679 1990 2723 assistit3
2028 2679 2057 2715 si
2089 2679 2246 2730 inquam
2277 2678 2316 2715 id
2345 2677 2482 2715 admit-

1358 2745 1484 2784 tatur,
1528 2749 1574 2772 an
1606 2725 1801 2786 propterea
1833 2733 1916 2770 haec
1953 2731 2124 2769 definitio
2155 2731 2318 2782 plenarii
2347 2731 2483 2769 Conci-

1359 2789 1405 2826 lii
1435 2798 1515 2840 post
1545 2788 1797 2838 Augustiuum
1842 2786 1927 2824 fieri
1968 2800 2042 2823 non
2075 2784 2222 2836 potuit?
2267 2784 2340 2822 Aut
2383 2793 2482 2835 post-

1357 2856 1475 2895 quam
1505 2841 1648 2888 semel,
1692 2842 1907 2891 iterumque
1952 2848 2002 2876 est
2031 2840 2157 2887 facta,
2203 2847 2320 2890 potest
2357 2837 2481 2875 adliuc

1358 2908 1434 2933 esse
1464 2895 1628 2946 prudens
1657 2893 1704 2930 de
1733 2892 1804 2930 liac
1835 2907 1888 2930 re·
1917 2892 2136 2944 ambigendi
2165 2890 2302 2930 locus?
2347 2892 2480 2929 Annon

1359 2950 1438 3000 ipse
1469 2948 1698 2999 Augustinus
1741 2945 1811 2984 hoc
1841 2945 2024 2984 Ecclesiae
2053 2944 2256 2984 oraculum
2300 2945 2411 2996 plena
2440 2956 2479 2978 a-

1358 3002 1455 3040 nimi
1485 3002 1729 3039 consensione
1777 3001 1994 3052 reciperet,
2037 3009 2152 3052 atque
2181 3000 2229 3038 ab
2272 2999 2355 3036 aliis
2385 2996 2481 3032 reci-

1360 3054 1541 3107 piendum
1572 3069 1647 3092 esse
1679 3053 1933 3106 praeciperet?
1976 3053 2077 3092 Sane
2107 3067 2182 3092 non
2213 3052 2322 3090 aliter
2348 3057 2477 3085 &cmm

1360 3109 1434 3146 fuit
1463 3109 1502 3146 iu
1533 3108 1674 3145 celebri
1705 3109 1955 3146 controversia
1984 3108 2030 3145 de
2071 3107 2335 3144 haereticorum
2357 3101 2482 3151 bapti-

1361 3170 1478 3199 smate
1497 3189 1507 3200 .
1540 3162 1741 3199 Potuerunt
1770 3174 1847 3199 non
1879 3160 1993 3213 pauci
2023 3158 2231 3212 Episcopi,
2274 3155 2444 3192 doctrina
2465 3184 2476 3202 ‚

1363 3215 1395 3250 ἃ
1425 3217 1618 3253 sanctitate
1647 3215 1843 3263 celebres,
1880 3215 2017 3265 do'gma
2045 3211 2273 3251 catholicum
2303 3206 2481 3259 aliquau-

1361 3269 1429 3307 diu
1459 3270 1657 3320 iguorare3
1687 3277 1886 3321 potuerunt
1915 3269 2073 3318 impune
2102 3263 2148 3300 de
2169 3274 2212 3298 eo
2229 3262 2322 3299 inter
2351 3275 2387 3298 se
2403 3262 2480 3299 dis-

1361 3331 1518 3376 putare3
1560 3331 1760 3376 potuerunt
1789 3323 1953 3374 denique
1980 3315 2174 3369 inculpate
2217 3327 2363 3355 errare.
2407 3312 2485 3354 sect

2367 3381 2436 3423 po-
