2605 3624
635 134 715 178 DE
752 131 1011 177 NoMssno
1043 129 1598 175 SACRAMENTORUM
1634 135 1688 176 N.
1723 135 1772 177 L.
2245 143 2294 188 ax

52 219 158 258 illius
186 218 260 257 loci
290 213 540 269 explicatione
561 213 762 251 convenire
780 238 790 250 .
821 211 954 261 Aliqui
975 211 1076 247 enim
1093 239 1103 257 ,
1136 219 1174 248 ut

52 273 94 311 S.
128 270 347 311 Ambrosius
374 266 464 306 Lib.
482 265 534 304 X.
565 267 604 303 in
634 265 780 303 Lucam
813 278 850 301 11.
878 264 992 311 155.,
1023 262 1066 299 S.
1098 263 1175 301 Leo

56 327 97 364 in
127 326 246 378 Epist.
264 320 356 369 1V.‚
386 318 420 356 &
449 320 530 370 ipse
558 318 600 356 S.
632 319 864 369 Augustinus
893 317 975 354 loco
1004 329 1090 353 mox
1121 318 1174 354 ci—

54 387 158 425 tato,
187 389 253 428 per
272 372 493 424 sanguinem
515 370 731 422 intelligunt
753 372 917 423 pretium
949 379 1085 408 nostrae
1117 383 1174 405 re-

54 429 278 481 demptionis
294 452 305 465 .
334 424 442 473 Alii,
465 433 504 462 nt
523 424 780 477 Hieronymus
794 424 917 475 Epist.
931 421 1150 460 LXXXIII.
1163 452 1174 470 ,

57 483 92 519 ἃ
118 480 288 534 Cyrillus
314 476 470 518 Jerosol.
498 477 653 517 Catech.
685 479 748 516 ΙΙΙ.
772 509 783 526 ,
827 476 1044 527 intelligunt
1073 489 1173 513 mar-

52 537 195 588 tyrium
213 560 224 571 .
267 533 309 572 Si
337 544 427 584 ergo
454 545 499 569 ex
530 531 644 570 latere
671 531 810 570 Christi
848 532 1006 582 pretioso
1043 543 1175 567 mana·

52 596 141 628 tout
169 586 440 635 Sacramenta,
471 599 590 623 tinum
621 586 880 624 tanttuntnodo
917 583 1025 634 juxta
1057 596 1172 633 expo·

51 641 226 680 sirionem
255 641 411 678 istorum
441 638 597 677 Patrnm
636 640 706 676 erit
731 638 1020 676 Sacramentum
1038 662 1050 673 .
1101 635 1174 673 Ve-

52 695 130 733 rior
157 696 286 747 itaque
314 692 419 731 illins
439 691 513 730 loci
531 693 788 745 interpretatio
803 722 815 740 ,
843 692 876 728 &
894 691 1077 728 doctrinae
1099 687 1174 728 Ec-

54 746 182 786 clesiae
219 747 375 786 omnino
417 755 663 785 consentanea
693 754 771 793 est,
813 757 857 782 ex
886 743 1005 781 latere
1032 742 1173 780 Christi

51 803 182 840 onmia
213 799 368 838 fluxisse
386 798 630 838 Sacramenta
648 829 659 847 ‚
689 800 780 850 quia
799 799 931 835 omnia
958 810 1066 833 suam
1096 797 1173 834 vir-

51 862 170 892 tutem
193 883 204 903 ,
234 853 267 890 8t
286 852 498 892 efficaciam
528 866 572 890 ex
591 852 730 890 Christi
762 853 932 901 passione
950 850 1146 902 accipiunt
1161 875 1172 887 .

53 906 102 945 Ε1
129 907 283 960 quando
297 905 418 958 aliqui
439 918 569 943 eorum
599 903 722 942 solum
744 904 980 956 Baptismnin
998 932 1008 950 ‚
1039 903 1073 939 ὅ(
1095 902 1173 940 Eu-

55 959 273 1000 charistiam
294 960 520 1007 nominant,
540 971 614 996 non
635 967 833 1010 propterea
847 958 923 996 alia
939 956 1143 995 excludunt
1162 983 1172 994 .

108 1013 200 1059 254.
231 1013 344 1051 Dices
371 1015 531 1062 quinto.
573 1011 785 1063 Dionysius
823 1011 934 1060 vulgo
964 1011 1172 1064 Areopagi-

52 1074 90 1105 ta
119 1067 264 1105 nonnisi
294 1067 364 1104 tria
378 1065 625 1103 Sacramenta
653 1066 847 1115 agnoscit.
876 1064 977 1103 Nam
1008 1066 1046 1102 in
1074 1063 1174 1114 Cap.

53 1118 122 1158 lv,
151 1118 265 1158 Eccl.
295 1117 408 1156 Hier.
437 1117 630 1171 triplicem
661 1118 994 1157 Sacramentorum
1013 1116 1173 1168 Deijor-

52 1185 160 1211 mem
180 1173 496 1211 consecrationem
515 1171 712 1222 distinguit
729 1200 739 1219 ,
770 1173 936 1224 primam
954 1201 966 1219 ‚
995 1185 1070 1223 qua
1087 1183 1172 1222 pro-

50 1226 158 1264 fanos
185 1226 338 1279 expiat,
384 1226 575 1274 mediam,
613 1238 690 1276 qna
721 1226 886 1277 expiatos
915 1224 1172 1263 illuminando

50 1280 201 1328 initiat,
231 1288 484 1331 postremam,
514 1293 602 1331 qua:
633 1278 712 1329 jam
743 1281 859 1317 sacris
889 1279 1053 1317 initiatos
1082 1291 1172 1316 con-

50 1341 243 1380 summat,
272 1346 316 1371 ac
336 1332 514 1384 perficit3
547 1331 580 1368 81
609 1342 735 1384 postea
765 1334 816 1370 ita
843 1331 1056 1370 concludit:
1090 1329 1173 1368 Tri-

52 1385 145 1436 plex
173 1399 267 1438 ergo
296 1390 579 1437 mysteriorum
597 1395 753 1424 sanctae
773 1389 1085 1424 consecrationis
1099 1388 1173 1422 rir-

52 1447 115 1475 tus
142 1439 425 1477 commendata.
455 1449 512 1478 est
540 1439 627 1480 &60

110 1492 200 1530 255.
232 1491 438 1544 Respondet
466 1492 506 1532 S.
529 1492 697 1531 Thomas
718 1492 756 1531 5.
777 1492 818 1531 Ρ.
848 1501 983 1545 quoest.
1004 1492 1070 1532 65.
1101 1500 1171 1530 art.

57 1557 92 1582 ι.
121 1545 166 1583 ad
188 1546 224 1585 5.
243 1575 253 1594 ,
294 1546 336 1584 S.
366 1546 598 1598 Dionysium
628 1545 735 1598 loqui
773 1561 844 1584 non
873 1547 920 1584 de
947 1546 1172 1585 Sacramen-

27 1594 127 1644 uis,
156 1599 217 1636 sed
245 1601 368 1651 potins
395 1599 442 1638 de
470 1601 587 1638 sacris
615 1599 779 1648 officiis,
816 1614 904 1653 quae
935 1601 984 1638 ab
1013 1600 1170 1650 Episco-

54 1652 140 1703 pis‚
169 1651 480 1691 &Sacerdotibus
511 1655 549 1691 in
579 1655 769 1705 mysteriis
797 1662 878 1690 tum
900 1652 1170 1698 conficiendis,

54 1712 135 1742 tum
165 1705 475 1743 administrandis
503 1715 726 1743 exercentur
767 1719 857 1743 cum
886 1705 1054 1756 quadam
1084 1716 1172 1740 con-

58 1759 292 1805 secratione.
322 1757 369 1795 In
397 1757 617 1795 actionibus
637 1767 774 1796 autem
805 1757 1058 1794 hierarchicis
1075 1787 1085 1804 ,
1117 1757 1173 1794 111-

56 1809 194 1861 quitS.
212 1810 351 1849 Doctor
367 1841 378 1859 ,
409 1811 713 1848 considerantur
740 1811 789 1850 Θ
810 1820 976 1863 agentes
993 1841 1004 1858 ‚
1033 1810 1082 1850 (9⁶
1111 1822 1172 1846 re-

59 1865 267 1912 cipientes,
297 1863 346 1903 (9²
374 1867 573 1902 actiones.
605 1865 778 1915 Age-ntes
806 1874 942 1901 autem
972 1872 1061 1900 sunt
1091 1861 1172 1898 Mi·-

59 1918 169 1953 nistra*
198 1914 394 1953 Ecclesiae
413 1945 424 1963 ,
454 1916 510 1955 ad
527 1930 621 1968 quos
648 1919 815 1966 pertinet
839 1915 981 1953 Omittit
989 1930 1001 1952 5
1023 1915 1173 1952 Sacra-

57 1975 233 2006 mentum
254 1982 266 2010 ‚·
294 1972 524 2018 recipientes
551 1979 687 2008 autem
708 1977 798 2005 sunt
827 1969 881 2006 iili
900 1999 909 2016 ,
940 1972 1003 2018 qui
1023 1967 1078 2006 ad
1098 1966 1173 2004 Su.-

54 2029 308 2059 cramentum
337 2020 533 2059 accedunt
546 2040 560 2070 ·,
599 2026 663 2072 qui
691 2020 958 2072 producuntur
985 2035 1055 2071 per
1084 2034 1174 2058 miz-

54 2077 282 2112 trimonium
303 2089 318 2119 ;
359 2078 537 2114 actiones
564 2087 701 2115 autem
730 2085 821 2113 sunt
848 2079 1057 2127 purgatio,
1089 2074 1173 2112 illu-

54 2131 241 2175 minatio,
271 2127 320 2169 <9⁶
347 2127 539 2180 perfectio
567 2130 653 2170 ὡς.
685 2131 725 2167 111
756 2128 814 2167 his
842 2140 969 2168 autem
1002 2128 1172 2179 implici-

54 2189 90 2219 te
123 2183 308 2220 contineri
355 2192 497 2236 septem
526 2183 710 2222 Ecclesiae
741 2181 987 2222 Sacramenta
1029 2183 1174 2220 ibidem

52 2233 94 2273 S.
124 2234 264 2273 Doctor
289 2236 475 2282 ostendit5
506 2250 592 2275 nam
623 2241 827 2290 purgatio,
857 2239 906 2278 Θ
935 2238 1175 2274 illuminatio

53 2288 197 2336 simul,
233 2288 450 2327 secundum
480 2291 662 2328 eumdem
692 2291 938 2343 Dionysium
967 2305 1003 2328 c.
1021 2290 1058 2329 5.
1087 2302 1173 2338 per-

56 2344 181 2379 tinent
209 2340 266 2379 ad
293 2341 543 2392 Baptismum
561 2375 572 2393 ‚
609 2346 658 2385 <9⁶
686 2354 842 2395 propser
871 2343 1083 2382 recidis-um
1113 2356 1174 2380 se-

53 2393 246 2432 cundario
285 2401 481 2445 pertinent
523 2397 579 2435 acl
607 2397 889 2436 Paenitentiam
908 2428 919 2446 ,
962 2397 1011 2438 ἐν
1040 2405 1174 2434 extre-

53 2459 169 2485 mam
197 2452 451 2488 unctionem.
481 2449 679 2503 Persectio
707 2461 843 2492 autern
862 2482 872 2499 ,
903 2460 1098 2502 qtmntum
1115 2449 1169 2487 αλ

53 2503 231 2540 virtutem
259 2501 417 2553 quidem
438 2534 449 2552 ‚
479 2518 568 2555 quae
582 2515 639 2545 est
654 2510 768 2556 quasi
795 2503 984 2556 perfectio
1003 2503 1168 2556 forma-

53 2553 101 2592 ἃς
115 2584 127 2603 ²
160 2559 327 2605 pertinet
351 2557 410 2596 ad
439 2556 799 2612 Confirmationem
816 2575 831 2605 ‚·
873 2568 1069 2610 quantum
1097 2571 1171 2594 au-

55 2615 136 2644 tem
164 2608 219 2646 ad
245 2615 564 2650 consecutionem
580 2612 708 2665 finis,
736 2617 903 2663 pertinet
932 2612 987 2650 ad
1007 2609 1167 2648 Eucha-

53 2662 237 2718 ristiam.
266 2663 320 2701 lta
349 2665 553 2717 Angelicus
581 2667 785 2705 admodum
815 2675 982 2705 versatus
1012 2666 1050 2703 in
1078 2678 1170 2716 ope-

57 2710 162 2752 ribus
188 2713 302 2766 hujus
330 2719 477 2770 antiqui
506 2720 669 2758 auctoris
697 2734 812 2771 quem
842 2721 998 2758 citatum
1029 2719 1172 2770 reperi·

58 2776 145 2802 mut
171 2780 266 2826 antio
295 2770 386 2811 533.
416 2773 454 2810 in
481 2773 648 2824 quadam
679 2772 889 2811 collatione
918 2772 1049 2812 habita
1076 2772 1174 2810 inter

59 2815 259 2858 C²t¹¹⁰¹¹c⁰³
277 2850 289 2869 2
319 2821 352 2860 81
381 2824 671 2878 Mouophysitas
699 2825 949 2867 severianos.

507 3174 519 3190 Y

103 3218 161 3251 (α)
188 3212 268 3247 Non
292 3214 390 3257 quasi
406 3214 595 3248 Novatores
612 3225 804 3249 assererent
820 3238 831 3257 ‚
855 3219 1077 3256 Sacramenta
1096 3232 1169 3256 esse

66 3256 193 3301 plura,
225 3271 331 3304 quam
364 3269 520 3305 septem,
558 3272 638 3294 cum
664 3261 728 3294 iste
754 3273 852 3294 error
876 3265 966 3308 apud
997 3269 1173 3301 neminem

66 3313 209 3344 eorum,
245 3304 334 3350 quod
361 3308 496 3347 sciam,
532 3307 749 3339 inveniatur:
788 3305 846 3339 sed
871 3320 911 3341 ne
937 3311 971 3341 in
998 3322 1174 3354 posterum

66 3348 192 3392 aliquis
219 3351 520 3387 Sacramenrorum
558 3365 740 3386 numerum
782 3361 948 3396 angeret,
982 3355 1018 3388 in
1054 3362 1174 3396 eornm

192 3394 428 3454 Gazzaniga
451 3398 586 3440 Theoi.
609 3398 722 3440 Tom.
740 3398 845 3438 Vlll.

1608 263 1907 303 PitoPosiTio
1948 270 1995 306 ll.

1335 368 1609 408 Sacramenta
1639 383 1752 407 noc'oe
1781 370 1878 421 Iegis
1907 385 1986 408 non
2016 384 2104 411 suat
2131 378 2273 427 plur-42,

1640 437 1764 475 quam
1793 433 1943 474 septem
1965 451 1976 463 .

1298 527 1390 566 256.
1408 506 1469 572 Id
1502 527 1622 566 suerat
1652 543 1802 581 semper
1825 532 1860 566 iu
1882 530 2054 569 Ecclesia
2070 531 2268 572 Catholica
2282 549 2362 572 cre-

1241 581 1362 620 ditum
1382 609 1392 619 .
1422 581 1521 620 Nam
1537 582 1777 620 Londinense
1791 585 2006 622 Concilium
2037 599 2138 623 :uinO
2166 587 2278 638 ¹237.
2310 591 2365 626 in-

1243 643 1298 672 ter
1326 637 1478 685 triginta
1507 635 1540 672 81
1572 649 1689 673 unum
1720 637 1869 674 decreta
1898 637 1972 675 sibi
2016 639 2065 676 ab
2094 639 2240 677 Othone
2270 643 2365 678 Cre-

1241 689 1337 740 gorii
1359 688 1428 726 lx.
1458 689 1596 741 chato
1625 692 1813 741 proposita
1843 690 1912 728 hoc
1941 692 2064 741 [etiam
2107 694 2365 744 approbavit,

1241 741 1343 793 quod
1373 751 1515 794 septem
1553 744 1626 781 sint
1654 743 1901 782 Sacramenta
1919 774 1929 792 ,
1978 745 2121 783 scilicet
2150 747 2365 798 baptismus

1241 795 1312 833 διε.
1341 795 1559 834 Concilium
1602 806 1729 834 autem
1759 798 1933 849 generale
1961 799 2243 837 Constantieuse
2273 814 2368 838 anno

1247 848 1362 894 1415.
1392 858 1534 901 septem
1564 850 1811 889 Sacramenta
1853 853 2034 901 agnovit,
2079 851 2111 887 8(
2141 852 2263 890 solum
2300 854 2366 891 ‹la-

1240 904 1389 940 mnavit
1431 903 1638 941 articulum
1662 903 1765 942 Vlll.
1796 905 1854 942 Jo.
1900 905 2007 953 llus,
2049 906 2152 957 quod
2181 905 2363 944 Sacerdos

1241 958 1443 994 criminose
1473 958 1640 995 viventes
1670 958 1802 995 eadem
1834 957 1959 995 valide
1995 959 2261 997 administrare
2289 974 2364 998 non

1241 1019 1415 1060 possent.
1459 1011 1609 1049 Clarius
1652 1022 1779 1048 autem
1811 1010 2006 1062 Euge-nius
2027 1012 2094 1049 lV.
2125 1014 2163 1050 iu
2193 1013 2367 1051 Concilio

1242 1062 1461 1101 Florentino
1481 1077 1579 1102 anno
1607 1064 1719 1114 1459.
1736 1066 1864 1101 omnia
1883 1094 1893 1111 ,
1923 1065 1956 1100 &
1972 1064 2121 1116 singula
2136 1065 2363 1105 Sacramen-

1241 1125 1276 1154 ta
1306 1118 1493 1154 recensuit
1523 1119 1560 1155 in
1592 1117 1753 1153 Decreto
1787 1115 1980 1155 Unionis.
2026 1122 2080 1156 Ac
2111 1119 2263 1157 taudem
2294 1120 2365 1158 idi-

1240 1184 1351 1222 psum
1384 1170 1455 1207 suit
1484 1185 1506 1208 a
1535 1169 1712 1208 Concilio
1740 1169 1965 1208 Tridentino
2012 1183 2184 1222 expresse
2227 1172 2366 1210 desiui-

1241 1233 1321 1261 tum
1340 1254 1351 1271 ,
1395 1232 1434 1260 111
1462 1223 1600 1273 dogma
1629 1222 1721 1260 fidei
1750 1222 1799 1260 ab
1828 1223 2006 1261 omuibus
2048 1225 2279 1262 credendum
2309 1225 2371 1262 his

1241 1277 1368 1315 verbis
1397 1277 1495 1315 Sess.
1519 1277 1605 1314 Vll.
1636 1290 1721 1314 can.
1749 1290 1781 1314 1.
1827 1276 1870 1314 Si
1899 1280 1984 1327 quis
2013 1275 2157 1315 dixerit
2175 1307 2186 1325 ,
2217 1277 2369 1315 Sacra-

1242 1339 1382 1368 menta.
1411 1344 1524 1368 not-ce
1553 1330 1647 1382 Iegis
1669 1356 1740 1368 .....
1762 1343 1849 1368 esse
1870 1331 1985 1381 phara
2003 1360 2013 1378 ,
2058 1332 2116 1369 vel
2142 1335 2335 1381 pauciora
2354 1362 2365 1378 ‚

1242 1397 1364 1436 quam
1403 1393 1553 1434 septem
1576 1410 1647 1422 .....
1668 1383 1892 1422 αιιαῑῆειηιι
1923 1388 1971 1422 sit
2001 1384 2098 1433 (11),·
2142 1394 2180 1421 111
2211 1384 2368 1436 proinde

1242 1439 1389 1476 nemini
1410 1437 1694 1476 Catholicorum
1725 1436 1836 1476 liceat
1864 1436 2033 1490 amplius
2061 1438 2107 1475 de
2137 1436 2208 1476 hac
2240 1451 2279 1475 re
2295 1437 2366 1474 du-

1242 1491 1364 1530 bitare
1382 1517 1392 1530 .

1295 1547 1385 1597 257.
1416 1545 1588 1597 Ῑ111ρ311111
1605 1545 1735 1582 Graeci
1765 1544 1926 1582 confessi
1957 1553 2041 1581 sunt
2073 1545 2110 1582 in
2132 1557 2359 1581 monumen-

1238 1599 1284 1635 tis
1312 1611 1427 1650 supra
1455 1612 1562 1635 uum.
1587 1610 1677 1634 221.
1706 1611 1784 1648 seq.
1814 1596 1960 1642 allati33
1992 1597 2058 1635 ubi
2088 1610 2162 1635 non
2192 1597 2269 1635 alia
2299 1611 2364 1635 ve·

1239 1651 1274 1687 ri
1317 1651 1482 1687 nominis
1510 1651 1756 1688 Sacramenta
1796 1650 1994 1687 admittere
2023 1665 2062 1688 se
2104 1650 2331 1703 profitentur
2353 1680 2365 1698 ,

1243 1717 1360 1754 quam
1393 1711 1536 1754 septem
1567 1711 1717 1740 nostra.
1761 1704 1886 1740 Immo
1916 1702 2117 1741 Dositheus
2147 1703 2367 1742 l'atriarcha.

1240 1756 1578 1808 „ierosolymitanus
1607 1756 1645 1792 in
1675 1769 1743 1792 sno
1764 1755 1996 1793 Erzckirtdio
2025 1756 2228 1794 anathema
2256 1757 2363 1794 dice-

1241 1823 1281 1846 re
1309 1821 1382 1846 11011
1410 1808 1601 1846 dubitavit
1629 1808 1807 1846 omnibns
1829 1810 1874 1847 iis
1891 1839 1901 1857 ,
1931 1811 1997 1862 qui
2015 1812 2271 1861 septenarium
2293 1809 2363 1848 Sa-

1240 1871 1523 1900 eramentorum
1553 1875 1756 1900 numerum
1787 1861 1846 1899 vel
1878 1864 2079 1911 minuunt,
2110 1862 2169 1901 vel
2200 1871 2364 1914 augent.

1240 1914 1450 1953 Nonnullae
1494 1923 1620 1952 tamen
1648 1923 1735 1953 sunt
1777 1914 2046 1964 difficultates,
2091 1917 2290 1969 praecipue
2319 1916 2366 1954 de

1240 1967 1382 2006 lotione
1411 1968 1577 2020 pedum,
1605 1982 1694 2021 quae
1726 1978 1801 2007 tam
1833 1982 1876 2007 ex
1907 1971 2021 2007 sacris
2051 1968 2183 2008 litteris
2206 2001 2216 2018 ,
2247 1983 2367 2023 quam

1243 2017 1292 2059 ρκ’
1330 2023 1588 2074 quorumdam
1618 2022 1771 2060 Patrum
1816 2025 2038 2061 auctoritate
2081 2024 2203 2063 videri
2246 2032 2366 2077 potest

1242 2075 1499 2114 Sacramentis
1528 2077 1790 2115 accensenda.

1298 2128 1389 2168 258.
1420 2130 1495 2169 ob.
1526 2131 1652 2182 itaque
1667 2134 1821 2182 primo.
1852 2131 2028 2170 lnsacris
2057 2129 2217 2179 litteris,
2249 2130 2364 2169 habe-

1243 2191 1305 2220 tur
1345 2183 1479 2222 divina
1506 2183 1660 2223 lotionis
1688 2184 1829 2237 pedum
1861 2186 2070 2233 institutio,
2114 2184 2365 2236 significatiO,

1243 2236 1277 2272 8<
1307 2239 1510 2289 promissio
1537 2238 1669 2289 gratiae
1688 2267 1698 2285 ‚
1737 2253 1780 2276 ac
1810 2239 1965 2277 demum
1997 2248 2262 2290 praeceptum3
2293 2239 2365 2274 im-

1244 2302 1307 2327 mo
1336 2290 1370 2326 &
1400 2292 1526 2343 spsum
1546 2291 1687 2330 Christi
1718 2291 1939 2343 exemplum
1958 2318 1968 2329 .
1998 2291 2097 2329 Nam
2127 2291 2184 2328 J0.
2202 2290 2306 2328 Xlll.
2325 2290 2366 2335 4.

1244 2342 1278 2379 8(
1307 2358 1385 2396 seq.
1415 2346 1600 2382 institutio
1642 2354 1818 2383 accurate
1859 2343 2087 2382 describitur
2129 2344 2176 2381 iis
2216 2343 2366 2380 verbis:

1243 2396 1376 2450 Surgit
1407 2411 1435 2434 a
1463 2410 1583 2435 coena
1605 2423 1676 2436 .....
1698 2400 1811 2447 coepit
1841 2398 1979 2435 lavare
2007 2395 2124 2448 pedes
2161 2395 2367 2447 discipulo-

1239 2463 1329 2488 rum
1344 2452 1430 2491 Εὐτ-
1448 2466 1464 2495 ‚·
1493 2451 1628 2489 deinde
1658 2450 1915 2502 significatio,
1946 2450 1979 2487 &
2002 2451 2202 2502 promissio
2229 2450 2364 2501 gratias

1237 2505 1285 2542 iis
1327 2504 1412 2542 aliis
1455 2504 1581 2542 verbis
1622 2503 1669 2541 ad
1699 2503 1892 2542 Simonem
1924 2503 2105 2541 Petrum:
2151 2503 2264 2553 Quod
2293 2517 2365 2556 ego

1226 2557 1372 2610 ficio,
1402 2567 1443 2593 tu
1472 2560 1602 2595 nescis
1631 2555 1770 2604 modo,
1801 2561 1902 2596 scies
1931 2566 2068 2595 autem
2099 2566 2235 2606 postea
2257 2583 2313 2595 ....
2330 2561 2363 2594 si

1237 2625 1316 2650 non
1332 2612 1464 2648 lavero
1483 2620 1547 2659 te,
1581 2623 1661 2648 non
1688 2608 1845 2648 habebis
1873 2621 2029 2661 partem
2048 2624 2228 2648 mecum.
2259 2610 2360 2647 Prae-

1239 2674 1391 2717 ceptum
1421 2678 1509 2701 vero
1538 2665 1746 2702 continetur
1767 2677 1939 2716 expresse
1970 2667 2008 2703 in
2039 2666 2084 2701 iis
2103 2664 2251 2701 verbis:
2282 2663 2364 2701 De-

1241 2718 1337 2756 betis
1366 2718 1468 2755 alter
1496 2717 1659 2755 alterius
1688 2717 1827 2756 lavare
1856 2717 2001 2769 pedes.
2034 2717 2267 2769 Exemplum
2299 2717 2362 2754 de-

1242 2773 1358 2823 nique
1373 2784 1462 2809 cum
1480 2771 1596 2808 dixit:
1625 2768 1870 2821 Exemplum
1887 2770 1978 2809 decli
2006 2769 2130 2819 cobis,
2160 2780 2200 2807 ut
2228 2783 2365 2821 quem-

1244 2823 1463 2863 admodum
1505 2837 1578 2876 ego
1609 2823 1700 2875 feci
1729 2823 1854 2871 robis,
1901 2829 1959 2862 ita
1988 2825 2037 2863 ΕΞ»
2065 2837 2130 2862 ros
2146 2823 2325 2875 faciatis
2353 2850 2363 2859 .

1296 2879 1387 2930 259.
1419 2877 1531 2929 Hesp.
1549 2907 1561 2924 ,
1591 2889 1635 2914 ex
1666 2876 2076 2916 universaliEcclesiae
2107 2878 2246 2929 praxi,
2275 2891 2363 2930 quae

1238 2933 1381 2984 optima
1411 2933 1462 2969 est
1479 2932 1662 2982 interpres
1679 2960 1690 2978 ,
1721 2940 1850 2982 aperte
1870 2940 2040 2969 constare
2056 2960 2066 2978 ,
2097 2929 2276 2968 lotionem
2296 2945 2361 2982 pe-

1239 2985 1331 3023 dum
1361 2997 1557 3036 nunqnam
1589 2983 1758 3021 habitam
1788 2984 1902 3022 suisse
1932 2993 1973 3021 ut
1991 2997 2124 3022 verum
2140 2984 2364 3021 Sacramen-

1239 3047 1348 3085 tum3
1392 3039 1511 3076 immo
1540 3050 1610 3075 nec
1647 3039 1819 3088 agnitum
1847 3037 1967 3076 fuisse
2009 3036 2179 3089 ejusdem
2219 3051 2362 3088 praece-

2176 3099 2308 3142 ptum,

1241 3231 1347 3255 censu
1371 3220 1488 3255 omnia
1515 3219 1574 3254 illa
1600 3217 1698 3264 signa
1717 3229 1911 3264 reponens,
1936 3218 2064 3263 quibus
2093 3217 2126 3250 in
2152 3216 2259 3249 sacris
2274 3212 2359 3247 scri·

1241 3267 1354 3311 pturis
1380 3267 1516 3312 adjecta
1541 3275 1592 3301 est
1628 3267 1814 3312 promissio
1850 3266 1996 3309 gratiae,
2034 3273 2072 3298 ut
2099 3270 2176 3296 sunt
2217 3261 2357 3293 eleemo-

1243 3324 1354 3357 syna,
1382 3316 1412 3347 ἃ
1437 3313 1550 3349 oratio
1566 3335 1575 3346 .

1794 3399 1821 3443 6
