2605 3624
269 128 353 176 1ζὸ

205 205 370 243 cendum
401 208 520 248 esset,
551 199 672 239 multa
701 199 894 252 religionis
914 199 1091 252 (logmata
1114 203 1229 239 fuisse
1259 202 1338 254 pri-

203 259 276 294 scis
307 255 488 293 fidelibus
509 257 663 307 ignota,
696 269 813 307 usque
844 256 891 293 ad
923 254 992 292 illa
1023 265 1221 307 tempora,
1251 257 1337 306 qui-

205 310 278 348 bus
307 318 509 361 coeperunt
540 308 711 347 liaeretici
755 324 799 346 ea
842 311 1096 360 impugnare3
1140 310 1242 362 quod
1268 309 1337 347 ab·

205 364 473 401 surdissimum
503 363 597 401 foret
616 389 626 400 .
680 363 830 411 Quanto
852 364 1004 414 potiore
1034 363 1119 414 jure
1150 376 1216 400 nos
1245 375 1338 400 cou-

201 417 431 465 cludemus,
475 416 733 455 auricularem
764 418 1036 455 confessionem
1079 426 1260 469 perpetuo
1299 418 1339 453 iu

204 470 380 509 Ecclesia
409 472 525 509 fuisse
555 472 730 509 usitatam
749 502 759 520 ,
802 473 894 524 quia
939 483 1135 522 possumus
1171 483 1232 507 eos
1263 469 1338 506 'No-

202 534 351 564 vatores
380 525 496 576 digito
525 535 733 563 monstrare
755 556 764 574 ,
794 539 888 577 quos
917 534 1018 562 certo
1047 532 1216 570 constat,
1248 536 1331 559 eam

204 588 344 630 aperte
374 579 507 617 tollere
539 581 646 617 irrito
675 588 808 617 conatu
840 591 947 616 ausos
991 576 1097 614 esse?
1146 576 1241 612 Haec
1281 583 1332 611 est

201 647 320 672 aurea
349 633 581 671 Tertulliani
611 633 742 684 regula
772 631 836 669 De
867 633 1086 681 praescript.
1118 627 1253 665 liceret.
1284 627 1333 665 In

202 686 386 725 omnibus
415 691 561 725 veritas
591 690 814 738 imaginem
855 681 1085 721 antecedit:
1132 691 1216 732 post
1246 694 1335 719 rem

203 740 419 779 similitudo
448 739 641 778 succedit.
694 738 878 776 Ceterum
915 739 1016 773 satis
1045 738 1250 786 ineptum,
1294 743 1336 772 ut

201 799 308 845 prior
339 799 379 832 in
410 793 591 831 doctrina
620 792 783 829 haeresis
815 788 1007 827 habeatur
1027 814 1085 826 ....
1129 787 1193 825 Ita
1222 801 1275 825 ex
1305 792 1336 825 i-

201 862 271 899 pso
299 848 436 886 ordine
458 845 747 897 manifestatur
763 874 773 892 ,
805 842 844 881 id
863 856 950 881 esse
966 842 1226 880 Dominicum
1245 873 1255 890 ,
1285 842 1335 883 ζῇ·

203 915 338 941 rerum
358 932 368 949 ,
413 899 513 951 quod
551 903 600 936 sit
630 903 738 948 prius
757 897 981 935 traditum:
1026 896 1065 933 td
1094 905 1232 933 aulem
1263 909 1335 934 ex-

199 965 388 993 traneum
406 984 417 1002 ,
447 952 679 1005 &falsum
697 983 708 1002 ,
751 950 854 1004 quod
884 955 932 989 sit
960 954 1151 1004 posterius
1181 954 1335 989 immis-

198 1022 312 1046 sum.

253 1063 346 1101 555.
376 1059 470 1113 Obj.
501 1065 636 1113 quinto
656 1060 894 1099 decantatam
915 1058 1084 1097 Nectarii
1105 1057 1303 1098 historiam
1323 1089 1334 1107 ,

196 1131 313 1168 quam
342 1116 515 1154 referunt
544 1116 716 1154 Socrates
746 1114 835 1153 Lib.
853 1113 903 1151 V.
934 1127 1020 1164 cap.
1050 1125 1108 1164 19.
1158 1112 1333 1150 Sozome-

195 1184 268 1208 nus
297 1170 387 1208 Lib.
419 1170 504 1207 Vll.
534 1183 620 1221 cap.
656 1169 716 1208 16.
740 1200 750 1217 ,
787 1168 820 1204 8<
852 1167 1091 1218 Nicephorius
1120 1166 1211 1205 Lib.
1244 1166 1333 1205 ΧΗ.

195 1239 283 1276 cap.
303 1224 366 1263 28.
384 1254 396 1271 ,
424 1222 604 1261 videlicet
634 1222 738 1260 hunc
768 1220 1029 1260 Patriarcham
1050 1221 1333 1272 Constantinop-

195 1278 408 1316 absolvisse
430 1276 689 1330 presbyteros
710 1275 993 1314 Ecclesiarum
1009 1305 1018 1323 ,
1050 1278 1115 1326 qui
1143 1278 1333 1324 poeniten-

197 1337 266 1370 tice
295 1341 501 1383 praeerant
521 1345 535 1368 .·
579 1345 734 1370 causam
771 1339 897 1368 autem
941 1328 1058 1381 hujus
1088 1328 1334 1366 absolutionis

195 1388 312 1424 fuisse
342 1387 550 1437 quamdam
582 1385 752 1423 nobilem
775 1384 978 1421 mulierem
999 1413 1008 1430 ,
1040 1396 1127 1434 quae
1150 1383 1333 1419 accedens

195 1441 244 1477 ad
273 1440 608 1477 Poenitentiarium
639 1438 907 1490 Presbyterum
927 1468 937 1484 ,
968 1435 1116 1473 delicta
1144 1445 1234 1486 post
1265 1435 1334 1472 ba·

193 1497 385 1545 ptismum
415 1506 442 1530 a
471 1506 513 1530 se
541 1501 774 1543 perpetrata
803 1491 1042 1543 singillatim
1072 1488 1263 1541 consessa
1293 1502 1334 1526 e-

194 1557 289 1586 rat.
337 1546 551 1599 Presbyter
579 1559 668 1584 §vero
703 1549 891 1597 praecepit
931 1544 1119 1592 mulieri,
1162 1552 1203 1580 ut
1226 1544 1333 1596 jeju-

194 1606 272 1640 niis
290 1633 300 1651 ,
330 1601 379 1642 (θ’
400 1599 645 1639 orationibus
665 1604 863 1637 continuis
884 1606 1045 1636 viicaret
1067 1623 1111 1635 ...
1143 1596 1333 1650 Progres-

193 1670 240 1694 su
271 1659 460 1706 temporis
489 1655 632 1692 mulier
662 1653 771 1692 aliud
800 1652 975 1706 facinus
1013 1651 1202 1703 confessa
1246 1659 1332 1699 est,

195 1710 395 1748 Ecclesiae
425 1709 599 1748 videlicet
622 1707 854 1747 Diaconum
875 1720 966 1745 cum
989 1710 1076 1756 ipsa
1097 1708 1219 1755 stupri
1241 1718 1334 1742 con-

197 1763 449 1803 suetudinem
480 1762 692 1807 Izabuisse5
737 1762 839 1800 unde
881 1774 1066 1812 magnum
1111 1761 1148 1798 in
1188 1759 1333 1812 populo

195 1817 420 1858 scandalum
452 1827 609 1855 enatum
645 1826 725 1855 est.
776 1815 875 1853 Cum
906 1819 1024 1867 igitur
1068 1816 1082 1864 (
1113 1815 1234 1865 pergit
1264 1812 1333 1850 So-

196 1872 354 1921 crates)
384 1871 429 1909 ob
458 1885 552 1909 eam
583 1884 755 1909 causam
785 1870 1046 1908 ecclesiastici
1065 1867 1246 1905 homines
1276 1865 1334 1904 ‹ii-

197 1929 330 1964 cteriis
351 1934 632 1976 appeterentur
648 1925 736 1975 (a),
784 1923 1014 1961 Eudaemon
1034 1921 1199 1972 quidam
1217 1920 1334 1959 Pres—

198 1980 314 2033 byter
362 1978 619 2017 Alexandria
661 1977 849 2015 oriundus
893 1975 1091 2026 Episcopo
1138 1973 1333 2012 Nectario

198 2038 354 2081 suasit,
396 2042 437 2070 ut
466 2032 812 2070 Poenitentiarium
854 2029 1013 2082 quidem
1050 2027 1333 2080 Presbyterum

198 2095 469 2140 expungeret,
500 2098 823 2136 unumquemque
852 2097 940 2122 vero
968 2096 1037 2132 pro
1066 2081 1254 2129 arbitrio,
1284 2081 1334 2121 (9⁶

199 2156 270 2195 pro
290 2144 419 2180 animi
436 2144 494 2178 sui
508 2142 754 2178 conscientia
776 2137 830 2176 ad
846 2138 1207 2175 Sacramentorum
1228 2148 1336 2172 com-

199 2200 434 2235 munionem
452 2197 600 2233 sineret
615 2192 808 2231 accedere
823 2217 836 2229 .
865 2191 926 2230 Ex
944 2191 1017 2230 hac
1037 2189 1216 2238 historia,
1246 2201 1335 2241 quae

199 2361 345 2400 ortam‘,
370 2355 465 2404 quod
490 2355 700 2402 poenitentes
727 2353 770 2389 ad
789 2364 900 2399 genna
914 2349 1144 2387 Sacerdotum
1169 2362 1335 2396 procum-

202 2407 352 2446 berent,
376 2404 461 2437 dnm
486 2416 548 2437 sua
574 2403 644 2436 illis
670 2402 929 2436 confitebantur
955 2408 1098 2445 peccata
1114 2422 1122 2431 .

248 2459 299 2492 (a)
328 2454 421 2486 Dum
448 2451 520 2484 haee
545 2450 625 2494 lego
641 2472 651 2489 ‚
679 2450 714 2483 in
738 2457 893 2482 mentem
920 2448 1093 2486 veniunt,
1118 2458 1195 2490 quae
1213 2446 1246 2478 S.
1262 2445 1336 2478 Au-

203 2500 365 2546 gustinus
392 2499 505 2543 Epist.
535 2497 735 2531 LXXVIII.
771 2495 812 2528 de
839 2493 1051 2540 quibusdam
1088 2494 1141 2527 sui
1169 2492 1338 2536 temporis

204 2547 349 2582 nefariis
374 2544 577 2578 hominibus
602 2543 805 2582 scribebat,
843 2540 937 2587 quod
973 2543 1002 2575 si
1031 2541 1158 2585 aliquis
1189 2539 1339 2583 Episco-

203 2608 291 2638 pus,
329 2595 381 2627 vel
406 2592 587 2632 Clericus,
631 2592 681 2624 vel
707 2589 926 2629 ll1onaclzus,
971 2590 1021 2622 vel
1048 2587 1338 2621 Sanctimontalis

205 2642 402 2679 ceciderit,
438 2651 552 2672 omnes
577 2639 667 2672 tales
692 2648 770 2671 esse
797 2637 1004 2670 credebant.
1048 2635 1183 2679 Dignus
1210 2641 1261 2666 est
1287 2633 1339 2665 lo-

205 2700 266 2722 cus
281 2710 292 2728 ,
317 2687 378 2732 qui
405 2687 541 2731 legatur
557 2707 565 2716 .
1135 2704 1138 2707 Α
1211 2725 1217 2731 .

259 2736 308 2773 (b)
332 2734 501 2767 Calvinus
529 2731 607 2765 Lib.
627 2732 688 2764 Ill.
714 2728 869 2764 Institut.
886 2741 961 2775 cap.
978 2728 1014 2771 4.
1038 2740 1072 2762 n.
1096 2738 1128 2771 7.
1155 2726 1257 2759 solita
1276 2737 1339 2758 sua

209 2780 395 2825 impotenti
420 2780 517 2813 rabie
543 2779 592 2812 ita
619 2789 681 2811 nos
708 2777 908 2822 compellit:
949 2776 1022 2809 Hic
1055 2775 1114 2808 hic
1138 2786 1240 2811 aures
1265 2774 1340 2804 asi-

210 2830 247 2860 ni
268 2830 333 2859 isti
358 2830 537 2870 arrigunt.
565 2826 608 2858 St
635 2827 692 2859 lex
712 2824 783 2858 Dei
811 2832 885 2857 erat
909 2823 1119 2857 auricularis
1146 2818 1340 2862 consessio,

210 2886 273 2907 cnr
297 2885 398 2905 ausus
423 2881 517 2906 esset
540 2872 731 2906 N‘eetarius
757 2885 832 2905 eam
856 2871 1031 2915 refigere,
1057 2880 1099 2901 ac
1124 2867 1340 2900 convellere?

212 2919 403 2954 Calvinum
437 2920 545 2951 secuti
579 2928 661 2952 sunt
689 2919 900 2958 molinaeus,
936 2916 1144 2954 Masculus,
1187 2915 1218 2944 &
1252 2913 1338 2945 alii.

213 2965 283 3001 Sed
308 2965 462 2998 Dallaeus
488 2964 563 3008 ejus
592 2965 778 3009 symmista
799 2969 892 2998 asini
920 2961 1176 3009 improperium
1203 2971 1271 2991 non
1297 2959 1342 2992 ti-

212 3013 332 3052 muit,
359 3019 475 3056 aperte
503 3021 657 3053 negans,
690 3012 946 3044 confessionem
973 3008 1209 3043 auricularem
1235 3006 1341 3039 fuisse

215 3072 236 3094 a
255 3058 422 3094 Nectario
441 3057 588 3100 refixam
601 3078 612 3096 ,
638 3069 678 3089 ac
697 3061 888 3091 convulsam
901 3079 912 3097 ‚
938 3055 997 3090 sed
1017 3056 1130 3088 solum
1152 3052 1343 3098 publicam.

262 3111 312 3147 (c)
336 3104 568 3138 Doctissimus
587 3101 785 3136 Cardinalis
803 3105 972 3137 Bar-onius
999 3101 1042 3135 ad
1066 3114 1122 3135 an.
1139 3100 1195 3133 56.
1215 3111 1249 3131 n.
1265 3100 1320 3132 26.
1333 3120 1344 3139 ,

219 3166 290 3187 non
314 3152 466 3185 multam
491 3148 594 3183 fidem
620 3150 753 3181 Socrati
779 3148 1012 3183 adhibendam
1038 3160 1111 3181 esse
1136 3147 1238 3186 vult,
1263 3147 1345 3190 quia

217 3201 292 3235 sine
318 3198 425 3232 (lubio
449 3195 655 3231 Novati-‘anis
681 3193 841 3229 addictus
866 3204 964 3235 erat,
990 3199 1022 3227 &
1047 3193 1217 3228 nonnulla
1240 3192 1345 3226 habet

217 3247 255 3281 in
280 3258 343 3279 sua
368 3244 568 3278 narratione
602 3251 662 3275 aut
696 3253 823 3286 parum
860 3241 1093 3280 verisimilia,
1131 3248 1190 3273 aut
1229 3249 1346 3285 aperte

217 3294 307 3327 falsa
326 3315 335 3323 .
376 3291 529 3335 Longius
554 3300 757 3335 progressus
782 3296 834 3321 est
862 3288 1022 3321 Latinius
1048 3287 1282 3320 Viterbiensis
1310 3288 1345 3319 in

218 3341 371 3374 Dissert.
397 3340 518 3372 Romae
545 3335 639 3370 edita
663 3346 754 3370 anno
783 3336 885 3379 1587.
906 3357 917 3376 ,
957 3346 996 3368 ac
1023 3342 1133 3367 totam
1160 3334 1260 3366 illam
1286 3335 1348 3366 So-

218 3387 330 3422 cratis
349 3386 593 3421 narrationem
609 3391 648 3418 ut
661 3384 787 3419 falsam
801 3382 926 3429 rejecit
939 3405 948 3415 .
974 3382 1226 3418 Verumtamen
1242 3380 1347 3415 Card-

1056 119 1323 163 DJSSERT.
1348 121 1425 165 VI.
1460 121 1588 165 CAP.
1613 121 1735 166 VIII.

1406 204 1562 253 contigit
1591 204 1693 240 circa
1722 205 1865 240 annum
1896 203 1988 256 390.
2018 202 2164 257 colligit
2191 202 2401 256 Calvinus,
2445 219 2533 247 con-

1407 256 1605 292 fessionem
1637 265 1828 293 externam
1859 270 1933 294 non
1965 272 2039 296 esse
2075 258 2181 310 juris,
2212 261 2363 309 divini,
2406 270 2534 313 utpote

1405 323 1494 360 quae
1529 310 1649 360 potuit
1680 309 1759 359 lege
1789 309 2044 350 ecclesiastica
2073 312 2217 351 aboleri
2240 312 2295 365 (b)
2319 341 2329 351 .
2360 314 2536 353 Dallaeus

1406 371 1535 400 autem
1578 362 1756 411 magistro
1796 375 1863 399 suo
1905 374 2033 416 aperte
2069 368 2354 416 contradicens,
2395 378 2535 420 negat,

1409 414 1684 452 consessionem
1727 414 1984 454 auricularem
2029 428 2118 458 tunc
2159 421 2342 466 abolitam
2387 423 2534 470 fuisse,

1405 468 1522 519 quia,
1554 475 1592 504 ut
1623 468 1702 518 ipse
1723 476 1854 519 putat,
1884 483 2084 521 nunquam
2114 475 2234 513 fuerat
2255 477 2293 513 in
2315 490 2404 522 usu3
2434 476 2537 528 quod

1406 521 1540 570 probat
1571 528 1652 556 tum
1683 533 1727 556 ex
1762 520 1915 558 silentio
1943 523 2133 573 Socratis,
2176 528 2372 567 Sozomeni
2391 559 2401 577 ,
2444 531 2535 567 Cas·

1401 573 1547 610 siodori
1565 602 1574 620 ,
1605 573 1638 608 8<
1660 573 1889 625 Nicephori,
1919 577 1987 626 qni
2008 575 2175 618 Nectarii
2204 582 2346 620 factum
2376 597 2534 621 narran-

1405 634 1480 673 tes,
1525 625 1675 663 nullam
1706 629 1867 678 privatae
1897 628 2142 668 confessionis
2171 638 2399 674 mentionem
2431 639 2535 688 inge-

1406 688 1523 725 runt3
1567 689 1646 716 tum
1678 682 1918 731 potissimum
1949 695 1992 718 ex
2025 682 2152 720 verbis
2180 684 2342 725 Socratis
2370 704 2537 728 asseren-

1406 734 1451 770 tis
1473 763 1484 782 ,
1514 736 1721 784 unicuique
1749 738 1989 785 permissum
2003 734 2142 787 fuisse
2169 750 2239 787 pro
2265 739 2428 778 arbitrio
2449 773 2459 790 ,
2487 744 2537 785 ἐφ’

1408 800 1479 837 pro
1522 791 1653 824 animi
1699 792 1759 825 sui
1802 793 2050 827 conscientia
2091 790 2147 828 ad
2180 790 2541 834 Sacramentorum

1405 845 1733 879 communionem
1762 842 1981 891 accedere,
2012 853 2123 895 prout
2151 844 2340 883 nimirum
2368 854 2456 884 ante
2485 848 2541 885 in-

1405 896 1576 933 stitutum
1607 894 1938 935 poenitentiarium
1970 908 2193 936 consuetum
2225 909 2330 937 erat.

1459 948 1551 987 556.
1584 948 1722 1001 Hesp„
1766 951 1797 987 si
1828 965 1916 989 vera
1947 961 2074 989 narrat
2104 952 2301 1001 Socrates,
2345 962 2458 1005 atque
2495 963 2541 991 ex

1407 1016 1450 1040 eo
1466 1003 1723 1052 Sozomenus,
1755 1003 1789 1039 8(
1817 1004 1883 1043 alii
1904 1036 1914 1053 ,
1944 1005 1989 1042 de
2019 1019 2095 1058 quo
2122 1005 2246 1058 aliqui
2275 1007 2450 1045 dubitant
2468 1008 2541 1057 (c),

1406 1059 1662 1095 certissimum
1700 1066 1818 1109 puto,
1862 1060 2015 1097 nonnisi
2060 1059 2264 1110 publicum
2295 1061 2543 1099 Paenitentia-

1406 1111 1510 1148 rium
1543 1120 1698 1163 propter
1728 1112 1976 1160 scandalum,
2021 1114 2173 1151 fortasse
2204 1127 2248 1151 ex
2279 1115 2361 1166 ejus
2392 1116 2542 1165 impru-

1407 1164 1536 1202 dentia
1566 1165 1741 1202 obortum
1762 1196 1771 1213 ,
1803 1166 1917 1203 fuisse
1946 1166 2169 1218 abrogatum
2188 1195 2198 1206 .
2239 1167 2351 1206 Haud
2382 1170 2542 1220 antiqua

1405 1227 1484 1255 erat
1516 1218 1687 1270 ejusdem
1719 1218 1996 1258 Poeniteutiarii
2036 1222 2246 1267 institutio,
2288 1221 2543 1274 probabiliter

1405 1273 1505 1310 facta
1538 1282 1690 1324 propter
1712 1272 2015 1311 Novatiano'rum
2046 1275 2246 1326 querelas,
2277 1275 2377 1327 quod
2407 1289 2543 1327 pecca-

1400 1335 1438 1364 ta
1470 1327 1585 1364 nimis
1624 1325 1740 1364 facile
1779 1329 1818 1364 in
1847 1327 2022 1365 Ecclesia
2058 1329 2371 1366 remitterentur.
2417 1327 2544 1366 Poeni-

1407 1381 1575 1418 teutitxrii
1610 1389 1738 1418 autem
1784 1395 1923 1418 munus
1954 1390 2060 1428 erat,
2104 1382 2278 1419 moribus
2306 1381 2542 1419 Christiano-

1404 1447 1489 1472 rum
1524 1434 1749 1486 iuvigilare,
1796 1435 1971 1486 publicas
2004 1445 2244 1485 peccatorum
2284 1437 2544 1473 accusationes

1403 1490 1600 1540 recipere,
1629 1489 1804 1525 ordinem
1835 1490 1874 1526 iu
1906 1490 2175 1540 poenitentium
2205 1489 2387 1541 gradibus
2417 1502 2544 1527 serva-

1403 1555 1470 1590 re,
1501 1551 1659 1580 secretas
1690 1543 1802 1580 etiam
1832 1544 2081 1580 confessiones
2112 1544 2267 1591 audire,
2297 1543 2331 1579 δ(
2353 1544 2542 1594 poeuiten—

1403 1603 1455 1632 tes
1486 1596 1714 1647 quandoque
1735 1596 1783 1633 ad
1816 1596 2016 1648 publicam
2037 1597 2295 1648 quorumdam
2326 1598 2540 1635 criminum

1403 1650 1788 1698 manifestationem,
1907 1651 2176 1701 poenitentiam
2221 1651 2398 1701 adigere3
2443 1651 2542 1687 unde

1404 1703 1562 1740 fortasse
1608 1712 1793 1741 secretum
1841 1713 2023 1741 matronae
2073 1713 2249 1755 stuprum
2305 1704 2434 1753 palam
2485 1705 2542 1741 fa-

1402 1767 1507 1794 ctum
1548 1765 1625 1804 est,
1669 1770 1761 1794 cum
1803 1758 1910 1807 gravi
1941 1755 2200 1804 Ecclesiastici
2230 1756 2385 1794 Ordinis
2429 1757 2543 1794 dede-

1401 1823 1515 1848 core.
1565 1809 1850 1848 Poeniteutiario
1879 1820 2032 1858 amem,
2077 1824 2134 1848 res
2174 1811 2214 1848 in
2236 1812 2438 1862 pristinum
2469 1819 2539 1848 sta·

1401 1873 1483 1901 tum
1515 1865 1695 1902 restitutae
1734 1873 1847 1912 suut,
1889 1878 2028 1916 nempe
2065 1865 2099 1900 δε
2136 1865 2323 1903 confessio
2361 1865 2541 1916 privata,

1402 1932 1491 1970 quae
1536 1931 1581 1955 ex
1618 1917 1833 1969 Apostolica
1868 1919 2070 1956 traditione
2101 1918 2368 1967 descenderat,
2416 1931 2542 1956 serva-

1400 1981 1438 2010 ta
1480 1971 1749 2010 Sacerdotibus
1793 1972 1840 2010 ad
1883 1972 1922 2010 id
1967 1986 2105 2011 munus
2154 1973 2348 2010 destinatis
2396 1972 2541 2009 facien-

1401 2026 1476 2073 da,
1508 2025 1541 2061 8<
1572 2026 1686 2062 etiam
1717 2024 1877 2076 publica
1904 2039 1976 2077 pro
2004 2026 2247 2077 gravioribus
2276 2025 2508 2077 quibusdam
2527 2053 2540 2073 ‚

1403 2092 1447 2117 ac
1491 2079 1646 2116 notoriis
1689 2077 1918 2116 criminibus
1960 2079 2010 2116 ab
2047 2078 2239 2129 Episcopo
2281 2079 2540 2129 imponenda:

1402 2147 1495 2170 nam
1525 2132 1640 2169 etiam
1670 2139 1751 2182 post
1778 2131 2000 2170 Nectarium
2031 2133 2267 2184 poenitentiae
2298 2131 2468 2183 publicae
2501 2134 2542 2171 iu

1401 2185 1589 2225 Ecclesiis
1617 2183 1868 2224 orientalibus
1898 2195 2147 2224 monumenta
2176 2188 2424 2238 reperiuntur
2447 2184 2507 2237 (tl)
2528 2211 2540 2225 -

2396 2238 2490 2291 557.

1404 2346 1639 2382 Bellarminus
1666 2346 1744 2381 Lib.
1764 2347 1824 2380 ΙΙΙ.
1868 2345 1925 2381 De
1954 2345 2083 2382 Poenic.
2110 2347 2146 2380 in
2173 2346 2239 2381 fine
2266 2358 2343 2391 cap.
2369 2342 2424 2389 ιζ.
2448 2354 2546 2380 recte

1405 2397 1455 2429 sic
1474 2395 1620 2428 scribit:
1650 2394 1730 2426 lVon
1744 2394 1864 2438 facile
1888 2396 2016 2428 adduci
2040 2408 2177 2439 possum
2195 2416 2207 2435 ,
2233 2402 2267 2427 ut
2293 2396 2456 2436 credam,
2483 2394 2543 2425 hi-

1407 2446 1550 2476 storiam
1575 2444 1674 2475 illam.
1689 2441 1828 2484 salsam
1854 2454 1954 2481 esse,
1995 2455 2061 2485 qux
2093 2451 2161 2475 tuin
2198 2441 2434 2480 scribebatur,
2472 2452 2545 2472 cum

1400 2490 1520 2523 -adhzzc
1546 2492 1719 2528 viverent,
1755 2491 1810 2532 qui
1837 2493 1888 2521 rei
1914 2496 2017 2532 gest-e
2055 2488 2286 2532 interfuerant
2300 2503 2314 2525 ,-
2349 2491 2540 2530 praesertim

1406 2548 1481 2570 cum
1506 2548 1562 2568 res
1579 2557 1589 2575 ,
1627 2547 1692 2579 1711ae
1717 2542 1898 2575 narratur,
1936 2548 2001 2567 non
2028 2537 2064 2567 in
2089 2537 2214 2578 angulo
2239 2536 2353 2576 aliquo
2370 2555 2380 2573 ,
2419 2534 2481 2566 scd
2507 2537 2545 2565 in

1409 2585 1489 2616 urbe
1514 2583 1762 2620 celeberrima,
1800 2585 1940 2614 conscio
1965 2583 2088 2625 populo
2122 2585 2305 2620 universo,
2345 2583 2543 2624 contigisse

1408 2633 1575 2664 dicatur·
1618 2628 1705 2660 Sunt
1742 2627 1786 2660 ab
1817 2628 1976 2672 opposito
2008 2629 2069 2672 qui
2107 2627 2286 2667 fatentur,
2325 2640 2343 2659 a
2377 2626 2546 2660 Nectario

1408 2677 1516 2709 fuisse
1544 2675 1796 2708 confessionem
1835 2684 2008 2708 secretam
2045 2672 2086 2706 de
2112 2673 2228 2708 medio
2262 2674 2464 2715 sublatam,
2504 2681 2546 2705 ut:

1409 2723 1564 2755 Thomas
1593 2720 1790 2754 &Valdensis
1819 2721 1922 2754 Tom.
1950 2723 1992 2754 ll.
2030 2733 2106 2765 cap.
2136 2720 2238 2763 141„
2276 2724 2308 2753 δε
2335 2722 2450 2754 Canus
2478 2719 2545 2752 Re-

1408 2772 1489 2804 tect.
1517 2769 1560 2801 de
1576 2768 1730 2801 Sacram.
1757 2768 1792 2800 in
1817 2768 1883 2801 fine
1910 2769 1946 2801 P.
1963 2769 2006 2802 V.
2034 2769 2097 2802 His
2123 2777 2242 2802 tamen
2260 2766 2405 2812 major,
2431 2767 2545 2800 immo

1404 2815 1566 2850 maxima
1592 2827 1672 2859 pars
1700 2813 1961 2860 Tlieologorum
1986 2825 2158 2860 repugnat
2175 2839 2184 2848 .

1456 2864 1508 2901 (cl)
1539 2860 1643 2894 Card.
1670 2862 1839 2895 Baronius
1865 2863 1946 2897 loco
1971 2874 2048 2907 sup.
2074 2861 2170 2895 laud.
2197 2869 2324 2907 putat,
2363 2868 2467 2904 atque
2493 2866 2546 2892 et-

1411 2910 1482 2943 iam
1509 2909 1691 2943 nonnullis
1718 2910 1911 2942 momentis
1929 2910 2078 2954 probat,
2105 2922 2172 2943 non
2197 2920 2339 2942 omnem
2364 2908 2544 2952 publicam

1406 2956 1656 3001 >poenitentiam
1684 2957 1789 2989 fuisse
1815 2969 1834 2989 a
1861 2957 2028 2990 Nectario
2052 2956 2231 2990 sublatam
2249 2977 2261 2997 ,
2301 2953 2363 2988 sed
2388 2965 2465 2987 eam
2488 2963 2545 2984 so·-

1413 3004 1513 3043 lum,
1540 3014 1617 3047 quae
1647 3003 1751 3036 fiebat
1779 3002 1976 3046 aliquorum
2002 3003 2191 3036 criminum
2208 3002 2448 3038 occultorum,
2473 3007 2545 3030 ser-

1414 3059 1496 3083 vata
1524 3050 1592 3083 alia
1610 3072 1622 3090 ,
1655 3062 1764 3095 quam
1800 3062 1948 3083 canones
1974 3062 2040 3095 pro
2065 3051 2216 3095 peccatis
2252 3048 2402 3094 publicis
2427 3043 2544 3087 exige-

1414 3097 1524 3138 bant,
1551 3100 1583 3128 &
1607 3109 1685 3141 quae
1712 3097 1818 3130 etiam
1844 3097 1981 3130 saeculis
2007 3097 2233 3142 sequentibus
2260 3095 2318 3128 diu
2345 3101 2545 3138 persevera-

1415 3145 1492 3178 vit.
1529 3144 1599 3178 Alii
1627 3152 1746 3178 autem
1769 3143 1965 3177 doctissimi
1998 3143 2068 3177 duo
2093 3143 2297 3177 Cardinales
2313 3162 2324 3181 ‚
2366 3137 2546 3189 Bellarmi-

1415 3204 1503 3232 nus,
1540 3194 1571 3223 8(
1599 3191 1782 3224 Perronius
1802 3213 1813 3231 ,
1851 3191 1935 3224 Nat.
1962 3190 2190 3231 Alexander,
2224 3189 2325 3222 Dion.
2353 3185 2513 3217 Petavms
2533 3204 2545 3223 ‚

1416 3252 1456 3272 ac
1483 3237 1693 3271 Godefridus
1721 3238 1948 3271 Hermantius
1979 3243 1990 3276 (
2014 3239 2126 3271 invita
2152 3238 2186 3269 S.
2204 3231 2512 3276 Jo.Clirysostomi
2533 3234 2546 3268 )

1415 3293 1569 3331 putant,
1595 3297 1734 3318 omnem
1760 3285 2007 3330 poenitentiam
2032 3285 2208 3329 publicam
2234 3292 2252 3312 a
2271 3278 2437 3312 Nectario
2463 3277 2547 3311 abo-

1416 3334 1543 3372 litam,
1570 3335 1602 3364 &
1628 3333 1738 3365 solam
1763 3332 2016 3366 confessionem
2041 3331 2214 3375 privatam
2240 3333 2436 3377 retentam.
2471 3325 2549 3376 Pne-

1416 3379 1567 3415 nitentia
1594 3379 1737 3425 publica
1759 3387 1900 3425 poterat
1925 3377 2087 3417 aboleri,
2111 3374 2194 3419 quia
2218 3372 2358 3408 nonnisi
2383 3372 2551 3406 ecclesxa·
