2605 3624
1013 104 1093 150 DE
1129 106 1204 152 BA
1213 104 1433 150 I‘TISMO
1450 137 1462 148 .

108 195 148 236 5.
178 194 316 236 Multae
350 190 676 233 circumferuntur
713 186 892 240 baptismi
935 185 1171 226 definitiones

54 250 118 302 (a)
138 280 148 298 ,
187 251 248 289 sed
279 248 345 287 illa
373 248 521 297 aptior,
558 243 593 279 8(
622 241 858 280 commodior
887 252 964 277 esse
994 241 1170 289 videtur,

53 317 173 355 quam
202 315 246 341 ex
275 299 400 339 verbis
428 295 718 348 Domini-apud
748 294 934 333 Joannem
953 324 963 342 ,
1005 292 1039 329 ἃ
1070 295 1172 346 Apo·

52 355 135 394 stoli
171 356 218 393 ad
247 353 431 406 Ephesios
467 350 580 388 tradit
607 348 873 387 Catechismus
912 346 1102 385 Romanus
1132 347 1173 386 Ρ.

52 408 102 448 ll.
130 420 215 460 cap.
238 419 276 445 2.
304 419 341 444 n.
365 406 403 444 5.
421 435 432 454 ‚
462 413 500 442 ut
530 415 666 456 nempe
695 401 908 454 baptismus
937 402 1009 449 sit,
1055 399 1173 450 „Su-

50 489 81 511 ‚,
111 467 367 498 crumentum
395 459 710 511 regenerationis
739 468 808 506 per
837 468 988 506 aquam
1024 458 1060 491 in
1095 467 1175 494 ver-

51 542 80 564 „
109 511 183 552 bo:
224 521 359 553 natura
388 515 490 551 euim
519 525 564 549 ex
595 512 719 550 Adam
750 509 823 547 filii
856 511 924 547 irae
956 509 1175 555 nascimur-3

49 592 77 616 5,
105 579 174 619 per
201 566 440 619 Baptismum
470 579 559 605 vero
594 567 631 604 in
662 564 810 602 Christo
846 562 920 601 filii
960 563 1174 600 misericor-

49 646 77 669 „
104 619 181 658 dia:
201 621 440 659 renascimur
459 623 510 657 “z
539 620 639 666 Qua:
668 617 842 658 definitio
861 617 953 654 adeo
972 615 1076 654 clara
1096 624 1171 665 est,

45 680 87 712 ut
115 671 367 727 explicatione
395 686 471 712 non
501 673 664 724 indigeat
681 699 691 710 .
722 671 1036 709 Sacramentum
1065 670 1169 707 enim

49 734 102 765 est
131 740 276 779 genus,
304 730 555 780 regeneratio
583 735 639 765 est*
663 724 898 772 differentia,
926 736 1015 775 quae
1035 723 1174 783 ‘Bapti-

49 793 177 819 smum
208 795 230 819 a
258 783 391 821 ceteris
406 780 660 820 Sacramentis
674 778 897 829 distinguit,
926 775 1174 818 cuminnul-

46 831 87 870 lo
114 833 191 872 alio
219 836 372 888 proprie
400 835 501 874 dicta
528 835 779 887 regeneratio
807 829 901 875 fiat;
945 839 1059 882 atque
1089 829 1174 867 haec

47 885 263 926 differentia
291 888 418 927 adime
446 888 568 939 magis
598 886 857 936 restringitur,
901 896 990 921 cum
1028 883 1173 944 add-un-

48 947 110 978 tur
140 942 321 991 materia,
354 941 387 978 8<
416 941 539 980 forma
568 939 682 991 hujus
712 937 949 977 Sacramenti
981 949 1173 988 propriae,

44 1007 188 1047 nempe
215 1007 324 1046 aqua
352 995 402 1036 <J
430 993 608 1041 verbum,
638 1006 702 1030 seu
733 991 924 1029 invocatio
953 989 1172 1029 Trinitatis.

47 1047 225 1086 Ceterum
253 1050 284 1086 si
314 1047 405 1086 aliae
432 1047 638 1085 afferantur
666 1043 951 1084 catholicorum
982 1042 1174 1082 definitio-

45 1113 139 1148 nes,
168 1113 244 1139 non
273 1110 359 1139 sum
387 1100 651 1154 improbandae
674 1126 684 1139 .

101 1153 140 1199 4.
169 1153 436 1206 improbandae
465 1155 623 1193 omnino
652 1160 761 1201 sunt,
791 1165 880 1205 quae
910 1165 933 1188 a
960 1148 1174 1189 l'rotestan·

43 1207 147 1246 tibus
174 1208 392 1248 adinventae
423 1210 599 1257 fuerunt,
629 1221 674 1246 ex
705 1207 891 1259 perversis
911 1217 1044 1243 eorum
1066 1206 1172 1256 prin-

44 1261 159 1313 cipiis
184 1261 368 1300 derivatae
385 1289 396 1301 .
427 1262 527 1302 Nam
557 1266 686 1314 primo
705 1259 887 1298 Calvinus
907 1258 995 1297 Lib.
1013 1257 1081 1296 lV.
1112 1258 1175 1295 ln-

46 1316 122 1352 stit.
149 1328 237 1367 cap.
259 1316 319 1354 15.
341 1314 380 1369 ᾗ.
403 1330 436 1356 ι.
466 1316 718 1366 Baptismus,
749 1315 899 1366 inquit,
928 1320 987 1351 est·
1015 1315 1176 1365 signum

50 1369 314 1417 initiationis,
339 1383 418 1421 quo
447 1374 488 1408 in
517 1368 716 1408 Ecclesiae
744 1375 978 1418 cooptamur
1007 1371 1177 1404 societa-

50 1428 164 1469 tem,
207 1431 246 1459 ut
279 1420 432 1462 Christo
471 1427 581 1462 insiti
622 1427 727 1462 inter
755 1420 871 1475 filios
900 1419 978 1458 Dei
1010 1432 1177 1458 censea-

50 1486 170 1512 mur.
200 1474 285 1514 Jam
302 1489 389 1514 vero
417 1491 506 1516 cum
522 1477 707 1516 Calvinus
737 1488 892 1513 omnem
921 1473 1177 1512 sacramentis

46 1527 203 1579 deneget
219 1527 448 1580 efficaciam,
464 1540 504 1570 ut
524 1531 691 1570 vidimus
713 1529 912 1568 Dissuta.
935 1527 1086 1574 n.532.,
1103 1536 1177 1565 toto

48 1578 123 1619 hoc
153 1581 360 1622 verborum
389 1586 553 1624 circuitu
584 1583 683 1623 nihil
712 1583 822 1622 aliud
849 1579 932 1621 vult
951 1595 1026 1619 esse
1047 1581 1176 1633 Bapti-

49 1647 177 1673 mnum
195 1665 206 1684 ,
235 1650 353 1688 quam
383 1638 528 1677 nudum
557 1640 736 1689 signum,
764 1650 829 1674 seu
847 1665 858 1683 ,
889 1643 930 1672 ut
959 1635 1039 1686 ipse
1069 1633 1176 1686 loqui

50 1697 180 1736 amat,
210 1688 404 1739 sigillum,
433 1691 494 1729 vel
524 1689 762 1742 signaculum
792 1688 947 1739 justitiae
970 1702 990 1724 a
1011 1687 1090 1723 Deo
1110 1699 1178 1738 per

50 1739 169 1778 fidem
198 1751 383 1793 recepte.
411 1742 493 1781 Soli
522 1745 626 1781 enim
647 1742 760 1790 fidei,
790 1754 863 1779 non
894 1749 1020 1777 autem
1043 1739 1178 1777 Sacra-

55 1802 185 1831 mento
211 1795 292 1831 vim
322 1795 458 1834 tribuit
486 1795 749 1847 justificandi3
781 1808 852 1832 nec
874 1794 1109 1845 Baptismum
1139 1808 1180 1831 a·

53 1844 181 1898 liquid
210 1845 297 1898 plus
326 1848 435 1886 nobis
473 1858 655 1902 praestare
693 1856 820 1901 putat,
857 1861 975 1899 quam
1004 1846 1181 1889 Circum-

52 1899 145 1938 cisio
171 1909 370 1953 praestaret
399 1901 603 1952 Hebraeis,
641 1915 710 1955 per
745 1915 865 1953 quam
902 1915 924 1938 a
952 1901 1084 1938 ceteris
1112 1911 1181 1952 po-

99 2027 148 2066 (a)
178 2026 281 2072 Hngo
305 2040 324 2062 a
350 2029 385 2062 S.
411 2028 554 2064 Victore
581 2029 660 2064 Lib.
687 2029 748 2062 nt.
790 2025 846 2062 De
873 2027 1109 2063 Sacramentis
1135 2027 1171 2062 Ρ.

51 2070 114 2106 Vl·
132 2083 208 2118 cap.
227 2085 280 2107 ιι.
305 2075 523 2120 Baptismum
549 2074 635 2110 dicit
659 2087 732 2109 esse
756 2088 872 2119 aquam
896 2077 1075 2109 diluendis
1101 2079 1174 2108 cri-

48 2119 195 2153 minibus
220 2122 476 2165 sanctificatam
500 2135 561 2167 per
586 2124 715 2156 uerbum
734 2121 804 2155 Dei
821 2145 828 2153 .
856 2123 972 2166 Quam
997 2121 1175 2164 delinitio-

47 2175 129 2198 nem
154 2166 279 2202 merito
304 2168 527 2214 reprehendit
552 2170 740 2214 Angelicus
767 2170 799 2203 3.
814 2169 850 2202 P.
874 2181 933 2213 qu.
950 2169 1008 2202 56.
1035 2178 1101 2202 art.
1121 2181 1173 2210 1.,

44 2209 256 2254 ostendens,
292 2215 559 2250 Sacramentum
584 2216 750 2261 baptismi
787 2228 850 2248 non
883 2216 1008 2260 perfici
1034 2219 1070 2248 in
1096 2219 1174 2260 ipsa

47 2269 156 2300 aqua,
183 2261 247 2293 sed
270 2263 308 2294 in
331 2264 567 2307 applicatione
590 2275 678 2308 aqttae
694 2265 741 2297 ad
760 2262 946 2304 hominem,
972 2275 1037 2308 ‹su-e
1063 2271 1118 2296 est
1142 2266 1174 2297 i-

51 2313 114 2346 psa
138 2304 286 2339 ablatio.

102 2351 149 2388 (b)
179 2353 269 2386 Cum
295 2354 498 2390 Calvinistae
525 2354 838 2402 pmlolmptismum
865 2354 1084 2396 admittant,
1119 2355 1177 2388 in·

49 2394 218 2431 credibile
241 2407 317 2440 est,
353 2410 524 2445 quantum
550 2403 730 2444 laborent,
768 2412 804 2437 nt
831 2403 1036 2448 explicent,
1060 2402 1176 2446 qualis

52 2442 99 2476 sit
125 2442 290 2489 baptismi
316 2447 458 2482 effectus
485 2450 520 2482 in
547 2450 588 2483 iis
614 2449 834 2490 infantibus,
862 2450 896 2482 in
922 2449 1052 2494 quihus
1080 2449 1176 2481 nulla

46 2497 124 2529 est,
151 2497 210 2536 aut
235 2503 309 2526 esse
335 2503 448 2539 potest
467 2494 570 2529 fides.
599 2497 755 2541 Longum
781 2497 885 2529 nimis
906 2496 1020 2536 foret,
1044 2496 1176 2535 varias,

50 2534 187 2587 ⁸{blq11e
213 2549 391 2584 oppositas
416 2541 575 2586 ipsorum
592 2554 799 2577 enumerare
818 2542 1034 2582 sententias,
1060 2551 1097 2576 ut
1125 2541 1176 2574 fe-

51 2588 102 2613 cit
127 2582 248 2618 Herm.
275 2587 423 2621 Witsins
448 2589 484 2622 in
510 2590 666 2623 Exercit.
687 2589 742 2624 De
770 2592 924 2632 efficacia
949 2591 1113 2633 baptismi
1140 2591 1177 2621 in

53 2625 273 2671 insontibus,
304 2642 467 2668 contenta
501 2636 535 2668 in
563 2636 674 2670 Tomo
711 2637 822 2669 altero
855 2637 964 2681 ipsius
990 2635 1177 2670 Miscella-

55 2682 193 2707 nearum
217 2688 410 2713 sacrarum.
451 2681 623 2716 observat
650 2692 765 2716 autem
782 2705 791 2722 ‚
816 2687 924 2726 primo
952 2681 1086 2727 aliquos
1114 2693 1178 2727 pu-

57 2724 158 2771 ''ui‘’
183 2732 250 2756 nen
272 2726 439 2760 omnibus
465 2728 659 2762 infantibus
679 2730 828 2774 gratiam
855 2730 891 2762 in
911 2730 1089 2773 Baptismo
1114 2728 1179 2762 tri-

57 2761 120 2815 ¹’¹3¹
138 2786 152 2805 a
174 2766 233 2800 sed
258 2770 372 2805 solnm
392 2772 674 2817 praedestinatis3
702 2776 756 2809 cui
793 2776 974 2809 sententiae
1000 2777 1072 2822 ipse
1103 2775 1180 2808 Wi-

59 2817 150 2861 tsntts
177 2811 410 2858 adstipulatur
435 2828 555 2854 contra
581 2822 741 2864 Pareinn,
768 2823 997 2863 For-laesiiim,
1023 2827 1054 2855 &
1081 2822 1178 2855 alios.

57 2854 192 2890 Deinde
217 2857 359 2911 loquens
392 2862 434 2897 de
466 2870 725 2910 regeneratione
765 2890 791 2910 ,‚
817 2869 1006 2910 nonnulli,
1041 2873 1178 2913 inquit,

58 2923 86 2942 ‚,
112 2914 188 2956 eam
212 2902 358 2941 diversis
382 2917 577 2956 temporum
604 2915 763 2948 articulis
796 2913 989 2961 dispensari
1027 2923 1177 2961 putant,

54 2968 84 2990 ‚2
110 2949 298 2994 aliquando
322 2961 423 2995 aute,
447 2957 633 3002 aliquando
658 2961 691 2993 in
707 2982 718 3001 ‚
743 2961 934 3006 aliquando
961 2970 1037 3007 post
1062 2963 1179 3006 bapti-

54 3013 85 3036 „
110 3005 224 3030 smum
240 3019 248 3028 ·
287 2998 359 3031 Alii
384 2999 562 3052 Baptismo
588 3014 798 3049 praestruunt
816 3030 824 3039 .
864 3008 932 3041 Alii
960 3010 995 3042 in
1020 3010 1180 3042 futuram

57 3061 87 3083 „
112 3045 412 3086 regenerationem
437 3048 583 3081 infantes
618 3050 789 3094 baptizari
824 3051 975 3095 docent,
1011 3052 1104 3099 quod
1139 3055 1175 3087 in

58 3107 90 3130 2»
111 3090 273 3133 praesenti
303 3090 396 3124 illius
422 3103 489 3125 non
522 3093 591 3126 sint
618 3106 781 3138 capaces.
825 3099 929 3132 Multi
965 3099 1114 3145 denique
1141 3101 1177 3132 in

60 3153 90 3175 2,
113 3135 190 3180 ipso
216 3135 382 3181 baptismi
410 3147 514 3179 actu,
555 3141 585 3172 ἃ
612 3150 790 3174 momento
817 3143 1010 3179 infantibus
1036 3157 1179 3190 regene-

62 3199 92 3221 2,
113 3181 290 3216 rationem
317 3182 494 3218 ordinarie
522 3197 538 3218 a
559 3185 633 3218 Deo
658 3187 805 3220 conten-ri
824 3199 1003 3233 pugnant.
1030 3190 1106 3235 lpse
1121 3204 1179 3224 au-

63 3244 92 3265 „
117 3233 180 3260 tem
197 3228 345 3263 Witsius
374 3244 464 3265 suam
488 3233 531 3265 de
555 3234 706 3273 efficacia
732 3234 889 3275 baptismi
909 3241 1111 3272 sententiam
1130 3240 1180 3270 ita

62 3290 91 3310 κ
115 3280 293 3315 Proponit:
327 3277 418 3311 Cum
446 3278 642 3321 Baptismus
668 3279 713 3312 sit
740 3280 1030 3323 Sacramentum,
1062 3286 1094 3314 δι
1119 3283 1181 3315 Sa-

64 3336 93 3358 2>
117 3327 332 3357 eramentum
359 3325 404 3357 sit
430 3325 610 3368 sigillum,
648 3328 678 3358 δε
707 3326 812 3369 sigilli
852 3338 933 3361 usus
966 3328 1009 3361 sit
1047 3325 1180 3373 aliquid

173 3363 407 3424 Gazzaniga
441 3369 573 3413 Theoi.
605 3371 846 3413 Toin.t⁷111.

2225 118 2304 170 137

1239 184 1342 238 pulis
1370 184 1710 225 discernebantur.
1741 188 1911 229 Mentem
1942 205 2049 231 suam
2079 191 2221 233 clarius
2241 196 2363 246 aperit

1240 238 1279 329 ἓ.
1299 252 1335 277 2.
1365 252 1534 290 negans,
1577 238 1841 290 ablutionem,
1891 254 1937 284 (J
1970 247 2138 285 salutem
2177 257 2362 286 nostrum

1263 296 1493 342 aptismutis
1514 305 1622 343 aqua
1641 294 1809 345 perfici;
1840 297 1870 330 ὅ(
1893 297 1930 345 ζ».
1950 312 2012 336 ⁰22.
2044 299 2135 337 Nm
2166 301 2250 339 iuteo
2266 333 2276 351 ,
2307 304 2363 340 iu-

1240 347 1349 398 quit,
1380 343 1631 395 baptizuntur
1658 346 1994 399 liberifidelium,
2024 362 2062 387 ut
2081 356 2161 403 filu
2181 354 2256 393 Dei
2284 359 2363 406 pri-

1242 411 1354 436 mum
1371 398 1514 451 fiant,
1552 402 1618 450 qui
1645 409 1770 438 antea
1799 401 2113 453 ulienijueruut
2144 407 2192 442 (ιδ
2223 408 2362 446 Eccle-

1242 455 1328 500 sia,
1358 452 1429 490 sed
1456 453 1625 491 solemni
1653 458 1780 504 potius
1809 458 1922 505 siguo
1951 455 2035 492 aleo
2065 461 2105 493 ιή
2131 458 2360 498 Ecclesium

1243 509 1483 557 recipiuntur
1499 536 1510 554 ,
1530 511 1595 554 qui
1605 509 1700 559 jam
1720 518 1816 546 aute
1835 513 2108 558 prottzissionis
2129 510 2362 564 beneficium

1241 558 1298 598 ad
1326 572 1466 608 corpus
1499 559 1642 598 Christi
1671 571 1865 612 pertinent
1896 563 1952 612 (1))
1971 589 1980 599 .

1298 613 1337 651 5.
1368 613 1555 652 Eamdein
1574 614 1727 652 Calvini
1753 616 1929 654 haeresim
1951 625 2058 654 antea
2078 618 2265 668 professus
2289 620 2365 657 sae-

1242 675 1299 705 rat
1329 665 1482 706 Uiricus
1497 666 1709 719 Zviuglius
1738 670 1776 706 in
1805 684 1870 707 sua
1894 669 2151 722 Con-sessione
2168 671 2272 725 filei
2301 689 2366 711 :iu-

1243 733 1291 758 no
1324 721 1440 760 1550.
1469 731 1539 760 art·
1564 737 1629 774 7.,
1667 723 1734 760 ubi
1765 724 1859 760 inter
1888 723 1965 762 alia
1995 723 2078 762 haec
2107 725 2244 764 habet:
2288 727 2368 764 Bit-

1241 778 1408 826 ptismus
1438 788 1520 812 non
1548 776 1667 814 aliter
1686 774 1887 815 Ecclesiae
1919 776 2060 816 Christi
2089 783 2248 831 siguum
2279 790 2366 829 est,

1241 841 1364 879 quam
1393 833 1592 867 exercitus
1621 831 1764 881 aliquis
1800 835 2012 883 signatur:
2056 846 2137 869 non
2179 833 2280 884 quoi
2318 839 2371 872 si-

1240 895 1366 933 gnum
1396 881 1466 921 Ῑιοε
1495 885 1713 936 conjungat
1733 883 1931 922 Ecclesia:
1946 916 1955 934 ,
1987 885 2057 924 sed
2077 891 2140 937 qui
2155 888 2249 940 jum
2271 900 2365 926 corz-

1236 937 1402 988 junctns
1429 945 1515 984 est,
1544 937 1743 987 publicam
1775 947 1970 977 tesseram
2000 945 2166 992 accipit.

1297 989 1336 1027 6.
1365 989 1614 1040 Calvinistae,
1646 991 1678 1028 8<
1701 991 1932 1044 Zwingliani
1965 994 2086 1032 facem
2148 994 2372 1035 raetuleruut

1241 1041 1481 1092 Socinianis‚
1526 1059 1691 1097 quorum
1722 1046 1957 1084 definitiones
1988 1061 2030 1085 eo
2059 1047 2115 1086 col
2140 1051 2287 1097 imant,
2331 1059 2372 1088 ut

1242 1096 1458 1148 Baptismus
1487 1098 1586 1137 nihil
1626 1099 1670 1136 sit
1699 1098 1834 1147 aliud,
1878 1114 1995 1152 quam
2039 1102 2133 1140 ritus
2177 1103 2371 1152 exterior,

1241 1162 1318 1201 quo
1349 1149 1548 1200 homines,
1579 1151 1639 1190 vel
1670 1165 1715 1189 ex
1744 1152 1970 1201 JudaisznO,
2001 1154 2060 1192 vel
2081 1156 2302 1194 Gentilitate
2322 1157 2372 1196 ad

1241 1202 1496 1243 Christianam
1514 1204 1738 1256 religionem
1754 1208 1972 1244 accedentes
1994 1208 2217 1258 profitentur
2234 1239 2244 1256 ‚
2258 1209 2374 1247 Chri-

1245 1265 1342 1294 stum
1374 1270 1447 1310 pro
1476 1271 1544 1296 suo
1565 1259 1732 1296 Domino
1761 1265 2028 1312 recognoscere
2045 1262 2101 1311 (c)
2119 1287 2129 1298 .
2159 1262 2375 1300 Socinianis

1247 1319 1408 1363 utroque
1437 1310 1576 1363 pollice
1605 1312 1850 1352 subscribunt
1880 1313 2053 1360 Quakeri
2071 1345 2081 1363 ,
2112 1314 2145 1351 8t
2164 1315 2375 1367 Anabapti-

1245 1372 1313 1402 stae
1332 1394 1342 1413 ,
1372 1377 1435 1402 seu
1468 1365 1720 1404 Menuouistae
1739 1396 1749 1414 ,
1779 1380 1872 1419 quos
1902 1377 2049 1406 secutus
2079 1377 2133 1407 est
2162 1371 2249 1407 Ant.
2273 1369 2375 1409 Van·

1245 1417 1346 1456 Dale
1376 1419 1414 1456 in
1444 1417 1552 1457 Hist.
1582 1418 1898 1471 baptismatum,
1944 1434 2035 1459 cum
2067 1421 2257 1460 HebraiC·
2287 1432 2375 1461 tum

1249 1471 1466 1511 Christian.
1495 1472 1623 1511 addita
1655 1473 1810 1512 Dissert.
1840 1487 1956 1524 snper
1985 1475 2183 1514 Aristaea.

1302 1540 1340 1577 7.
1369 1525 1505 1577 Neque
1533 1526 1582 1564 ab
1613 1526 1682 1564 hoc
1713 1540 1838 1564 errore
1875 1527 2010 1579 procul
2040 1529 2176 1567 absunt
2208 1527 2372 1568 Remen-

1245 1586 1430 1626 strantes,
1475 1581 1512 1617 in
1541 1579 1826 1618 Socianisinuin
1864 1579 1976 1618 valde
2019 1583 2229 1634 propensi,
2274 1585 2375 1622 uude

1248 1631 1349 1669 haud
1378 1632 1572 1670 immerito
1604 1631 1981 1684 Crypto-Sociniani
2017 1635 2203 1688 appellati
2235 1637 2340 1675 fuere
2362 1664 2373 1676 .

1248 1685 1511 1723 Docentenim
1529 1715 1540 1734 ,
1570 1685 1824 1736 Bctptismum
1854 1701 1907 1726 ex
1935 1697 2051 1737 parte
2065 1688 2144 1728 Dei
2173 1703 2259 1729 esse
2279 1699 2372 1728 tan-

1247 1747 1332 1776 tum
1360 1739 1585 1790 quamdam
1612 1743 1760 1792 gratioe
1789 1740 2152 1794 significationem,
2197 1756 2250 1782 ez·
2279 1758 2372 1795 par-

1248 1801 1286 1830 te
1306 1796 1431 1830 nostri
1459 1793 1586 1831 solum
1613 1792 1813 1844 publicam
1843 1798 2018 1834 nominis
2043 1795 2258 1836 Christiani
2285 1812 2374 1849 pro-

1235 1843 1467 1898 fessionem
1498 1845 1560 1897 (d)
1580 1873 1590 1884 .

1303 1899 1344 1938 8.
1373 1898 1509 1940 Minus
1537 1899 1703 1940 absurda
1745 1903 1872 1954 primo
1901 1904 2045 1944 intuitu
2091 1904 2215 1945 videri
2257 1914 2378 1958 potest

2242 1961 2320 1999 Lu-

1241 2048 1267 2070 „
1293 2027 1502 2063 confirmare
1518 2051 1528 2071 ‚
1554 2041 1594 2064 ac
1608 2030 1798 2066 certiorare
1813 2055 1822 2073 ,
1841 2033 2030 2067 efficaciam
2044 2032 2211 2079 baptismi
2234 2033 2268 2066 in
2290 2045 2374 2067 con—

1241 2097 1267 2116 „
1293 2075 1516 2118 firmatione,
1551 2089 1592 2112 ac
1617 2079 1868 2113 certios-atione
1895 2081 2075 2126 promissae
2110 2081 2231 2125 gratiae
2259 2081 2375 2115 consi-

1242 2143 1269 2164 „
1295 2131 1386 2156 stere
1403 2146 1412 2154 ·
1450 2124 1574 2158 Omnis
1601 2136 1683 2160 vero
1709 2126 1770 2159 itta
1797 2127 1949 2161 efficacia
1980 2128 2126 2161 moralis
2152 2136 2230 2166 est,
2266 2136 2305 2160 ut
2340 2128 2376 2160 in

1242 2191 1268 2211 „
1294 2168 1422 2204 scholis
1450 2171 1629 2216 loquitur,
1657 2184 1697 2206 ac
1724 2181 1796 2206 toto
1822 2184 1946 2218 genere
1970 2173 2138 2209 distincta
2164 2173 2208 2207 ab
2227 2173 2376 2206 efficaci-

1242 2238 1268 2258 „
1294 2224 1366 2250 tate
1393 2218 1504 2257 reali,
1529 2220 1561 2251 ἀ
1580 2218 1729 2264 physica
1744 2223 1764 2236 '’
1779 2245 1786 2251 .

1291 2268 1339 2302 (c)
1370 2263 1518 2298 Faustus
1545 2265 1689 2299 Socinus
1717 2266 1750 2298 in
1778 2266 1914 2310 praefat.
1941 2266 1982 2300 ad
2009 2267 2290 2310 Disputationem
2319 2264 2374 2299 De

1245 2307 1423 2352 Baptismo
1442 2324 1529 2354 aqu-e
1550 2311 1651 2345 Tom.
1674 2313 1698 2345 l.
1724 2314 1880 2356 Operum
1895 2335 1906 2353 ‚
1933 2322 2025 2346 totus
2044 2322 2120 2354 est,
2146 2321 2185 2345 ut
2206 2312 2376 2356 baptismi

1246 2356 1490 2389 necessitatem
1517 2357 1638 2399 tollat,
1679 2357 1895 2391 contendens
1922 2370 2097 2404 nusquam
2125 2359 2160 2391 in
2188 2359 2378 2402 Evangeli-

1245 2411 1408 2442 starum,
1448 2411 1507 2436 aut
1533 2403 1782 2448 Apostolorum
1808 2405 1908 2438 libris
1937 2405 2114 2446 inveniri,
2150 2405 2312 2438 omnibus
2340 2406 2377 2438 in

1246 2458 1453 2494 perpetuum
1469 2471 1480 2489 ,
1504 2450 1563 2493 qui
1581 2450 1775 2483 Christiani
1794 2462 1868 2483 esse
1888 2452 2020 2492 velint,
2046 2460 2261 2496 praeceptum
2288 2453 2378 2485 fuis-

1244 2507 1302 2529 se:
1347 2508 1414 2529 non
1445 2504 1560 2529 tamen
1589 2505 1773 2541 propterea
1798 2509 1880 2531 euin
1906 2497 2146 2543 abrogandum
2182 2510 2257 2531 esse
2293 2510 2376 2532 cen-

1244 2550 1319 2575 set:
1358 2542 1450 2575 nihil
1474 2547 1563 2576 enim
1586 2544 1769 2586 prohibet,
1811 2543 1952 2588 inquit,
1994 2557 2056 2589 quo
2095 2558 2203 2578 minus
2231 2545 2374 2588 idfieri

1244 2593 1382 2632 possit,
1408 2602 1555 2632 quatinus
1582 2598 1618 2623 ut
1636 2590 1710 2633 fiat
1726 2612 1736 2630 ‚
1759 2600 1959 2634 praeceptum
1984 2604 2048 2624 non
2065 2592 2183 2636 fitertt
2199 2613 2207 2623 .
2243 2591 2376 2625 Praece-

1245 2644 1345 2680 ptum
1370 2647 1455 2668 vero
1482 2635 1684 2680 baptizandi
1712 2635 1800 2670 nihil
1827 2636 1922 2670 aliud
1943 2650 2015 2671 esse
2035 2639 2133 2679 vult,
2159 2650 2263 2683 (piam
2284 2649 2373 2683 prat-

1247 2691 1387 2727 ceptum
1414 2680 1650 2726 praedicandi,
1690 2685 1722 2715 &
1750 2683 1938 2728 recipiendi
1977 2684 2173 2718 doctrinam
2200 2685 2378 2718 Christia-

1248 2740 1352 2762 nam.
1398 2729 1505 2762 Porro
1528 2728 1618 2762 nihil
1644 2729 1831 2763 absurdius
1868 2730 1936 2764 dici
1971 2743 2093 2776 posse,
2126 2731 2347 2765 Ostendemus
2365 2753 2375 2771 ,

1247 2776 1306 2809 ubi
1333 2774 1374 2808 ‹le
1401 2775 1506 2820 hujus
1533 2777 1749 2809 Sacramenti
1777 2779 1984 2810 necessitate
2010 2789 2150 2822 agemus
2169 2801 2177 2810 .
2218 2778 2295 2812 Νοη
2324 2787 2377 2812 ta-

1247 2833 1327 2856 men
1353 2833 1473 2856 omnes
1500 2822 1682 2855 Sociniani
1708 2823 1884 2867 Magistro
1910 2836 1972 2857 suo
1998 2823 2065 2857 hac
2101 2825 2135 2858 in
2163 2835 2260 2870 parte
2290 2824 2374 2858 snb-

1249 2869 1428 2903 scribunt.
1456 2870 1552 2902 inter
1576 2877 1709 2903 ceteros
1735 2872 1829 2902 enim
1859 2871 2102 2914 Wolzogenius
2129 2872 2164 2904 in
2190 2883 2221 2905 c.
2240 2872 2375 2905 XXVI.

1253 2928 1306 2950 ιι.
1328 2913 1456 2949 Matth.
1494 2916 1649 2956 fatetur,
1691 2916 1858 2961 baptismi
1895 2918 2005 2951 ritum
2041 2926 2210 2962 praecepto
2238 2919 2376 2952 Christi

1251 2964 1449 2997 servandum
1475 2966 1510 2995 in
1535 2964 1685 2995 omnibns
1702 2963 1816 3007 fidem
1842 2967 1876 2996 in
1897 2968 2006 3008 ipsum
2026 2966 2316 3009 suscipientibus.
2345 2967 2378 2998 l-

1247 3008 1398 3054 demque
1423 3008 1548 3043 docent
1575 3009 1792 3047 W'olckelius
1819 3010 1897 3044 Lib.
1917 3011 1978 3044 Vl.
2020 3011 2073 3046 De
2103 3025 2180 3046 iura
2207 3015 2376 3055 religione

1246 3067 1323 3102 cap.
1342 3056 1403 3097 6.,
1437 3058 1471 3088 &
1497 3055 1784 3101 Schilichtingius
1812 3057 1846 3091 in
1872 3058 1974 3103 epist.
2003 3059 2155 3103 primam
2181 3058 2222 3092 ad
2252 3060 2374 3093 borin-

1247 3102 1362 3137 thios-
1405 3104 1441 3136 ln
1467 3100 1670 3136 definitione
1699 3112 1815 3137 tamen
1841 3103 2009 3150 baptismi
2046 3118 2064 3138 a
2091 3105 2217 3140 Socino
2247 3102 2375 3138 indita

1247 3147 1304 3182 De
1329 3148 1506 3193 Baptismo
1532 3159 1608 3193 cap.
1625 3159 1655 3181 2.
1672 3171 1683 3191 ‚
1708 3160 1828 3184 omnes
1853 3150 1930 3196 ejus
1956 3151 2110 3196 gregales
2139 3152 2372 3188 conveniunt,

1248 3203 1452 3230 [inconstat
1477 3207 1518 3229 ex
1549 3195 1702 3230 Smalcio
1730 3205 1852 3230 contra
1882 3198 2069 3232 Franzium
2096 3209 2174 3243 pag.
2201 3199 2305 3239 310„
2330 3209 2368 3228 ex

1248 3240 1420 3276 Ostorodo
1447 3241 1600 3276 Institut-
1616 3255 1691 3289 cap.
1711 3244 1769 3289 39.
1788 3265 1800 3284 ‚
1826 3246 1859 3277 e<
1883 3256 1925 3279 ex
1947 3244 2160 3279 catechismo
2180 3245 2288 3277 Racot
2303 3243 2370 3274 ien-

1249 3286 1278 3320 si
1304 3298 1382 3333 pag.
1408 3289 1486 3332 195.

1301 3335 1353 3376 (d)
1384 3336 1503 3372 Simon
1518 3335 1726 3382 Episcopius
1742 3358 1754 3378 ‚
1810 3337 1843 3371 ui
1867 3336 2095 3381 Theologtam
2120 3336 2370 3371 Remonsirm-

1775 3395 1787 3421 1
