2605 3624
288 92 347 138 64

289 164 379 205 588.
412 160 468 199 Ad
500 159 535 197 id
563 155 836 195 declarandum
882 153 1084 193 adhibetur
1127 157 1348 208 exemplum

231 218 470 270 aptissimum
500 212 623 263 ignis3
654 209 741 247 licet
771 210 873 246 enim
903 209 950 247 ad
971 209 1274 247 comburendum
1305 212 1353 249 li-

229 284 349 322 gnum
378 265 600 306 necessariae
631 265 705 302 sint
733 263 912 315 quaedam
934 262 1123 300 naturales
1137 263 1351 315 dispositio-

230 336 292 360 nes
321 323 360 360 in
391 322 471 372 ipso
499 317 620 370 ligno,
652 317 750 367 ignis
780 326 906 353 tamen
938 329 1024 353 vere
1053 317 1192 354 dicitur
1221 318 1285 364 vi,
1318 317 1350 353 8(

229 384 367 414 natura
396 387 463 412 sua
491 371 639 423 lignum
669 369 920 407 comburere.
951 369 1005 406 Ita
1033 371 1209 421 quamvis
1226 370 1271 406 ad
1293 371 1349 407 di-

227 443 323 481 gne,
353 427 387 463 &
417 427 604 464 fructuose
625 423 862 474 suscipienda
877 422 1122 460 Sacramenta
1154 423 1191 461 in
1220 422 1351 461 adulto

226 483 468 534 requirantur
498 478 591 517 fides
609 507 619 525 ,
650 477 789 523 timor,
819 490 928 526 spes,
960 476 1183 526 poenitentia
1201 505 1211 523 ,
1240 475 1348 514 aliae-

226 549 301 587 que
331 535 406 586 piat
436 532 721 583 dispositiones,
750 530 881 579 gratiae
912 537 1038 565 tamen
1059 529 1255 579 productio
1275 543 1348 567 non

227 590 306 627 istis
334 584 666 639 dispositionibus,
709 581 773 618 sed
804 581 983 632 ingenitae
1013 579 1347 621 Sacramentorum

226 642 356 681 virtuti
376 671 385 687 ,
416 639 448 675 8(
479 636 662 674 efficaciae
692 634 899 672 tribuitur.

280 695 372 746 589.
405 692 519 729 Hisce
548 688 748 740 expositis,
781 686 894 723 facile
922 695 973 723 est
995 687 1182 737 probare,
1211 689 1349 740 dogma

224 763 247 786 a
276 746 451 785 Patribus
471 741 703 781 Tridentinis
731 738 933 777 definitum
964 742 1164 792 perspicue
1183 744 1350 779 contine-

224 802 259 839 ri
277 831 288 849 ,
325 802 381 838 sin
410 798 539 835 minus
567 794 719 832 totidem
750 792 904 839 verbis,
948 793 1082 830 saltem
1110 793 1196 832 aliis
1226 797 1347 846 asqui-

224 853 469 898 valentibus,
499 858 578 887 tum
611 847 651 885 iu
679 857 785 883 sacra
813 844 1013 897 Scriptura
1031 875 1041 893 ,
1085 855 1165 885 tum
1196 848 1234 885 in
1263 861 1346 886 san-

223 916 374 945 ctorum
405 904 558 942 I’atrum
601 900 797 943 doctrina3
845 907 884 936 ut
921 898 1133 937 luculenter
1170 910 1270 951 patet
1299 915 1344 940 ex

223 959 404 1011 pluribus
433 953 655 993 testimoniis
685 963 800 1001 supra
829 965 938 990 num.
961 951 1054 992 553.
1087 953 1120 988 8(
1147 967 1226 1005 seq.
1256 968 1344 993 con-

221 1014 340 1064 gesti.
387 1010 484 1047 Cum
516 1006 620 1043 enim
650 1004 817 1049 dicitur,
848 1003 1046 1043 hominem
1076 1020 1121 1044 ex
1149 1020 1249 1058 aqua
1276 1008 1344 1047 ba-

220 1064 409 1116 ptismatis
439 1062 618 1107 renasci,
648 1056 865 1096 Ecclesiam
895 1058 1084 1097 mundari
1113 1060 1276 1098 lavacro
1294 1075 1340 1099 a-

221 1131 337 1169 quae,
368 1128 436 1168 per
453 1113 690 1165 Baptismum
720 1108 825 1148 ablui
838 1121 1007 1160 peccata
1024 1142 1035 1160 ,
1064 1113 1253 1165 baptizari
1276 1114 1341 1152 ho-

220 1172 345 1209 mines
373 1172 415 1206 in
442 1169 718 1205 remissionem
747 1173 1002 1213 peccatorum
1019 1195 1029 1213 ,
1061 1165 1094 1202 8(
1123 1181 1192 1218 per
1213 1169 1341 1219 ipsum

219 1221 499 1275 sanctificari,
528 1219 623 1271 quid
650 1217 757 1256 aliud
778 1218 970 1266 innuitur,
999 1233 1117 1271 quam
1134 1219 1247 1258 talem
1263 1236 1341 1259 esse

219 1277 432 1315 efficaciam
453 1273 634 1325 baptismi
652 1301 663 1319 ,
693 1279 804 1323 atque
825 1272 918 1309 adeo
933 1271 1099 1310 aliorum
1115 1273 1342 1312 Sacramen—

218 1341 367 1378 torum,
399 1337 439 1366 ut
467 1328 536 1365 rite
565 1333 735 1376 suscepta
764 1337 810 1360 ex
838 1325 877 1362 vi
908 1326 999 1377 ipsis
1028 1341 1049 1363 a
1079 1327 1211 1365 divino
1231 1329 1341 1366 Insti-

217 1392 340 1420 tutore
371 1381 488 1418 indita
515 1379 676 1430 gratiam
706 1376 947 1428 producant?
990 1378 1073 1416 Hoc
1101 1390 1228 1418 autem
1259 1392 1340 1429 est,

216 1435 319 1489 quod
349 1434 489 1470 dicitur
516 1435 698 1482 gratiam
726 1428 911 1480 conferre
941 1443 994 1468 ex
1013 1444 1131 1482 opere
1160 1443 1341 1484 operato;

216 1488 321 1541 quod
350 1484 524 1522 definivit
552 1483 727 1520 Ecclesia
744 1506 757 1520 .

272 1540 365 1592 590.
392 1538 536 1576 Dices.
565 1535 695 1574 Sacrae
725 1534 862 1572 litterae
893 1535 1027 1574 eodem
1046 1549 1198 1588 prorsus
1227 1539 1340 1577 modo

214 1593 426 1646 loquuntur
456 1591 502 1628 de
531 1591 693 1642 pretioso
710 1586 852 1626 Christi
882 1589 1087 1639 sanguine.
1118 1589 1158 1627 S.
1180 1591 1340 1630 Joannes

214 1649 258 1687 in
288 1646 405 1698 priori
433 1658 499 1682 sua
529 1644 638 1696 epist.
661 1642 689 1680 1.
713 1655 750 1693 7.
779 1639 955 1692 Sanguis
975 1642 1067 1679 Jesu
1086 1641 1248 1692 Christi,
1280 1646 1340 1682 in-

215 1701 361 1753 quit...
391 1696 585 1736 emundat
614 1708 686 1734 nos
714 1693 764 1731 ab
793 1699 906 1731 omni
925 1705 1116 1744 peccato.
1147 1696 1197 1734 Et
1218 1699 1339 1748 Apoc-

214 1755 246 1793 l.
270 1754 307 1791 5.
354 1751 471 1789 Lavit
499 1763 573 1787 nos
601 1762 629 1786 a
658 1751 832 1799 peccatis
874 1753 1020 1786 nostris
1057 1753 1098 1785 in
1142 1754 1340 1801 sanguine

213 1820 286 1845 suo
304 1832 314 1843 .
361 1804 409 1842 Et
440 1802 559 1841 multa
588 1801 759 1853 eJ‘usdem
802 1803 950 1851 generis
979 1815 1082 1852 saepe
1109 1813 1339 1851 occurrunt,

214 1873 305 1913 quae
348 1856 620 1910 pretiosissimo
655 1855 830 1905 sanguini
860 1854 947 1893 Jesu
977 1853 1118 1893 Christi
1149 1857 1226 1893 vim
1245 1886 1254 1904 ,
1306 1857 1340 1892 8(

212 1912 429 1951 efficaciam
458 1908 666 1948 mundandi
694 1920 760 1945 nos
789 1905 986 1954 tribuunt,
1018 1910 1113 1960 quin
1135 1917 1260 1946 tamen
1281 1909 1340 1946 di-

215 1979 374 2012 camus,
423 1963 461 2001 id
492 1963 665 2014 praestari
695 1975 717 1998 a
744 1958 885 1998 Christi
928 1963 1112 2013 sanguine
1142 1975 1195 2000 ea:
1223 1974 1340 2013 opere

214 2027 410 2070 operato‚·
439 2016 502 2054 sed
533 2015 739 2068 requiritur
765 2026 861 2064 opus
890 2019 1121 2064 operantis,
1152 2029 1216 2053 seu
1246 2015 1340 2053 fides

215 2081 340 2111 nostra
368 2071 416 2108 ad
444 2069 693 2107 obtinendum
722 2080 836 2118 super
858 2079 932 2107 nos
958 2066 1133 2107 fructum
1156 2070 1337 2120 passionis

215 2125 327 2177 ejus.
369 2123 478 2162 Unde
508 2122 549 2160 S.
579 2120 718 2159 Paulus
748 2119 908 2158 Roman.
931 2121 997 2159 ΠΙ.
1022 2122 1086 2160 25.
1116 2121 1161 2158 de
1189 2121 1338 2159 Christo

213 2177 373 2230 loquens
391 2207 400 2224 ,
435 2175 563 2226 Quem
580 2204 591 2223 ,
621 2175 775 2226 inquit,
804 2178 1002 2223 proposuit
1021 2174 1132 2212 Deus
1150 2178 1338 2225 propitia-

214 2235 364 2270 tionem
393 2242 463 2280 per
493 2227 628 2281 fidem
658 2231 699 2264 in
741 2232 940 2279 sanguine
969 2232 1114 2279 ipsius:
1161 2228 1339 2266 similiter

213 2298 302 2336 ergo
333 2284 434 2322 idem
463 2281 666 2320 dicendum
696 2279 742 2318 de
757 2279 1038 2330 Sacramentis,
1069 2282 1171 2333 quod
1192 2294 1264 2319 non
1286 2295 1339 2320 ex

216 2349 336 2389 opere
363 2343 551 2385 operato,
589 2333 654 2372 sed
683 2345 736 2371 ez·
763 2346 879 2384 opere
908 2339 1112 2385 operantis
1129 2364 1140 2383 ,
1176 2348 1241 2372 seu
1272 2349 1339 2388 per

215 2390 335 2430 fidem
362 2389 553 2440 operantis
581 2388 741 2438 gratiam
771 2387 1013 2439 producunt.

273 2444 364 2494 591.
395 2440 507 2490 Resp.
535 2453 624 2476 cum
654 2439 694 2477 S.
710 2439 862 2478 Thoma
883 2440 922 2479 5.
953 2441 995 2480 Ρ.
1024 2449 1160 2495 quaest.
1180 2442 1245 2480 62.
1268 2450 1338 2480 art.

217 2498 286 2544 5.‚
316 2504 392 2533 tam
422 2493 507 2530 Jesu
536 2491 673 2529 Christi
704 2495 928 2542 sanguinem
948 2525 958 2542 ,
990 2495 1071 2546 ejus
1101 2497 1337 2547 passionem,

218 2550 253 2587 8(
284 2557 443 2586 mortem
461 2575 472 2594 ,
501 2558 618 2597 quam
633 2543 881 2582 Sacramenta
909 2547 958 2583 ab
977 2549 1108 2586 eodem
1124 2550 1211 2587 Jesu
1227 2548 1341 2587 Chri-

219 2612 274 2642 sto
303 2602 500 2646 instituta,
550 2610 625 2635 esse
655 2597 695 2634 in
724 2596 831 2634 nobis
860 2611 991 2636 causas
1033 2604 1164 2651 gratiae
1195 2606 1341 2639 instru-

218 2654 447 2699 mentales,
477 2651 717 2694 sed,diverso
746 2650 883 2688 modo.
915 2681 941 2699 ‚,
970 2652 1036 2690 Est
1067 2655 1170 2691 enim
1199 2656 1341 2707 duplex

278 2709 592 2745 instrumentum:
625 2716 742 2740 unum
763 2703 919 2755 quidem
940 2717 1155 2756 separatum
1173 2736 1183 2754 ,
1214 2717 1252 2744 ut
1272 2709 1338 2746 ba-

277 2760 412 2804 culus;
441 2757 547 2796 aliud
562 2765 688 2794 autem
705 2758 952 2806 conjunctum
971 2789 981 2806 ,
1012 2768 1051 2797 ut
1079 2773 1239 2797 manus.
1270 2760 1339 2798 Per

278 2814 570 2851 instrumentum
600 2819 728 2847 autem
757 2810 1005 2861 conjunctum
1025 2843 1036 2861 ,
1080 2821 1252 2850 movetur
1281 2815 1337 2852 in-

277 2875 528 2904 strumentum
559 2872 801 2915 separatum,
841 2865 936 2902 sicut
964 2865 1126 2904 baculus
1161 2879 1227 2918 per
1256 2880 1336 2905 ma-

278 2933 370 2957 num
388 2945 398 2956 .
442 2916 671 2968 Principalis
700 2925 825 2954 autem
856 2931 969 2956 causa
1004 2919 1173 2958 efficiens
1201 2921 1334 2969 gratiae

278 2981 330 3010 est
359 2973 438 3023 ipse
468 2970 597 3016 Deus,
627 2970 675 3007 ad
704 2984 818 3021 quem
848 2982 1091 3024 comparatur
1121 2973 1337 3011 humanitas

276 3025 417 3064 Christi
435 3054 446 3071 ,
475 3024 570 3060 sicut
587 3024 879 3061 instrumentum
896 3025 1144 3077 conjunctum
1165 3057 1174 3075 ,
1204 3026 1337 3065 Sacra—

279 3087 449 3116 mentum
479 3085 628 3123 autem,
658 3077 753 3113 sicut
781 3077 1076 3118 instrumentum
1107 3089 1336 3133 separatum.

279 3132 327 3170 Et
356 3132 439 3169 ideo
467 3138 631 3181 oportet,
659 3129 761 3180 quod
783 3130 900 3169 virtus
921 3133 1116 3172 salutifera
1145 3150 1167 3172 a
1196 3133 1336 3172 divini-

280 3194 354 3223 tate
383 3183 524 3222 Christi
554 3195 621 3234 per
650 3182 731 3233 ejus
767 3181 1042 3225 humanitatem
1083 3189 1125 3226 in
1155 3189 1238 3240 ipsa
1265 3187 1335 3226 Sa·

219 2738 247 2757 ’5

219 2791 247 2811 θ’

218 2844 248 2863 2>

221 2897 247 2917 2>

220 2949 248 2969 9³

220 3003 248 3022 ³9

220 3056 247 3075 θ’

221 3109 249 3129 2)

222 3163 249 3183 Β)

222 3216 251 3236 ²²

1080 75 1343 121 DISSERT.
1377 77 1411 120 Ι.
1455 76 1583 120 CAP.
1617 77 1695 120 XI.

1419 187 1444 206 „
1474 164 1667 195 eramenta
1683 156 1873 193 derivetur
1891 180 1930 192 ...
1954 153 2063 193 Unde
2080 153 2326 193 manifestum
2341 164 2414 205 est,
2434 159 2534 210 quod

1422 240 1448 259 „
1478 209 1723 248 Sacramenta
1740 207 1925 246 Ecclesiae
1945 208 2159 260 specialiter
2189 208 2328 246 habent
2358 211 2535 250 virtutem

1421 293 1447 312 „
1479 276 1522 300 ex
1553 264 1724 314 passione
1752 261 1914 306 Christi,
1957 261 2068 312 cujus
2098 263 2214 300 virtus
2256 263 2536 313 quodammodo

1419 345 1445 364 „
1476 316 1587 353 nobis
1628 315 1827 366 copulatur
1857 328 1923 365 per
1966 317 2241 366 susceptionem
2271 315 2534 355 Sacramento-

1420 397 1444 416 ‚‚
1474 382 1560 406 rum
1583 368 1602 382 ’'
1623 395 1634 405 .
1664 369 1767 414 Quia
1795 380 1884 418 ergo
1911 367 2156 406 Sacramenta
2186 381 2255 405 non
2286 379 2438 421 propter
2467 384 2534 409 no.

1417 430 1492 459 stra
1520 434 1655 471 opera,
1685 420 1745 457 vel
1777 421 1936 467 merita,
1966 422 2028 458 sed
2047 423 2154 459 unice
2170 435 2238 474 per
2254 423 2430 460 virtutem
2452 438 2536 475 pas-

1417 474 1532 511 sionis
1561 472 1701 510 Christi
1732 474 1771 509 in
1802 472 1912 510 nobis
1939 475 2100 523 gratiam
2132 476 2371 525 producunt,
2402 477 2536 516 dicun-

1417 535 1476 564 tur
1506 526 1677 563 eamdem
1709 525 1917 576 producere
1945 538 1998 562 ex
2017 540 2132 577 opere
2151 540 2340 577 operaio.
2370 529 2533 581 Sanguis

1416 589 1564 626 autem,
1595 587 1658 615 aut
1687 579 1809 629 passio
1839 578 1996 615 Domini
2025 581 2140 617 nostri
2169 581 2257 617 Jesu
2286 581 2427 619 Christi
2457 598 2534 622 non

1415 634 1556 670 dicitur
1586 633 1621 669 in
1652 632 1760 669 nobis
1791 630 1995 682 producere
2024 633 2186 683 gratiam
2217 633 2462 682 immediate,
2501 635 2535 671 &

1416 699 1468 723 ex
1496 698 1610 736 opere
1640 693 1828 734 operato,
1872 686 1964 736 quia
1993 684 2074 735 ejus
2103 685 2249 722 fructus
2285 685 2398 724 debet
2428 688 2534 727 nobis

1416 739 1604 791 applicari
1635 751 1702 789 per
1731 738 2005 776 Sacramenta.

1471 793 1562 843 592.
1593 793 1707 830 Addit
1736 804 1825 828 vero
1854 790 1894 828 S.
1925 789 2065 828 Paulus
2095 789 2257 830 Roman.
2282 792 2349 830 ΙΙΙ.
2389 807 2458 844 per
2474 794 2535 848 fi-

1415 845 1536 889 (lem;
1584 846 1676 897 quia
1705 844 1799 882 fides
1828 845 1874 881 ad
1903 853 2069 881 nostram
2111 844 2449 885 sanctificationem
2481 857 2533 886 est

1413 900 1605 950 dispositio
1632 900 1789 935 omnino
1818 899 2052 942 necessaria3
2083 896 2160 934 sola
2190 905 2315 936 tamen
2336 913 2411 938 non
2428 901 2532 939 suffi-

1411 954 1487 990 cit:
1519 952 1616 989 unde
1645 951 1817 989 Christus
1847 952 1925 1001 ipse
1955 950 2080 988 Marci
2103 950 2211 988 XVI.
2234 950 2293 989 16.
2325 961 2532 1007 utrumque

1411 1004 1645 1056 conjungens
1679 1004 1754 1054 Qui
1784 1002 1991 1041 crediderit
2009 1034 2019 1052 ,
2050 1004 2200 1055 inquit,
2234 1005 2284 1044 (ῥ’
2312 1005 2533 1056 baptizatus

1398 1057 1557 1110 fuerit,
1586 1059 1716 1095 salvus
1747 1061 1844 1096 erit.
1877 1057 2008 1095 Noster
2036 1065 2164 1094 autem
2197 1058 2399 1108 Angelicus
2430 1061 2467 1099 5.
2490 1061 2532 1100 Ρ.

1409 1120 1545 1164 quaest.
1566 1112 1631 1163 49.
1661 1120 1730 1148 art.
1760 1124 1791 1147 r.
1830 1110 1876 1147 ad
1899 1110 1935 1147 5.
1980 1112 2031 1147 ita
2062 1109 2230 1160 Apostoli
2270 1113 2387 1150 verba
2428 1127 2532 1152 com-

1410 1174 1625 1210 mentatum
1669 1162 1806 1211 Fides,
1850 1175 1920 1213 per
1947 1175 2071 1213 quam
2100 1176 2127 1199 a
2164 1173 2328 1213 peccato
2358 1166 2532 1205 munda-

1410 1231 1521 1266 mur,
1552 1231 1632 1255 non
1662 1226 1719 1255 est
1736 1215 1847 1268 fities
1878 1214 2063 1267 informis
2081 1245 2090 1263 ‚
2120 1229 2210 1267 quoe
2223 1226 2347 1267 potest
2368 1232 2454 1257 esse
2473 1229 2530 1258 et-

1410 1275 1493 1308 iam
1510 1285 1599 1308 cnm
1616 1279 1780 1319 peccato
1798 1299 1809 1316 ,
1839 1269 1907 1306 sed
1929 1280 1987 1307 est
2004 1268 2116 1321 fides
2133 1270 2327 1321 formata
2346 1285 2415 1321 per
2430 1273 2526 1311 clia-

1410 1329 1603 1369 ritatem5
1645 1333 1685 1361 ut
1715 1327 1770 1361 sic
1799 1327 1931 1371 passio
1965 1322 2106 1359 Christi·
2135 1323 2245 1362 nobis
2281 1327 2528 1375 applicetur,

1410 1391 1491 1415 non
1519 1379 1644 1415 sotum
1676 1385 1869 1424 quantum
1907 1375 1962 1413 ati
1991 1376 2233 1414 intellectum
2251 1407 2261 1424 ,
2306 1379 2376 1416 secl
2403 1383 2530 1418 etiam

1409 1442 1604 1482 quantum
1634 1430 1688 1468 αλ
1717 1428 1933 1476 affectum.
1977 1429 2069 1467 Vid.
2100 1438 2194 1467 totus
2223 1430 2291 1468 ille
2319 1433 2530 1482 articulus,

1409 1487 1449 1522 in
1479 1498 1555 1536 qno
1583 1485 1625 1522 S.
1656 1484 1807 1521 Thoma
1835 1482 2002 1521 mirifice
2030 1481 2223 1534 explicat,
2252 1487 2443 1536 quomodo
2463 1501 2532 1540 per

1409 1540 1619 1588 passionem
1650 1537 1790 1574 Christi
1823 1536 2034 1573 liberemur
2062 1551 2085 1573 a
2113 1546 2298 1588 peccam.

1464 1589 1554 1640 595.
1589 1590 1700 1626 Dices
1729 1589 1929 1627 secundo.
1958 1588 2274 1628 InSacramentis
2295 1591 2439 1644 major,
2470 1593 2533 1632 vel

1409 1643 1536 1678 minor
1565 1644 1685 1692 gratia
1725 1643 1920 1679 confertur
1965 1654 2033 1692 pro
2071 1641 2242 1692 majore,
2290 1645 2350 1682 vel
2380 1648 2532 1685 minore

1409 1696 1697 1745 suscipientium
1739 1695 2011 1746 dispositione,
2060 1703 2170 1744 prout
2208 1696 2321 1733 etiam
2350 1697 2530 1749 Synodus

1410 1747 1634 1785 Tridentina
1676 1747 1850 1785 definivit
1891 1746 1988 1785 Sess.
2018 1744 2086 1783 Vl.
2118 1761 2203 1798 cap.
2236 1761 2296 1799 7.:
2341 1763 2412 1788 non
2444 1763 2532 1803 ergo

1409 1801 1599 1839 confertur
1615 1812 1668 1838 ex
1682 1813 1799 1848 opere
1814 1809 1975 1851 operato
1992 1830 2002 1848 ,
2033 1800 2096 1838 sed
2111 1813 2163 1837 ex
2178 1815 2293 1852 opere
2312 1809 2532 1853 operantis.

1464 1854 1556 1905 594.
1589 1854 1699 1905 Resp.
1732 1868 1815 1904 neg.
1846 1866 1978 1898 cons-3
2009 1853 2144 1892 Gratia
2173 1856 2277 1893 enim
2294 1857 2532 1896 sanctificans

1409 1916 1596 1959 quantum
1626 1907 1675 1944 ad
1703 1906 1951 1943 substantiam
1983 1906 2116 1944 eadem
2131 1908 2308 1946 omnibus
2323 1911 2531 1961 confertur,

1409 1960 1477 2011 qui
1508 1960 1603 2007 rite,
1634 1958 1667 1995 8(
1697 1959 1778 1996 sine
1806 1959 1916 1996 obice
1945 1958 2192 1997 Sacramenta
2221 1962 2451 2013 suscipiunt3
2492 1975 2531 2003 ut

1409 2020 1508 2063 patet
1538 2013 1575 2049 in
1606 2012 1799 2063 Baptismo
1829 2023 2034 2063 puerorum
2053 2038 2063 2050 .
2093 2013 2169 2050 Sed
2197 2014 2228 2051 si
2258 2015 2377 2053 adulti
2410 2018 2531 2069 majo-

1408 2079 1467 2104 res
1496 2063 1656 2103 afferant
1685 2065 1806 2102 animi
1826 2065 2108 2116 dispositiones,
2138 2076 2226 2105 tunc
2247 2070 2378 2118 gratia:
2395 2070 2531 2109 Sacra-

1409 2117 1593 2167 mentali,
1623 2131 1711 2171 quae
1741 2130 1794 2156 ex
1823 2131 1938 2168 opere
1966 2127 2128 2169 operato
2157 2122 2379 2170 confertur,
2422 2125 2529 2163 addi-

1407 2181 1468 2210 tur
1498 2173 1610 2210 etiam
1641 2170 1737 2219 illa,
1767 2185 1855 2223 quae
1885 2171 2005 2209 aDee
2034 2187 2182 2211 sumine
2212 2174 2309 2213 bono
2337 2176 2530 2217 obtinetur

1408 2239 1476 2277 per
1505 2238 1600 2277 opus
1627 2226 1818 2276 operantis
1840 2251 1849 2263 .
1881 2224 2049 2263 Ulterius
2079 2227 2176 2264 sicut
2196 2227 2294 2279 ignis
2323 2229 2530 2269 vehemen-

1408 2280 1481 2316 tius
1511 2280 1586 2316 urit
1614 2279 1814 2316 materiam
1838 2279 1955 2329 magis
1971 2279 2214 2331 dispositam,
2245 2283 2296 2319 ita
2316 2284 2430 2321 etiam
2452 2287 2529 2323 vir-

1409 2341 1465 2370 tus
1495 2333 1699 2370 intrinseca
1727 2332 1963 2370 sacramenti
2007 2332 2193 2384 majorem
2236 2334 2413 2374 effectum
2443 2352 2529 2389 pro-

1408 2386 1514 2423 ducit
1545 2387 1584 2423 in
1614 2387 1846 2436 suscipiente
1887 2386 2008 2437 magis
2037 2387 2240 2437 disposito.
2287 2388 2398 2428 Unde
2428 2392 2531 2430 idem

1407 2438 1626 2477 Concilium
1657 2439 1832 2477 Trident.
1862 2438 1960 2477 Sess.
1981 2438 2049 2476 Vl.
2080 2454 2166 2490 cap.
2191 2454 2228 2490 7.
2264 2442 2383 2490 dicit,
2421 2443 2530 2493 justi-

1409 2494 1499 2530 tiam
1520 2493 1588 2530 Dei
1612 2494 1648 2530 in
1665 2493 1917 2530 Sacramentis
1938 2492 2058 2544 recipi
2079 2492 2299 2531 secundum
2327 2501 2533 2546 propriam

1409 2548 1597 2599 cujusque
1627 2545 1944 2596 dispositionem,
1974 2546 2023 2586 Θ·
2052 2551 2374 2597 cooperationem
2393 2576 2402 2587 .

1465 2599 1623 2647 Quaeres
1638 2604 1764 2650 primo
1781 2630 1792 2648 ,
1822 2598 2016 2650 quomodo
2032 2598 2306 2639 Sacramenta
2335 2605 2415 2640 sint
2435 2615 2531 2641 cau-

1489 2653 1670 2705 gratioe?

1466 2706 1557 2758 595.
1592 2706 1700 2759 Resp.
1729 2708 1830 2746 Cum
1859 2715 2004 2745 certum
2034 2708 2079 2745 sit
2108 2707 2211 2759 apud
2240 2719 2372 2746 omnes
2391 2709 2530 2748 Catho-

1409 2759 1524 2807 licos,
1554 2760 1801 2798 Sacramenta
1831 2774 1908 2798 esse
1939 2773 2044 2797 veras
2073 2774 2203 2798 causas
2224 2762 2355 2811 gratia:
2385 2766 2530 2801 instru-

1408 2814 1607 2851 mentales
1624 2816 1638 2865 (
1656 2828 1742 2851 nam
1759 2827 1872 2851 causa
1894 2811 2118 2864 principalis
2133 2816 2266 2865 gratiae
2283 2827 2357 2853 non
2374 2825 2425 2854 est
2454 2817 2528 2855 nisi

1407 2866 1510 2904 Deus
1531 2867 1546 2915 )
1564 2897 1575 2914 ,
1606 2880 1681 2903 non
1713 2880 1830 2918 parva
1860 2874 1986 2916 postea
2015 2875 2067 2903 est
2097 2868 2193 2905 inter
2209 2867 2420 2921 Theologos
2442 2883 2525 2907 con-

1407 2921 1608 2968 troversia,
1638 2933 1728 2957 cum
1744 2917 1922 2956 subtilius
1939 2921 2148 2971 quaeritur,
2178 2935 2253 2973 qua
2269 2923 2412 2960 ratione
2431 2922 2527 2959 hanc

1406 2973 1568 3022 gratiam
1600 2972 1638 3008 in
1671 2971 1775 3009 nobis
1807 2971 2043 3023 producant.
2091 2974 2279 3021 Quamvis
2307 2984 2430 3012 autem
2463 2988 2527 3012 va-

1407 3026 1502 3071 riae,
1533 3039 1576 3062 ac
1606 3025 1767 3063 diversae
1799 3027 1872 3062 sint
1891 3024 2211 3066 Scholasticorum
2242 3027 2526 3078 explicationes,

1407 3086 1562 3129 possunt
1591 3086 1716 3116 tamen
1749 3078 1946 3116 brevitatis
1975 3081 2093 3130 gratia
2123 3082 2169 3120 ad
2198 3082 2289 3118 duas
2310 3081 2526 3131 praecipuas

1407 3131 1577 3168 revocari
1609 3131 1670 3180 (a)
1689 3158 1698 3169 .
1730 3131 1856 3170 Prima
1886 3140 1937 3170 est
1958 3132 2237 3172 'Phoinistasum
2257 3162 2266 3179 ,
2297 3132 2363 3183 qui
2395 3133 2525 3186 physi-

1404 3197 1490 3222 cam
1533 3186 1776 3224 instrumenti
1816 3187 2000 3225 rationem
2043 3188 2082 3225 iu
2110 3186 2365 3234 Sacramentis
2407 3201 2523 3238 agno-

2338 3249 2470 3289 scunt,

1411 2666 1461 2691 sa

271 3307 319 3343 (a)
348 3301 584 3337 Doctissimun
622 3308 739 3336 noster
774 3302 947 3346 Melchior
972 3307 1088 3342 Canus
1129 3307 1165 3342 in
1189 3306 1445 3346 &leccionibus
1482 3304 1524 3340 de
1552 3303 1788 3340 Sacramentis
1815 3305 1930 3339 P.1V.
1972 3304 2036 3338 has
2071 3303 2249 3348 opiniones
2287 3303 2440 3341 diversas
2479 3306 2528 3341 ita
