2605 3624
248 126 332 164 13⁶}

184 201 490 240 Lutberanorum
520 193 693 233 definitio
709 224 718 241 ,
747 205 913 246 quorum
931 194 1080 231 nomine
1098 192 1195 230 Phil.
1218 192 1301 229 Me-

188 254 363 291 lanethon
395 255 435 289 in
467 250 584 287 Locis
612 261 821 286 catnmun.
840 248 1075 300 lliiptismum
1106 261 1183 284 esse
1213 247 1305 284 dicit

182 311 339 358 siguum
360 336 370 353 ,
400 318 474 354 quo
488 302 599 342 Deus
627 302 830 340 nobiscum
859 306 970 353 agit,
1001 309 1049 341 <9-
1079 304 1213 350 recipit
1234 312 1305 336 nos

184 364 227 396 in.
255 363 464 412 gratiam.
493 358 566 396 Sed
595 361 723 407 primo
752 355 835 393 haec
865 356 1037 393 definitio
1066 355 1182 392 nimis
1213 367 1306 403 vaga

182 422 235 451 cst
251 443 262 462 ,
294 413 326 449 8(
344 421 461 466 potest
483 413 596 449 etiam
615 410 698 448 aliis
714 411 967 448 Sacratncntis
982 409 1174 459 adaptari.
1205 406 1307 443 Prae-

182 476 284 505 terea
313 467 462 504 nomine
502 468 605 518 signi
637 463 843 502 Lutherani
886 477 960 500 non
989 463 1191 506 denotant,
1233 461 1306 496 nisi

179 523 334 572 signum
365 520 538 564 nudum,
567 518 600 554 8<
622 520 725 556 omni
755 517 978 555 efficacitate
1005 527 1170 553 vacuum
1189 540 1199 551 .
1241 512 1308 550 So-

182 574 261 613 lent
303 574 458 627 quidem
492 571 700 611 Lutlierani
743 570 863 608 multa
901 571 946 607 de
975 569 1309 606 Sacramentorum

181 628 354 668 efficacia
384 636 513 665 contra
532 624 787 672 Calvinistas,
817 623 850 659 8<
882 622 1089 673 magnifica
1118 620 1308 671 praedica-

182 697 255 728 τες
293 683 354 721 sed
384 693 498 719 nemo
527 681 673 731 ignorat
703 691 833 714 eorum
863 680 1010 724 πρῶτον
1039 673 1215 719 mentm,
1244 672 1306 724 ju-

179 736 448 774 stificationem
480 746 616 784 nempe
644 745 717 769 non
746 746 767 768 a
796 728 1050 767 Sacramcntis
1071 756 1082 775 ,
1113 727 1173 763 sed
1204 741 1226 763 a
1249 738 1305 762 so-

181 791 220 828 la
248 790 325 827 fide
347 789 510 840 pendere
527 813 537 824 .
568 785 833 832 Quamobrem
856 794 1055 832 nunquam
1086 777 1192 817 illam
1209 780 1305 816 Con-

179 843 263 881 ‹tilii
294 842 512 879 Tridentini
544 838 712 891 phrasim
731 866 741 884 ,
781 849 849 888 per
877 834 1125 873 Sacramenta
1153 833 1302 870 confer-

178 899 212 935 ri
235 897 393 948 gratiam
424 907 477 932 ex
506 905 622 942 opere
637 898 825 941 operato,
855 888 1054 925 admittere
1069 885 1300 926 voluerunt.

178 951 304 989 lmmo
344 949 404 986 JO.
435 946 658 985 Gerhardus
686 943 734 982 Τ.
753 943 821 981 ΙΧ.
852 941 1051 979 Locorum
1094 938 1299 992 tlzeologc'c.

177 1019 264 1055 cap.
288 1017 323 1054 7.
354 1000 392 1053 ᾗ.
428 1013 515 1038 121.
544 998 797 1044 contendens,
841 995 1080 1047 Baptismum
1111 1007 1187 1031 esse
1217 1006 1300 1032 me-

177 1058 286 1094 dium
316 1053 628 1106 regenerationis,
660 1058 906 1104 protestatur,
937 1063 974 1086 se
1004 1049 1234 1099 longissime
1250 1047 1300 1085 ab

175 1112 353 1161 opinione
382 1110 510 1158 operis
537 1109 689 1158 operati
727 1105 893 1149 distare;
935 1102 1037 1154 qnod
1067 1110 1194 1139 tamen
1226 1102 1301 1152 ipsi

173 1179 196 1201 a
224 1163 443 1202 Calvinistis
471 1174 546 1200 nou
574 1162 657 1200 sine
700 1158 951 1198 fundamento
991 1154 1188 1206 objectum
1218 1156 1302 1193 fue-

173 1226 232 1257 ]'at
261 1220 325 1268 (a)
344 1243 354 1256 ο

229 1285 268 1323 ς).
299 1270 425 1308 Pauca
466 1267 650 1307 addamus
680 1265 725 1304 de
754 1266 840 1304 trita
883 1262 950 1302 illa
980 1262 1014 1300 8<
1044 1262 1196 1315 vulgata
1234 1262 1303 1300 tri-

175 1324 290 1378 plicis
318 1323 558 1375 baptismatis
578 1321 765 1359 divisione
786 1351 797 1368 ,
826 1317 971 1356 scilicet
1001 1318 1041 1356 in
1059 1318 1300 1368 Baptisinum

177 1392 318 1430 aquas,
348 1376 563 1427 sanguinis,
594 1373 842 1420 &desiderii,
873 1386 936 1409 sen
959 1372 1224 1421 poenitentiae,
1254 1371 1301 1407 de

173 1446 252 1484 qua
282 1431 358 1481 agit
388 1430 428 1467 S.
460 1428 629 1465 Thomas
652 1428 689 1465 5.
719 1426 760 1464 P.
790 1434 927 1476 quaest.
949 1424 1014 1462 66.
1046 1434 1114 1463 art.
1151 1438 1210 1462 11.
1242 1424 1303 1461 in-

173 1486 331 1538 quiens:
363 1512 387 1530 „
409 1481 550 1518 Praeter
566 1481 804 1531 Baptismum
835 1492 946 1529 aquae
979 1487 1094 1529 potest
1123 1477 1303 1529 consequi

230 1537 372 1589 aliquis
389 1535 627 1573 Sacramenti
656 1532 834 1570 effectum
865 1544 909 1567 ex
940 1532 1109 1582 passione
1137 1530 1300 1575 Christi;

173 1623 201 1642 ‚,
231 1593 269 1630 in
298 1597 488 1642 quantum
531 1588 618 1640 quis
647 1587 683 1624 ei
720 1586 1006 1632 conformatur,
1054 1597 1122 1635 pro
1150 1582 1301 1620 Christo

173 1677 202 1696 ‚‚
231 1643 436 1698 patiend03
465 1642 567 1680 unde
595 1640 735 1679 dicitur
753 1639 872 1692 Apoc.
893 1636 979 1674 Vll.
1004 1637 1064 1682 14.
1095 1635 1151 1672 Hi
1179 1644 1299 1684 sunt,

175 1731 204 1750 υ
233 1702 298 1750 qui
328 1704 516 1736 venerunt
548 1708 600 1733 ex
630 1706 788 1747 magna
817 1690 1095 1739 tribulatione,
1124 1689 1174 1730 ὦ)
1195 1690 1300 1727 [ανε-

174 1784 203 1805 „
232 1761 324 1790 runt
352 1751 476 1789 stolas
504 1762 627 1796 suas,
657 1745 1011 1794 &dealbaverunt
1042 1757 1114 1783 eas
1143 1747 1183 1781 in
1205 1757 1301 1781 saa-

173 1838 200 1858 „
228 1811 346 1859 guine
374 1808 472 1857 agni
494 1830 504 1841 .
546 1803 694 1842 Eadem
724 1803 836 1839 etiam
881 1801 1025 1837 ratione
1064 1798 1204 1849 aliquis
1234 1809 1303 1848 per

234 1862 414 1898 virtutem
431 1858 595 1910 Spiritus
626 1856 745 1893 sancti
774 1854 1019 1905 consequitur
1034 1852 1212 1889 effectum
1232 1851 1300 1888 ba-

233 1914 384 1966 ptismi:
428 1925 503 1949 non
532 1909 656 1949 solum
686 1910 765 1946 sine
795 1908 971 1959 Baptimo
1000 1920 1111 1958 aquae
1130 1934 1140 1952 ,
1170 1903 1233 1942 sed
1262 1918 1301 1941 e-

235 1969 330 2005 tiam
362 1967 442 2004 sine
460 1964 644 2015 ,Baptimo
673 1962 864 2013 sanguinis
886 1990 896 2007 ,
935 1962 1165 2011 inquantum
1197 1957 1301 1995 scili-

232 2030 292 2059 cet
322 2018 489 2069 alicujus
519 2030 583 2055 cor
613 2029 680 2068 per
709 2015 898 2065 Spiritum
914 2013 1097 2051 Sanctum
1127 2019 1303 2050 movetur

232 2075 280 2113 ad
315 2072 547 2112 eredendum
569 2101 580 2119 ,
623 2069 657 2106 δε
687 2068 925 2120 diligendum
956 2067 1083 2105 Deum
1102 2096 1112 2113 ,
1156 2063 1190 2100 8<
1220 2078 1303 2115 poe-

231 2128 428 2167 nitendum
458 2126 503 2163 de
534 2125 725 2176 peccatis:
775 2122 874 2159 unde
904 2122 1018 2159 etiam
1062 2119 1202 2157 dieitur
1232 2116 1300 2154 ba-

232 2186 398 2234 ptismus
427 2181 668 2230 poenitentiae
684 2191 699 2221 ,-
728 2175 761 2212 8<
783 2176 830 2213 de
850 2175 918 2212 hoc
934 2175 1074 2211 dicitur
1103 2173 1212 2209 Isaiae
1230 2170 1299 2210 lV.

234 2236 274 2281 4.
304 2235 345 2273 Si
375 2233 542 2271 abluerit
572 2231 772 2269 Dominus
800 2227 935 2266 sordes
951 2227 1143 2280 filiarum
1173 2225 1299 2272 Sion,

175 2319 203 2339 „
232 2290 281 2330 <9³
311 2290 556 2339 sanguinem
573 2283 831 2323 Hierusalem
862 2283 999 2320 laverit
1028 2280 1075 2319 <le
1104 2278 1237 2317 medio
1257 2292 1299 2316 e·

182 2373 210 2391 „
236 2344 330 2395 jus,
373 2345 415 2378 in
445 2342 583 2393 spirit'u
606 2337 779 2391 judicii,
820 2336 871 2377 &y
900 2339 1036 2386 Spiritu
1064 2333 1221 2372 ardoris
1242 2347 1258 2378 ‚·
1278 2332 1299 2348 ‘'

177 2397 307 2444 Quam
337 2409 442 2433 suam
473 2394 685 2432 doctrinam
711 2389 915 2443 Angelicus
945 2397 1071 2442 postea
1101 2387 1304 2426 confirmat

179 2450 403 2488 auctoritate
431 2447 561 2486 Sancti
604 2446 808 2498 Augustini
850 2442 1032 2483 Lib.1V.
1075 2441 1138 2480 De
1167 2440 1304 2491 Bapti-

178 2515 267 2541 smo
295 2510 436 2540 contra
457 2500 695 2538 Donatistas
723 2513 809 2550 cap.
833 2511 897 2536 22.
928 2495 1063 2535 Videri
1094 2497 1206 2534 etiam
1238 2507 1306 2546 po-

181 2566 251 2596 test
280 2557 382 2595 idem
412 2554 454 2593 S.
483 2552 593 2591 Pater
623 2554 712 2591 Lib.
734 2554 764 2591 Ι.
793 2551 857 2589 De
887 2554 1033 2589 anima
1062 2564 1148 2601 cap.
1169 2560 1210 2599 9.

238 2624 299 2649 10.
329 2609 515 2648 Observat
557 2607 693 2644 deinde
736 2604 941 2657 Angelicus
988 2605 1137 2642 nonnisi
1176 2601 1305 2653 Bapti-

178 2678 308 2704 stnum
336 2675 448 2714 aquae
479 2674 554 2699 esse
583 2673 719 2699 verum
749 2659 1069 2704 Sacramentum3
1113 2655 1189 2695 alia
1219 2668 1309 2693 vero

179 2720 256 2757 duo
284 2717 488 2757 convenire
516 2728 606 2754 cum
637 2714 829 2767 Baptismo
858 2725 998 2764 aquae,
1041 2724 1119 2750 non
1148 2710 1309 2762 quidem

174 1569 200 1588 2>

175 1892 204 1912 ³³

174 1945 204 1965 2>

177 1998 206 2018 97

174 2051 203 2072 22

174 2105 202 2126 25

174 2159 202 2180 ἓ,

175 2213 201 2232 ‚⁸3

175 2267 204 2286 >9

181 2899 273 2931 tium
301 2897 333 2929 in
359 2908 469 2930 unum
496 2906 619 2940 corpus
644 2894 807 2940 redegit,
831 2894 934 2928 ‘Tom-
955 2895 981 2927 Ι.
1007 2891 1224 2937 Baptismum
1250 2889 1306 2923 di-

182 2945 232 2978 cit
258 2955 331 2976 esse
357 2951 548 2981 tesseram,
586 2950 718 2982 notam,
745 2946 901 2986 sigrium,
938 2941 995 2973 vel
1021 2940 1200 2979 sigillam,
1235 2949 1306 2981 quo

181 2990 391 3036 profitemur
413 2988 619 3031 religionem
640 2989 892 3028 christianam,
920 2983 1214 3031 quemadmodum
1225 2984 1305 3016 Cir-

182 3036 357 3070 ‹·1nncisio
382 3035 522 3079 signum
547 3042 621 3066 erat
645 3034 808 3067 israelitis
829 3046 840 3073 3
866 3033 957 3067 unde
983 3032 1112 3071 infert,
1136 3029 1303 3074 baptismi

182 3082 393 3118 mandatnm
419 3079 461 3113 ad
486 3092 542 3114 eos
580 3088 719 3113 tantuin
754 3082 951 3125 pertinere,
990 3078 1049 3123 qui
1075 3077 1130 3109 vel
1157 3088 1175 3108 a
1201 3086 1306 3120 paga-

184 3131 302 3164 nismo
321 3128 364 3162 ad
383 3127 612 3161 christianam
631 3126 838 3169 religionem
857 3133 1066 3164 transeunt,
1083 3122 1140 3155 vel
1159 3122 1192 3155 in
1214 3121 1307 3154 chri-

186 3179 301 3211 stiana
327 3175 499 3219 religione
525 3174 598 3205 nati
618 3173 948 3216 gravibnspeccatis
974 3184 1008 3204 se
1022 3170 1306 3203 obstrinxerunt.

149 3256 153 3265 ¹.
185 3225 242 3258 Jo.
269 3222 430 3257 Clericus
450 3242 460 3261 ,
486 3219 587 3264 cujus
607 3219 790 3263 propensio
807 3220 841 3251 in
856 3219 1111 3252 Socianismnm
1137 3225 1218 3249 nota
1231 3223 1281 3248 est
1296 3239 1308 3257 ‚

185 3272 223 3304 in
249 3270 350 3303 Tom.
381 3270 405 3301 1.
434 3268 538 3300 Artis
565 3266 655 3298 Crit-
684 3265 781 3298 P.]1.
807 3266 879 3298 Sec.
902 3275 1021 3308 neap.
1043 3263 1096 3295 16.
1124 3262 1211 3295 nihil
1230 3275 1308 3306 my-

185 3317 285 3351 'sterii
311 3317 346 3349 in
360 3315 539 3360 Baptismo
564 3313 672 3346 latere
699 3311 775 3343 vult
791 3333 801 3352 ,
828 3322 916 3344 cuml
935 3311 979 3344 sit
999 3308 1112 3343 nudus
1132 3331 1144 3351 ,
1170 3313 1202 3343 δέ
1223 3309 1307 3344 sim—

187 3365 266 3410 plex
294 3363 382 3397 ritus
409 3361 452 3396 ad
477 3357 692 3395 denotandos
717 3357 833 3394 fideles
861 3358 1041 3393 institutus
1057 3379 1066 3387 .

986 110 1251 156 DISSERT.
1284 110 1362 153 111.
1397 110 1525 153 CAP.
1557 111 1591 152 Ι.

1370 200 1556 242 quantum
1587 189 1632 227 ad
1660 189 1841 226 rationem
1870 189 1965 241 signi
1987 220 1996 238 ,
2026 188 2087 227 sed
2110 197 2295 242 quantum
2325 189 2371 229 ad
2401 192 2490 230 effe-

1371 254 1474 282 ctum
1503 243 1770 295 baptismatis3
1817 242 1851 279 Sc
1881 244 1965 281 ideo
1995 243 2093 281 hanc
2131 245 2246 282 trium
2279 244 2492 296 Baptisma-

1373 308 1452 335 tum
1483 298 1760 335 distinctionem
1791 310 1864 334 uon
1894 311 2106 349 repugnare
2136 297 2312 350 Apostolo
2349 299 2491 338 dicenti

1373 350 1517 402 Ephes.
1535 349 1601 387 IV.
1635 351 1695 395 5.;
1728 347 1820 387 Una
1838 349 1972 402 fides,
2002 364 2125 388 iatam
2155 351 2352 401 baptisma
2371 379 2382 391 .

1434 417 1494 440 11.
1526 403 1577 440 lit
1602 415 1729 440 rursus
1758 413 1828 440 art.
1865 418 1923 442 12.
1945 423 1975 452 ,ς
1995 403 2180 453 Effusio,
2211 407 2365 458 inquit,
2395 420 2493 444 san·

1375 485 1402 504 aa
1431 459 1561 515 guinis
1590 468 1659 515 pro
1686 455 1862 504 Christo,
1893 458 1926 494 8<
1954 461 2123 509 operatio
2152 461 2305 496 interior
2329 460 2497 510 Spiritus

1377 539 1403 558 „
1435 518 1553 567 sat-teti
1583 509 1761 545 dicuntur
1775 509 2032 560 baptismata,
2063 513 2292 563 inquantum
2323 514 2496 551 efficiunt

1378 592 1405 611 „
1435 562 1610 599 eflectum
1632 561 1962 614 baptismiaquae.
1993 564 2207 616 Baptismus
2223 575 2349 604 autem
2379 581 2493 619 aquae

1376 644 1404 664 „
1434 614 1646 652 efficaciam
1678 613 1790 651 habet
1819 629 1841 652 a
1872 618 2041 666 passione
2069 617 2238 666 Christi,
2268 620 2301 655 ὅ(
2330 635 2352 658 a
2372 621 2496 673 Spiri-

1375 698 1403 718 „
1431 677 1471 708 tu
1502 676 1658 706 sancto.
1707 667 1804 714 Qum
1833 669 1991 719 quidem
2022 670 2108 707 duee
2137 684 2260 709 causae
2290 685 2495 724 operantur

1375 751 1402 771 ,‚
1432 724 1470 760 in
1491 721 1661 774 quolibet
1678 720 1814 759 horum
1845 722 1960 759 trium
1984 722 2278 774 baptismatum3
2307 728 2496 766 excelleo-

1374 805 1403 824 „
1433 777 1717 814 tissimetamen
1750 774 1787 812 in
1818 774 2009 827 baptismo
2037 777 2254 827 sanguiniS.
2283 778 2380 817 Nam
2412 796 2497 832 pas-

1373 859 1400 878 „
1430 831 1484 868 sio
1512 830 1652 867 Christi
1680 838 1856 880 operatur
1885 831 2040 880 quidem
2074 832 2110 867 in
2140 830 2333 882 Baptismo
2362 847 2497 883 aquae,

1374 912 1401 932 ,‚
1434 897 1500 935 per
1532 883 1738 935 quamdam
1770 882 1972 934 figuralem
2013 886 2413 935 t-epraeseiitatione1113
2456 887 2497 925 in

1368 938 1620 989 „baptismo
1662 946 1789 975 autem
1835 936 2031 984 flaminis,
2075 937 2134 974 vel
2168 939 2399 989 poenitentiae
2430 952 2500 992 per

1372 1021 1399 1040 „
1429 991 1637 1043 quamdam
1668 990 1934 1035 affectionein3
1967 991 2029 1028 sed
2059 991 2099 1028 in
2130 991 2320 1043 baptismo
2348 994 2500 1045 sangui-

1370 1074 1396 1094 „
1427 1059 1482 1083 nis
1512 1058 1577 1096 per
1606 1046 1857 1082 imitationem
1887 1046 2038 1094 operis.

1432 1112 1492 1136 12.
1523 1098 1767 1150 Prosequitur
1811 1097 2016 1149 Angelitus
2062 1112 2174 1136 suum
2225 1099 2498 1148 ratiocinium,

1368 1152 1520 1191 dicens.
1543 1182 1567 1200 „
1589 1151 1777 1201 Similiter
1797 1153 1909 1188 etiam
1928 1153 2045 1189 virtus
2066 1152 2231 1203 Spiritus
2260 1156 2377 1191 sancti
2406 1168 2496 1206 ope-

1371 1235 1398 1255 „
1429 1215 1531 1243 ratur
1561 1207 1601 1243 in
1631 1206 1820 1257 baptismo
1849 1218 1960 1256 aquae
1979 1220 2046 1257 per
2074 1207 2283 1257 quamdam
2313 1208 2496 1244 virtutem

1371 1289 1398 1309 „
1428 1260 1629 1297 latentem:
1671 1262 1711 1297 in
1757 1258 1946 1310 baptismo
1975 1268 2101 1297 autem
2146 1261 2386 1312 poenitentiae
2433 1274 2502 1311 per

1369 1343 1396 1363 „
1426 1314 1549 1352 cordls
1578 1313 1900 1359 commotionem,
1930 1313 1992 1350 sed
2023 1314 2061 1350 in
2084 1313 2273 1365 baptismo
2302 1316 2500 1366 sanguinis

1431 1380 1496 1419 per
1528 1368 1768 1419 potissimum
1798 1365 2039 1410 dilectionis,
2071 1365 2103 1400 8<
2133 1366 2344 1405 affectionis
2376 1369 2501 1404 fervo-

1371 1451 1398 1470 „
1428 1435 1508 1458 rem
1527 1450 1537 1467 ,
1567 1421 1774 1458 secundum
1797 1418 1894 1456 illud
1915 1419 1974 1457 Jo.
1991 1418 2082 1457 XV.
2107 1419 2168 1457 15.
2198 1419 2405 1472 Majorem
2424 1419 2501 1457 lzac

1375 1504 1400 1523 „
1431 1474 1682 1519 dilectionem
1731 1486 1849 1510 nemo
1877 1471 2022 1520 habet,
2065 1486 2188 1521 quam
2230 1482 2271 1510 ut
2309 1478 2500 1512 animam

1374 1556 1401 1576 „
1430 1540 1549 1565 suam
1578 1536 1700 1578 ponat
1730 1530 1814 1578 quis
1843 1539 1913 1575 pro
1942 1530 2087 1564 amicis
2116 1530 2196 1564 sais
2218 1553 2228 1564 .
2251 1528 2273 1542 ⁷'

1430 1581 1491 1619 15.
1523 1582 1565 1618 In
1596 1595 1697 1632 resp.
1714 1589 1842 1618 autem
1860 1581 1906 1617 ad
1925 1593 1961 1617 2.
1991 1580 2229 1628 benenotat,
2259 1579 2497 1632 baptismum

1372 1635 1570 1685 sanguinis
1599 1647 1673 1671 non
1702 1633 1845 1671 habere
1875 1635 2061 1671 rationem
2091 1633 2301 1684 baptismi,
2331 1636 2359 1672 si
2382 1637 2427 1672 sit
2448 1636 2500 1672 si-

1371 1701 1420 1724 ne
1437 1687 1641 1734 charitate,
1663 1687 1872 1723 secundum
1894 1685 1993 1723 illud
2013 1686 2180 1737 Apostoli
2202 1700 2235 1724 1.
2256 1689 2301 1724 ad
2321 1688 2499 1727 Corinth.

1369 1740 1477 1779 Xlll.
1499 1740 1559 1779 15.
1584 1740 1624 1778 Si
1640 1739 1841 1778 tradit-lero
1857 1751 1996 1787 corpus
2011 1751 2160 1787 meum,
2177 1743 2235 1775 z‘ta
2250 1748 2291 1775 ut
2308 1739 2495 1789 cir-(leam,
2547 1735 2550 1738 Α

1369 1793 1613 1832 charitatem
1659 1802 1798 1831 (tutem
1827 1806 1907 1830 non
1937 1790 2134 1841 habuero,
2164 1791 2260 1829 nilu'l
2289 1791 2384 1830 milii
2412 1807 2502 1845 pro-

1371 1847 1456 1886 dest
1478 1875 1488 1886 .
1511 1878 1535 1896 „
1568 1848 1625 1886 Ex
1655 1860 1732 1900 quo
1763 1855 1891 1899 patet,
1933 1846 2033 1898 quod
2064 1846 2277 1898 baptismus
2305 1848 2501 1898 sanguinis

1430 1902 1593 1940 includit
1621 1901 1860 1952 baptismum
1891 1898 2086 1947 flaminis,
2129 1899 2161 1935 8(
2192 1913 2265 1938 non
2296 1915 2320 1937 e«
2344 1913 2503 1939 conver-

1373 1985 1398 2003 „
1429 1968 1496 1995 so.
1518 1955 1538 1970 ''
1572 1955 1812 2005 Baptismum
1855 1962 1982 1990 autem
2028 1954 2292 2003 poenitentiae,
2335 1968 2397 1990 seu
2430 1954 2500 1992 ssa-

1372 2009 1487 2046 minis
1515 2006 1688 2045 sufficere
1704 2020 1770 2043 nos
1799 2006 1905 2042 docet
1922 2006 2143 2056 exemplum
2161 2006 2499 2059 Magdalenaepoe-

1373 2062 1553 2107 nitentis,
1597 2060 1642 2097 de
1671 2073 1752 2111 qua
1787 2057 1911 2096 Poetae
1941 2058 2091 2097 Sedulii
2135 2060 2374 2098 notissimum
2418 2075 2502 2100 car-

1372 2129 1458 2155 men
1487 2113 1576 2160 Lib.
1598 2113 1666 2151 Ill.

1374 1397 1400 1416 >2

1372 1931 1399 1950 23

1479 2246 1568 2260 ......
1599 2227 1778 2272 purgata
1807 2222 1999 2267 recessit,

1478 2274 1556 2313 Per
1583 2278 1806 2325 gemitum;
1853 2276 2073 2326 propriique
2102 2273 2246 2312 lavans
2274 2277 2314 2312 ia
2343 2277 2501 2328 gurgite

1525 2327 1652 2381 fletus
1669 2357 1680 2375 ,

1481 2381 1646 2472 Mun'Jla
1673 2383 1754 2418 suis
1783 2380 1982 2434 lacrymis
2010 2380 2137 2431 rec-lit,
2167 2381 2217 2423 ἔθ’
2247 2380 2407 2421 detersa
2431 2395 2505 2421 ca-

1534 2449 1585 2488 Plt
1603 2448 1635 2473 lS
1651 2459 1662 2472 ο

1433 2542 1494 2590 14.
1523 2543 1727 2594 Postquam
1757 2541 1802 2579 de
1831 2540 2014 2592 baptismi
2043 2539 2291 2590 definitione,
2329 2555 2374 2580 ac
2403 2542 2502 2581 divi-

1375 2598 1480 2636 sione
1500 2599 1673 2649 egimus,
1703 2595 1889 2633 doctrinae
1919 2595 2011 2632 ordo
2041 2593 2230 2646 postulat,
2261 2604 2300 2632 ut
2329 2595 2503 2646 ejusdem

1375 2651 1557 2703 baptismi
1587 2652 1782 2701 primam,
1814 2647 2036 2686 &divinam
2067 2648 2344 2686 institutionem
2377 2650 2503 2702 inqui-

1376 2719 1527 2752 ramus3
1557 2705 1621 2743 sed
1637 2705 1743 2756 prius
1772 2703 1849 2740 duo
1878 2700 2103 2754 explicanda
2130 2710 2236 2752 sunt,
2266 2716 2355 2754 quae
2378 2705 2502 2755 ipsam

2386 2769 2448 2795 ln-

1424 2891 1473 2925 (a)
1498 2888 1588 2920 Cum
1613 2884 1707 2919 enim
1733 2884 1862 2929 passim
1885 2883 2052 2925 doceret,
2085 2883 2306 2929 Baptismum
2331 2896 2406 2918 esse
2431 2886 2501 2926 effi-

1371 2946 1437 2968 cax
1478 2936 1754 2977 regenerationis
1793 2934 1961 2972 mediam,
1999 2931 2107 2963 etiam
2132 2932 2168 2964 in
2195 2931 2415 2972 infantibus,
2441 2928 2502 2973 qui

1372 2981 1450 3014 fidei
1478 2981 1659 3024 incapaces
1685 2988 1793 3018 sunt,
1833 2991 1904 3012 non
1930 2978 2111 3011 immerito
2139 2978 2204 3022 ipsi
2230 2977 2464 3022 objiciebatur
2484 2996 2497 3016 ,

1371 3026 1462 3060 hanc
1498 3026 1795 3070 regenerationem
1822 3025 1894 3059 fieri
1921 3037 1982 3069 per
2010 3025 2228 3068 Baptismum
2266 3037 2307 3057 ex
2333 3034 2432 3064 opere
2459 3034 2497 3052 ο-

1373 3082 1512 3118 perato.
1546 3073 1619 3106 Nec
1646 3073 1729 3105 satis
1756 3071 1895 3105 videtur
1920 3071 2154 3116 objectionem
2188 3069 2319 3103 diluere
2347 3079 2496 3112 respon-

1375 3119 1509 3153 dendo:
1538 3119 1638 3153 Hanc
1654 3120 1793 3163 fidem,
1818 3124 1860 3152 ἐφ’
1879 3121 1936 3153 illi
1961 3120 2178 3165 conjunctam
2203 3116 2497 3158 regenerationem

1378 3168 1537 3211 Spiritus
1563 3176 1699 3200 sanctas
1736 3179 1797 3210 per
1823 3170 1931 3209 ipsum
1959 3165 2166 3210 Raptis-mam
2199 3164 2233 3192 in
2258 3160 2417 3193 cordibus
2445 3164 2501 3192 in-

1365 3214 1522 3258 fantiam
1545 3222 1722 3257 operatur.
1742 3211 1817 3249 ,Sed
1841 3213 1916 3245 lifflc
1941 3211 2093 3244 viderint
2119 3207 2183 3252 ipsi
2205 3205 2395 3238 Lutherani
2424 3207 2498 3240 Nos

1379 3261 1526 3295 absonas
1553 3263 1636 3294 istas
1664 3260 1830 3304 baptismi
1857 3258 2074 3293 definitiones
2099 3266 2140 3286 ex
2176 3252 2339 3285 instituto
2366 3253 2499 3286 refuta-

1377 3308 1494 3344 bimus
1508 3330 1519 3350 ,
1544 3307 1685 3354 quando
1710 3306 1817 3352 hujus
1835 3302 2052 3342 Sam-amenti
2069 3299 2210 3346 effectus
2224 3299 2478 3344 explicabimus
2490 3320 2499 3331 .
