<?xml version="1.0" encoding="UTF-8"?>
<!DOCTYPE html PUBLIC "-//W3C//DTD XHTML 1.0 Transitional//EN"
    "http://www.w3.org/TR/xhtml1/DTD/xhtml1-transitional.dtd">
<html xmlns="http://www.w3.org/1999/xhtml" xml:lang="en" lang="en">
 <head>
  <title>
</title>
<meta http-equiv="Content-Type" content="text/html;charset=utf-8" />
  <meta name='ocr-system' content='tesseract 3.04.00' />
  <meta name='ocr-capabilities' content='ocr_page ocr_carea ocr_par ocr_line ocrx_word'/>
</head>
<body>
  <div class='ocr_page' id='page_1' title='image "./fratrispetrimari08gazzuoft/fratrispetrimari08gazzuoft_0013.png"; bbox 0 0 2605 3624; ppageno 0'>
   <div class='ocr_carea' id='block_1_1' title="bbox 897 151 1629 252">
    <p class='ocr_par' dir='ltr' id='par_1_1' title="bbox 897 151 1629 252">
     <span class='ocr_line' id='line_1_1' title="bbox 897 151 1629 252; baseline -0.008 0"><span class='ocrx_word' id='word_1_1' title='bbox 897 151 1629 252; x_wconf 87' lang='lat' dir='ltr'><strong>INDEX</strong></span> 
     </span>
    </p>
   </div>
   <div class='ocr_carea' id='block_1_2' title="bbox 429 372 2098 442">
    <p class='ocr_par' dir='ltr' id='par_1_2' title="bbox 429 372 2098 442">
     <span class='ocr_line' id='line_1_2' title="bbox 429 372 2098 442; baseline -0.005 0"><span class='ocrx_word' id='word_1_2' title='bbox 429 375 916 442; x_wconf 89' lang='lat' dir='ltr'><strong>CAPITUM</strong></span> <span class='ocrx_word' id='word_1_3' title='bbox 999 376 1115 436; x_wconf 90' lang='lat' dir='ltr'><em>ET</em></span> <span class='ocrx_word' id='word_1_4' title='bbox 1204 372 2098 435; x_wconf 88' lang='lat' dir='ltr'>PROPOSITIONUM</span> 
     </span>
    </p>
   </div>
   <div class='ocr_carea' id='block_1_3' title="bbox 1187 554 1349 597">
    <p class='ocr_par' dir='ltr' id='par_1_3' title="bbox 1187 554 1349 597">
     <span class='ocr_line' id='line_1_3' title="bbox 1187 554 1349 597; baseline 0 -10"><span class='ocrx_word' id='word_1_5' title='bbox 1187 554 1349 597; x_wconf 76' lang='lat' dir='ltr'><em>QUJir,</em></span> 
     </span>
    </p>
   </div>
   <div class='ocr_carea' id='block_1_4' title="bbox 733 696 1798 740">
    <p class='ocr_par' dir='ltr' id='par_1_4' title="bbox 733 696 1798 740">
     <span class='ocr_line' id='line_1_4' title="bbox 733 696 1798 740; baseline -0.002 0"><span class='ocrx_word' id='word_1_6' title='bbox 733 700 786 740; x_wconf 81' lang='lat' dir='ltr'><em>IN</em></span> <span class='ocrx_word' id='word_1_7' title='bbox 817 699 920 739; x_wconf 89' lang='lat' dir='ltr'><em>HOC</em></span> <span class='ocrx_word' id='word_1_8' title='bbox 963 696 1244 736; x_wconf 68' lang='lat' dir='ltr'>VOLUMINE</span> <span class='ocrx_word' id='word_1_9' title='bbox 1274 696 1380 737; x_wconf 83' lang='lat' dir='ltr'><em>Vm.</em></span> <span class='ocrx_word' id='word_1_10' title='bbox 1418 696 1798 738; x_wconf 67' lang='lat' dir='ltr'><em>CONTINENTL&#39;R</em></span> 
     </span>
    </p>
   </div>
   <div class='ocr_carea' id='block_1_5' title="bbox 982 858 1515 901">
    <p class='ocr_par' dir='ltr' id='par_1_5' title="bbox 982 858 1515 901">
     <span class='ocr_line' id='line_1_5' title="bbox 982 858 1515 901; baseline 0.002 -8"><span class='ocrx_word' id='word_1_11' title='bbox 982 858 1515 901; x_wconf 55' lang='lat' dir='ltr'><em>—noooom</em></span> 
     </span>
    </p>
   </div>
   <div class='ocr_carea' id='block_1_6' title="bbox 845 935 865 947">
    <p class='ocr_par' dir='ltr' id='par_1_6' title="bbox 845 935 865 947">
     <span class='ocr_line' id='line_1_6' title="bbox 845 935 865 947; baseline 0 0"><span class='ocrx_word' id='word_1_12' title='bbox 845 935 865 947; x_wconf 61' lang='lat' dir='ltr'><strong>b</strong></span> 
     </span>
    </p>
   </div>
   <div class='ocr_carea' id='block_1_7' title="bbox 96 1015 1222 2013">
    <p class='ocr_par' dir='ltr' id='par_1_7' title="bbox 103 1015 1214 1240">
     <span class='ocr_line' id='line_1_7' title="bbox 103 1015 1100 1116; baseline -0.006 -8"><span class='ocrx_word' id='word_1_13' title='bbox 103 1015 417 1110; x_wconf 74' lang='lat' dir='ltr'>Dissertatio</span> <span class='ocrx_word' id='word_1_14' title='bbox 443 1063 477 1105; x_wconf 88' lang='lat' dir='ltr'><em>I.</em></span> <span class='ocrx_word' id='word_1_15' title='bbox 510 1066 577 1106; x_wconf 90' lang='lat' dir='ltr'><em>De</em></span> <span class='ocrx_word' id='word_1_16' title='bbox 601 1066 996 1116; x_wconf 86' lang='lat' dir='ltr'><em>Sacramentorum,</em></span> <span class='ocrx_word' id='word_1_17' title='bbox 1027 1076 1100 1103; x_wconf 88' lang='lat' dir='ltr'><em>na-</em></span> 
     </span>
     <span class='ocr_line' id='line_1_8' title="bbox 223 1124 1102 1179; baseline -0.005 -13"><span class='ocrx_word' id='word_1_18' title='bbox 223 1134 318 1167; x_wconf 82' lang='lat' dir='ltr'><em>tura</em></span> <span class='ocrx_word' id='word_1_19' title='bbox 338 1158 350 1179; x_wconf 92' lang='lat'><em>,</em></span> <span class='ocrx_word' id='word_1_20' title='bbox 382 1128 631 1166; x_wconf 77' lang='lat' dir='ltr'><em>necessitate</em></span> <span class='ocrx_word' id='word_1_21' title='bbox 647 1158 658 1179; x_wconf 94' lang='lat'><em>,</em></span> <span class='ocrx_word' id='word_1_22' title='bbox 691 1127 940 1178; x_wconf 78' lang='lat' dir='ltr'><em>existentia,</em></span> <span class='ocrx_word' id='word_1_23' title='bbox 962 1124 1102 1173; x_wconf 86' lang='lat' dir='ltr'><em>effica-</em></span> 
     </span>
     <span class='ocr_line' id='line_1_9' title="bbox 220 1183 1214 1240; baseline 0.001 -15"><span class='ocrx_word' id='word_1_24' title='bbox 220 1187 318 1239; x_wconf 86' lang='lat' dir='ltr'><em>cia,</em></span> <span class='ocrx_word' id='word_1_25' title='bbox 348 1183 387 1226; x_wconf 65' lang='lat'><em>85</em></span> <span class='ocrx_word' id='word_1_26' title='bbox 418 1184 660 1236; x_wconf 83' lang='lat' dir='ltr'><em>effectibus.</em></span> <span class='ocrx_word' id='word_1_27' title='bbox 1067 1196 1162 1240; x_wconf 75' lang='lat' dir='ltr'><em>pag·</em></span> <span class='ocrx_word' id='word_1_28' title='bbox 1200 1198 1214 1222; x_wconf 94' lang='lat'>1</span> 
     </span>
    </p>

    <p class='ocr_par' dir='ltr' id='par_1_8' title="bbox 103 1243 1222 1345">
     <span class='ocr_line' id='line_1_10' title="bbox 103 1243 1102 1303; baseline -0.004 -16"><span class='ocrx_word' id='word_1_29' title='bbox 103 1243 243 1303; x_wconf 76' lang='lat' dir='ltr'><em>Caput</em></span> <span class='ocrx_word' id='word_1_30' title='bbox 267 1244 300 1285; x_wconf 89' lang='lat' dir='ltr'><em>I.</em></span> <span class='ocrx_word' id='word_1_31' title='bbox 332 1246 400 1285; x_wconf 87' lang='lat' dir='ltr'><em>De</em></span> <span class='ocrx_word' id='word_1_32' title='bbox 429 1248 616 1299; x_wconf 85' lang='lat' dir='ltr'><em>nomine,</em></span> <span class='ocrx_word' id='word_1_33' title='bbox 662 1258 713 1286; x_wconf 91' lang='lat' dir='ltr'><em>ac</em></span> <span class='ocrx_word' id='word_1_34' title='bbox 755 1245 991 1297; x_wconf 86' lang='lat' dir='ltr'><em>definitione</em></span> <span class='ocrx_word' id='word_1_35' title='bbox 1025 1245 1102 1284; x_wconf 91' lang='lat' dir='ltr'><em>Sa-</em></span> 
     </span>
     <span class='ocr_line' id='line_1_11' title="bbox 221 1299 1222 1345; baseline -0.003 0"><span class='ocrx_word' id='word_1_36' title='bbox 221 1307 426 1345; x_wconf 86' lang='lat' dir='ltr'><em>cramenti</em></span> <span class='ocrx_word' id='word_1_37' title='bbox 436 1334 447 1345; x_wconf 94' lang='lat'><em>.</em></span> <span class='ocrx_word' id='word_1_38' title='bbox 1122 1299 1222 1343; x_wconf 79' lang='lat' dir='ltr'><em>ibid.</em></span> 
     </span>
    </p>

    <p class='ocr_par' dir='ltr' id='par_1_9' title="bbox 104 1363 1219 1468">
     <span class='ocr_line' id='line_1_12' title="bbox 104 1363 1100 1421; baseline -0.001 -17"><span class='ocrx_word' id='word_1_39' title='bbox 104 1363 244 1421; x_wconf 82' lang='lat' dir='ltr'><em>Caput</em></span> <span class='ocrx_word' id='word_1_40' title='bbox 266 1363 320 1404; x_wconf 88' lang='grc' dir='ltr'><em>Π.</em></span> <span class='ocrx_word' id='word_1_41' title='bbox 351 1366 418 1406; x_wconf 89' lang='lat' dir='ltr'><em>De</em></span> <span class='ocrx_word' id='word_1_42' title='bbox 450 1368 821 1406; x_wconf 87' lang='lat' dir='ltr'><em>Sacramentorum</em></span> <span class='ocrx_word' id='word_1_43' title='bbox 853 1365 1100 1405; x_wconf 75' lang='lat' dir='ltr'><em>necessitate</em></span> 
     </span>
     <span class='ocr_line' id='line_1_13' title="bbox 222 1424 1219 1468; baseline 0.004 -4"><span class='ocrx_word' id='word_1_44' title='bbox 222 1426 276 1464; x_wconf 85' lang='lat' dir='ltr'><em>ad</em></span> <span class='ocrx_word' id='word_1_45' title='bbox 307 1426 538 1465; x_wconf 83' lang='lat' dir='ltr'><strong><em>humanam</em></strong></span> <span class='ocrx_word' id='word_1_46' title='bbox 569 1428 778 1466; x_wconf 87' lang='lat' dir='ltr'><em>salutem.</em></span> <span class='ocrx_word' id='word_1_47' title='bbox 1195 1424 1219 1468; x_wconf 88' lang='lat'>5</span> 
     </span>
    </p>

    <p class='ocr_par' dir='ltr' id='par_1_10' title="bbox 101 1479 1218 1586">
     <span class='ocr_line' id='line_1_14' title="bbox 101 1479 1098 1540; baseline 0.001 -17"><span class='ocrx_word' id='word_1_48' title='bbox 101 1479 228 1540; x_wconf 86' lang='lat' dir='ltr'><em>Prop.</em></span> <span class='ocrx_word' id='word_1_49' title='bbox 262 1485 536 1526; x_wconf 82' lang='lat' dir='ltr'><em>Sacramenta</em></span> <span class='ocrx_word' id='word_1_50' title='bbox 568 1493 665 1525; x_wconf 80' lang='lat' dir='ltr'><em>sunt</em></span> <span class='ocrx_word' id='word_1_51' title='bbox 697 1487 930 1526; x_wconf 82' lang='lat' dir='ltr'><em>hominibus</em></span> <span class='ocrx_word' id='word_1_52' title='bbox 961 1486 1016 1524; x_wconf 82' lang='lat' dir='ltr'><em>ad</em></span> <span class='ocrx_word' id='word_1_53' title='bbox 1030 1497 1098 1524; x_wconf 93' lang='lat' dir='ltr'><em>sa-</em></span> 
     </span>
     <span class='ocr_line' id='line_1_15' title="bbox 219 1539 1218 1586; baseline 0.001 -4"><span class='ocrx_word' id='word_1_54' title='bbox 219 1545 351 1583; x_wconf 84' lang='lat' dir='ltr'><em>lutem</em></span> <span class='ocrx_word' id='word_1_55' title='bbox 382 1547 640 1586; x_wconf 83' lang='lat' dir='ltr'><em>necessaria.</em></span> <span class='ocrx_word' id='word_1_56' title='bbox 1118 1539 1218 1583; x_wconf 83' lang='lat' dir='ltr'><strong>ibid.</strong></span> 
     </span>
    </p>

    <p class='ocr_par' dir='ltr' id='par_1_11' title="bbox 101 1600 1216 1714">
     <span class='ocr_line' id='line_1_16' title="bbox 101 1600 1098 1660; baseline 0.001 -18"><span class='ocrx_word' id='word_1_57' title='bbox 101 1600 241 1660; x_wconf 78' lang='lat' dir='ltr'><em>Caput</em></span> <span class='ocrx_word' id='word_1_58' title='bbox 258 1602 333 1643; x_wconf 87' lang='lat'><em>111.</em></span> <span class='ocrx_word' id='word_1_59' title='bbox 367 1606 434 1645; x_wconf 94' lang='lat' dir='ltr'><em>De</em></span> <span class='ocrx_word' id='word_1_60' title='bbox 481 1607 767 1646; x_wconf 85' lang='lat' dir='ltr'><em>Sacramentis</em></span> <span class='ocrx_word' id='word_1_61' title='bbox 815 1613 911 1645; x_wconf 87' lang='lat' dir='ltr'><em>ante</em></span> <span class='ocrx_word' id='word_1_62' title='bbox 944 1604 1098 1644; x_wconf 76' lang='lat' dir='ltr'><em>Christi</em></span> 
     </span>
     <span class='ocr_line' id='line_1_17' title="bbox 217 1664 1216 1714; baseline -0.001 -11"><span class='ocrx_word' id='word_1_63' title='bbox 217 1665 486 1714; x_wconf 79' lang='lat' dir='ltr'><em>passionem.</em></span> <span class='ocrx_word' id='word_1_64' title='bbox 1191 1664 1216 1702; x_wconf 87' lang='grc'>6</span> 
     </span>
    </p>

    <p class='ocr_par' dir='ltr' id='par_1_12' title="bbox 100 1718 1218 1832">
     <span class='ocr_line' id='line_1_18' title="bbox 100 1718 1100 1777; baseline 0.001 -18"><span class='ocrx_word' id='word_1_65' title='bbox 100 1718 279 1777; x_wconf 81' lang='lat' dir='ltr'><em>Prop.1.</em></span> <span class='ocrx_word' id='word_1_66' title='bbox 311 1725 360 1763; x_wconf 90' lang='lat' dir='ltr'><em>In</em></span> <span class='ocrx_word' id='word_1_67' title='bbox 375 1726 575 1775; x_wconf 73' lang='lat' dir='ltr'><em>primoevo</em></span> <span class='ocrx_word' id='word_1_68' title='bbox 590 1726 830 1764; x_wconf 66' lang='lat' dir='ltr'><em>innocentiae</em></span> <span class='ocrx_word' id='word_1_69' title='bbox 862 1731 978 1763; x_wconf 86' lang='lat' dir='ltr'><em>statu</em></span> <span class='ocrx_word' id='word_1_70' title='bbox 1010 1724 1100 1760; x_wconf 84' lang='lat' dir='ltr'><em>nul-</em></span> 
     </span>
     <span class='ocr_line' id='line_1_19' title="bbox 220 1775 1218 1832; baseline -0.001 -13"><span class='ocrx_word' id='word_1_71' title='bbox 220 1783 261 1820; x_wconf 91' lang='lat' dir='ltr'><em>la</em></span> <span class='ocrx_word' id='word_1_72' title='bbox 280 1781 455 1832; x_wconf 78' lang='lat' dir='ltr'><em>fuerunt</em></span> <span class='ocrx_word' id='word_1_73' title='bbox 478 1785 640 1832; x_wconf 80' lang='lat' dir='ltr'><em>proprie</em></span> <span class='ocrx_word' id='word_1_74' title='bbox 662 1785 775 1820; x_wconf 79' lang='lat' dir='ltr'><em>dicta</em></span> <span class='ocrx_word' id='word_1_75' title='bbox 794 1784 1069 1821; x_wconf 83' lang='lat' dir='ltr'><em>Sacramenta</em></span> <span class='ocrx_word' id='word_1_76' title='bbox 1084 1807 1094 1819; x_wconf 87' lang='lat'><em>.</em></span> <span class='ocrx_word' id='word_1_77' title='bbox 1118 1775 1218 1818; x_wconf 80' lang='lat' dir='ltr'><em>ibid.</em></span> 
     </span>
    </p>

    <p class='ocr_par' dir='ltr' id='par_1_13' title="bbox 99 1836 1217 1951">
     <span class='ocr_line' id='line_1_20' title="bbox 99 1836 1096 1894; baseline -0.003 -15"><span class='ocrx_word' id='word_1_78' title='bbox 99 1836 303 1894; x_wconf 82' lang='lat' dir='ltr'><em>Prop.ll.</em></span> <span class='ocrx_word' id='word_1_79' title='bbox 335 1841 383 1878; x_wconf 86' lang='lat' dir='ltr'><em>In</em></span> <span class='ocrx_word' id='word_1_80' title='bbox 426 1848 542 1878; x_wconf 80' lang='lat' dir='ltr'><em>statu</em></span> <span class='ocrx_word' id='word_1_81' title='bbox 573 1842 680 1890; x_wconf 78' lang='lat' dir='ltr'><em>Iegis</em></span> <span class='ocrx_word' id='word_1_82' title='bbox 721 1848 883 1878; x_wconf 83' lang='lat' dir='ltr'><em>naturoe</em></span> <span class='ocrx_word' id='word_1_83' title='bbox 921 1839 1096 1888; x_wconf 85' lang='lat' dir='ltr'><em>fuerunt</em></span> 
     </span>
     <span class='ocr_line' id='line_1_21' title="bbox 218 1895 1217 1951; baseline 0 -14"><span class='ocrx_word' id='word_1_84' title='bbox 218 1909 344 1950; x_wconf 78' lang='lat' dir='ltr'><em>vera,</em></span> <span class='ocrx_word' id='word_1_85' title='bbox 377 1895 416 1938; x_wconf 62' lang='lat'><em>89·</em></span> <span class='ocrx_word' id='word_1_86' title='bbox 449 1899 613 1951; x_wconf 89' lang='lat' dir='ltr'><em>proprie</em></span> <span class='ocrx_word' id='word_1_87' title='bbox 643 1898 756 1937; x_wconf 83' lang='lat' dir='ltr'><em>dicta</em></span> <span class='ocrx_word' id='word_1_88' title='bbox 781 1899 1080 1936; x_wconf 82' lang='lat' dir='ltr'><em>Sacramenta.</em></span> <span class='ocrx_word' id='word_1_89' title='bbox 1192 1898 1217 1937; x_wconf 86' lang='grc'>8</span> 
     </span>
    </p>

    <p class='ocr_par' dir='ltr' id='par_1_14' title="bbox 96 1953 1098 2013">
     <span class='ocr_line' id='line_1_22' title="bbox 96 1953 1098 2013; baseline 0 -17"><span class='ocrx_word' id='word_1_90' title='bbox 96 1953 316 2013; x_wconf 81' lang='lat' dir='ltr'><em>Prop.lll.</em></span> <span class='ocrx_word' id='word_1_91' title='bbox 365 1957 411 1996; x_wconf 93' lang='lat' dir='ltr'><em>In</em></span> <span class='ocrx_word' id='word_1_92' title='bbox 441 1957 534 2009; x_wconf 83' lang='lat' dir='ltr'><em>lege</em></span> <span class='ocrx_word' id='word_1_93' title='bbox 562 1958 756 1997; x_wconf 89' lang='lat' dir='ltr'><em>Mosaica</em></span> <span class='ocrx_word' id='word_1_94' title='bbox 799 1969 896 1997; x_wconf 75' lang='lat' dir='ltr'><em>vera</em></span> <span class='ocrx_word' id='word_1_95' title='bbox 923 1955 1098 2009; x_wconf 86' lang='lat' dir='ltr'><em>fuerunt</em></span> 
     </span>
    </p>
   </div>
   <div class='ocr_carea' id='block_1_8' title="bbox 95 2016 1212 2189">
    <p class='ocr_par' dir='ltr' id='par_1_15' title="bbox 95 2016 1212 2189">
     <span class='ocr_line' id='line_1_23' title="bbox 216 2016 1212 2056; baseline 0.001 -1"><span class='ocrx_word' id='word_1_96' title='bbox 216 2016 491 2056; x_wconf 85' lang='lat' dir='ltr'><em>Sacramenta</em></span> <span class='ocrx_word' id='word_1_97' title='bbox 509 2043 519 2055; x_wconf 92' lang='lat'><em>.</em></span> <span class='ocrx_word' id='word_1_98' title='bbox 1162 2029 1176 2056; x_wconf 94' lang='lat'>1</span> <span class='ocrx_word' id='word_1_99' title='bbox 1189 2031 1212 2056; x_wconf 94' lang='lat' dir='ltr'><em>o</em></span> 
     </span>
     <span class='ocr_line' id='line_1_24' title="bbox 95 2073 1094 2132; baseline 0.002 -18"><span class='ocrx_word' id='word_1_100' title='bbox 95 2073 236 2132; x_wconf 84' lang='lat' dir='ltr'><em>Caput</em></span> <span class='ocrx_word' id='word_1_101' title='bbox 259 2073 338 2116; x_wconf 89' lang='lat' dir='ltr'><em>IV.</em></span> <span class='ocrx_word' id='word_1_102' title='bbox 367 2077 437 2117; x_wconf 89' lang='lat' dir='ltr'><em>De</em></span> <span class='ocrx_word' id='word_1_103' title='bbox 483 2076 672 2126; x_wconf 84' lang='lat' dir='ltr'><em>efficacia</em></span> <span class='ocrx_word' id='word_1_104' title='bbox 723 2078 1094 2117; x_wconf 88' lang='lat' dir='ltr'><em>Sacramentorum</em></span> 
     </span>
     <span class='ocr_line' id='line_1_25' title="bbox 216 2137 1206 2189; baseline 0 -13"><span class='ocrx_word' id='word_1_105' title='bbox 216 2137 366 2176; x_wconf 74' lang='lat' dir='ltr'><em>veteris</em></span> <span class='ocrx_word' id='word_1_106' title='bbox 397 2138 504 2189; x_wconf 83' lang='lat' dir='ltr'><em>legis</em></span> <span class='ocrx_word' id='word_1_107' title='bbox 518 2164 530 2176; x_wconf 84' lang='lat'><em>.</em></span> <span class='ocrx_word' id='word_1_108' title='bbox 1161 2151 1174 2176; x_wconf 94' lang='lat'>1</span> <span class='ocrx_word' id='word_1_109' title='bbox 1192 2151 1206 2176; x_wconf 89' lang='lat'>1</span> 
     </span>
    </p>
   </div>
   <div class='ocr_carea' id='block_1_9' title="bbox 94 2190 1206 3088">
    <p class='ocr_par' dir='ltr' id='par_1_16' title="bbox 97 2190 1205 2416">
     <span class='ocr_line' id='line_1_26' title="bbox 97 2190 1093 2251; baseline 0.002 -17"><span class='ocrx_word' id='word_1_110' title='bbox 97 2190 227 2251; x_wconf 86' lang='lat' dir='ltr'><em>Prop.</em></span> <span class='ocrx_word' id='word_1_111' title='bbox 260 2196 535 2237; x_wconf 80' lang='lat' dir='ltr'><em>Sacramenta</em></span> <span class='ocrx_word' id='word_1_112' title='bbox 568 2198 762 2237; x_wconf 85' lang='lat' dir='ltr'><em>Mosaica</em></span> <span class='ocrx_word' id='word_1_113' title='bbox 795 2199 983 2249; x_wconf 83' lang='lat' dir='ltr'><em>gratiam</em></span> <span class='ocrx_word' id='word_1_114' title='bbox 1016 2209 1093 2236; x_wconf 86' lang='lat' dir='ltr'><em>non</em></span> 
     </span>
     <span class='ocr_line' id='line_1_27' title="bbox 216 2254 1092 2310; baseline 0.003 -17"><span class='ocrx_word' id='word_1_115' title='bbox 216 2254 476 2308; x_wconf 86' lang='lat' dir='ltr'><em>conferebant</em></span> <span class='ocrx_word' id='word_1_116' title='bbox 507 2270 560 2297; x_wconf 83' lang='lat' dir='ltr'><em>cx</em></span> <span class='ocrx_word' id='word_1_117' title='bbox 593 2258 760 2309; x_wconf 86' lang='lat' dir='ltr'><em>propria</em></span> <span class='ocrx_word' id='word_1_118' title='bbox 797 2259 978 2310; x_wconf 74' lang='lat' dir='ltr'><em>virtute,</em></span> <span class='ocrx_word' id='word_1_119' title='bbox 1018 2259 1092 2296; x_wconf 77' lang='lat' dir='ltr'><em>sed</em></span> 
     </span>
     <span class='ocr_line' id='line_1_28' title="bbox 213 2316 1089 2368; baseline 0.003 -15"><span class='ocrx_word' id='word_1_120' title='bbox 213 2316 348 2354; x_wconf 90' lang='lat' dir='ltr'><em>solum</em></span> <span class='ocrx_word' id='word_1_121' title='bbox 390 2329 444 2356; x_wconf 78' lang='lat' dir='ltr'><em>ex</em></span> <span class='ocrx_word' id='word_1_122' title='bbox 477 2318 565 2368; x_wconf 86' lang='lat' dir='ltr'><em>fide</em></span> <span class='ocrx_word' id='word_1_123' title='bbox 597 2319 639 2356; x_wconf 89' lang='lat' dir='ltr'><em>in</em></span> <span class='ocrx_word' id='word_1_124' title='bbox 685 2317 832 2358; x_wconf 85' lang='lat' dir='ltr'><em>Jesum</em></span> <span class='ocrx_word' id='word_1_125' title='bbox 874 2318 1089 2357; x_wconf 78' lang='lat' dir='ltr'><em>Christum</em></span> 
     </span>
     <span class='ocr_line' id='line_1_29' title="bbox 211 2382 1205 2416; baseline 0.002 -2"><span class='ocrx_word' id='word_1_126' title='bbox 211 2382 457 2415; x_wconf 74' lang='lat' dir='ltr'><em>venturum.</em></span> <span class='ocrx_word' id='word_1_127' title='bbox 1158 2390 1205 2416; x_wconf 84' lang='lat'><em>12</em></span> 
     </span>
    </p>

    <p class='ocr_par' dir='ltr' id='par_1_17' title="bbox 95 2430 1206 2547">
     <span class='ocr_line' id='line_1_30' title="bbox 95 2430 1088 2487; baseline 0.005 -15"><span class='ocrx_word' id='word_1_128' title='bbox 95 2430 300 2487; x_wconf 73' lang='lat' dir='ltr'><em>QuaereS,</em></span> <span class='ocrx_word' id='word_1_129' title='bbox 333 2447 385 2475; x_wconf 92' lang='lat' dir='ltr'><em>an</em></span> <span class='ocrx_word' id='word_1_130' title='bbox 418 2444 560 2477; x_wconf 78' lang='lat' dir='ltr'><em>vetera</em></span> <span class='ocrx_word' id='word_1_131' title='bbox 594 2437 870 2478; x_wconf 87' lang='lat' dir='ltr'><em>Sacramenta</em></span> <span class='ocrx_word' id='word_1_132' title='bbox 903 2439 987 2478; x_wconf 83' lang='lat' dir='ltr'><em>dici</em></span> <span class='ocrx_word' id='word_1_133' title='bbox 1019 2439 1088 2477; x_wconf 83' lang='lat' dir='ltr'><em>de-</em></span> 
     </span>
     <span class='ocr_line' id='line_1_31' title="bbox 211 2495 1206 2547; baseline 0.008 -15"><span class='ocrx_word' id='word_1_134' title='bbox 211 2495 332 2534; x_wconf 86' lang='lat' dir='ltr'><em>beant</em></span> <span class='ocrx_word' id='word_1_135' title='bbox 365 2508 462 2536; x_wconf 74' lang='lat' dir='ltr'><em>vera</em></span> <span class='ocrx_word' id='word_1_136' title='bbox 497 2498 772 2537; x_wconf 83' lang='lat' dir='ltr'><em>Sacramenta</em></span> <span class='ocrx_word' id='word_1_137' title='bbox 789 2499 814 2536; x_wconf 75' lang='lat'><em>.&gt;</em></span> <span class='ocrx_word' id='word_1_138' title='bbox 1157 2509 1206 2547; x_wconf 87' lang='lat'><em>17</em></span> 
     </span>
    </p>

    <p class='ocr_par' dir='ltr' id='par_1_18' title="bbox 95 2550 1204 2670">
     <span class='ocr_line' id='line_1_32' title="bbox 95 2550 1085 2609; baseline 0.003 -16"><span class='ocrx_word' id='word_1_139' title='bbox 95 2550 233 2609; x_wconf 74' lang='lat' dir='ltr'><em>Caput</em></span> <span class='ocrx_word' id='word_1_140' title='bbox 251 2551 306 2593; x_wconf 91' lang='lat' dir='ltr'><em>V.</em></span> <span class='ocrx_word' id='word_1_141' title='bbox 326 2556 390 2595; x_wconf 91' lang='lat' dir='ltr'><em>De</em></span> <span class='ocrx_word' id='word_1_142' title='bbox 406 2556 750 2598; x_wconf 84' lang='lat' dir='ltr'><em>Circumcisione.</em></span> <span class='ocrx_word' id='word_1_143' title='bbox 766 2559 906 2597; x_wconf 86' lang='lat' dir='ltr'><em>Primo</em></span> <span class='ocrx_word' id='word_1_144' title='bbox 928 2559 1023 2609; x_wconf 88' lang='lat' dir='ltr'><em>ejus</em></span> <span class='ocrx_word' id='word_1_145' title='bbox 1044 2570 1085 2596; x_wconf 89' lang='lat' dir='ltr'><em>o-</em></span> 
     </span>
     <span class='ocr_line' id='line_1_33' title="bbox 213 2615 1204 2670; baseline 0.005 -20"><span class='ocrx_word' id='word_1_146' title='bbox 213 2615 301 2665; x_wconf 83' lang='lat' dir='ltr'><em>rigo</em></span> <span class='ocrx_word' id='word_1_147' title='bbox 314 2616 562 2666; x_wconf 82' lang='lat' dir='ltr'><em>inquiritur.</em></span> <span class='ocrx_word' id='word_1_148' title='bbox 595 2618 759 2657; x_wconf 85' lang='lat' dir='ltr'><em>Deinde</em></span> <span class='ocrx_word' id='word_1_149' title='bbox 775 2621 869 2670; x_wconf 89' lang='lat' dir='ltr'><em>ejus</em></span> <span class='ocrx_word' id='word_1_150' title='bbox 885 2615 1082 2667; x_wconf 84' lang='lat' dir='ltr'><em>effectus.</em></span> <span class='ocrx_word' id='word_1_151' title='bbox 1154 2617 1204 2655; x_wconf 79' lang='lat'><em>18</em></span> 
     </span>
    </p>

    <p class='ocr_par' dir='ltr' id='par_1_19' title="bbox 94 2667 1205 2729">
     <span class='ocr_line' id='line_1_34' title="bbox 94 2667 1205 2729; baseline 0.005 -21"><span class='ocrx_word' id='word_1_152' title='bbox 94 2667 128 2721; x_wconf 83' lang='lat'><em>§.</em></span> <span class='ocrx_word' id='word_1_153' title='bbox 160 2669 191 2710; x_wconf 90' lang='grc' dir='ltr'><em>Ι.</em></span> <span class='ocrx_word' id='word_1_154' title='bbox 224 2674 350 2725; x_wconf 82' lang='lat' dir='ltr'><em>Origo</em></span> <span class='ocrx_word' id='word_1_155' title='bbox 373 2675 710 2716; x_wconf 86' lang='lat' dir='ltr'><em>Circumcisionis</em></span> <span class='ocrx_word' id='word_1_156' title='bbox 727 2680 842 2729; x_wconf 86' lang='lat' dir='ltr'><em>apud</em></span> <span class='ocrx_word' id='word_1_157' title='bbox 859 2679 1074 2716; x_wconf 69' lang='lat' dir='ltr'><em>Hebraeos.</em></span> <span class='ocrx_word' id='word_1_158' title='bbox 1106 2671 1205 2715; x_wconf 86' lang='lat' dir='ltr'><strong>ibid.</strong></span> 
     </span>
    </p>

    <p class='ocr_par' dir='ltr' id='par_1_20' title="bbox 100 2725 1088 2790">
     <span class='ocr_line' id='line_1_35' title="bbox 100 2725 1088 2790; baseline 0.01 -24"><span class='ocrx_word' id='word_1_159' title='bbox 100 2725 224 2786; x_wconf 83' lang='lat' dir='ltr'><em>Prop.</em></span> <span class='ocrx_word' id='word_1_160' title='bbox 256 2732 620 2789; x_wconf 86' lang='lat' dir='ltr'><em>Circumcisionis‘,</em></span> <span class='ocrx_word' id='word_1_161' title='bbox 642 2750 734 2789; x_wconf 82' lang='lat' dir='ltr'><em>quae</em></span> <span class='ocrx_word' id='word_1_162' title='bbox 763 2739 877 2790; x_wconf 83' lang='lat' dir='ltr'><em>apud</em></span> <span class='ocrx_word' id='word_1_163' title='bbox 897 2738 1088 2776; x_wconf 82' lang='lat' dir='ltr'><em>Hebroeos</em></span> 
     </span>
    </p>

    <p class='ocr_par' dir='ltr' id='par_1_21' title="bbox 208 2795 1202 3030">
     <span class='ocr_line' id='line_1_36' title="bbox 213 2795 1086 2850; baseline 0.007 -21"><span class='ocrx_word' id='word_1_164' title='bbox 213 2802 340 2843; x_wconf 86' lang='lat' dir='ltr'><em>usque</em></span> <span class='ocrx_word' id='word_1_165' title='bbox 373 2797 428 2834; x_wconf 87' lang='lat' dir='ltr'><em>ad</em></span> <span class='ocrx_word' id='word_1_166' title='bbox 461 2795 675 2836; x_wconf 82' lang='lat' dir='ltr'><em>Christum</em></span> <span class='ocrx_word' id='word_1_167' title='bbox 723 2799 912 2850; x_wconf 78' lang='lat' dir='ltr'><em>religiose</em></span> <span class='ocrx_word' id='word_1_168' title='bbox 944 2809 1086 2837; x_wconf 70' lang='lat' dir='ltr'><em>serva-</em></span> 
     </span>
     <span class='ocr_line' id='line_1_37' title="bbox 213 2852 1085 2910; baseline 0.007 -20"><span class='ocrx_word' id='word_1_169' title='bbox 213 2855 257 2886; x_wconf 76' lang='lat' dir='ltr'><em>m</em></span> <span class='ocrx_word' id='word_1_170' title='bbox 283 2852 396 2906; x_wconf 65' lang='lat' dir='ltr'><em>fuit,</em></span> <span class='ocrx_word' id='word_1_171' title='bbox 427 2857 568 2895; x_wconf 73' lang='lat' dir='ltr'><em>divina</em></span> <span class='ocrx_word' id='word_1_172' title='bbox 602 2865 661 2896; x_wconf 90' lang='lat' dir='ltr'><em>est</em></span> <span class='ocrx_word' id='word_1_173' title='bbox 679 2859 820 2910; x_wconf 81' lang='lat' dir='ltr'><em>ori&#39;gO,</em></span> <span class='ocrx_word' id='word_1_174' title='bbox 853 2870 1000 2908; x_wconf 84' lang='lat' dir='ltr'><em>nempe</em></span> <span class='ocrx_word' id='word_1_175' title='bbox 1032 2870 1085 2896; x_wconf 78' lang='lat' dir='ltr'><em>ex</em></span> 
     </span>
     <span class='ocr_line' id='line_1_38' title="bbox 208 2904 1082 2973; baseline -0.001 -17"><span class='ocrx_word' id='word_1_176' title='bbox 208 2904 390 2973; x_wconf 44' lang='lat' dir='ltr'><em>soedft&#39;e’,</em></span> <span class='ocrx_word' id='word_1_177' title='bbox 433 2917 539 2964; x_wconf 84' lang='lat' dir='ltr'><em>quod</em></span> <span class='ocrx_word' id='word_1_178' title='bbox 572 2917 689 2956; x_wconf 90' lang='lat' dir='ltr'><em>Deus</em></span> <span class='ocrx_word' id='word_1_179' title='bbox 736 2930 834 2956; x_wconf 91' lang='lat' dir='ltr'><em>cum</em></span> <span class='ocrx_word' id='word_1_180' title='bbox 866 2917 1082 2956; x_wconf 83' lang='lat' dir='ltr'><em>Abraham</em></span> 
     </span>
     <span class='ocr_line' id='line_1_39' title="bbox 217 2969 1202 3030; baseline -0.001 -16"><span class='ocrx_word' id='word_1_181' title='bbox 217 2969 375 3030; x_wconf 58' lang='lat' dir='ltr'><em>I’Fl’lgft</em></span> <span class='ocrx_word' id='word_1_182' title='bbox 409 2973 508 3012; x_wconf 87' lang='lat' dir='ltr'><em>Gen.</em></span> <span class='ocrx_word' id='word_1_183' title='bbox 535 2975 668 3015; x_wconf 89' lang='lat' dir='ltr'><em>XVII.</em></span> <span class='ocrx_word' id='word_1_184' title='bbox 1103 2970 1202 3014; x_wconf 75' lang='lat' dir='ltr'><em>ibid.</em></span> 
     </span>
    </p>

    <p class='ocr_par' dir='ltr' id='par_1_22' title="bbox 95 3021 1201 3088">
     <span class='ocr_line' id='line_1_40' title="bbox 95 3021 1201 3088; baseline 0.012 -27"><span class='ocrx_word' id='word_1_185' title='bbox 95 3021 273 3073; x_wconf 68' lang='lat' dir='ltr'><em>Quaeres</em></span> <span class='ocrx_word' id='word_1_186' title='bbox 287 3038 410 3080; x_wconf 75' lang='lat' dir='ltr'><em>prim.</em></span> <span class='ocrx_word' id='word_1_187' title='bbox 423 3041 476 3068; x_wconf 89' lang='lat' dir='ltr'><em>an</em></span> <span class='ocrx_word' id='word_1_188' title='bbox 486 3031 755 3075; x_wconf 85' lang='lat' dir='ltr'><em>Circumcisio</em></span> <span class='ocrx_word' id='word_1_189' title='bbox 765 3037 909 3075; x_wconf 88' lang='lat' dir='ltr'><em>iterari</em></span> <span class='ocrx_word' id='word_1_190' title='bbox 921 3037 1082 3088; x_wconf 76' lang='lat' dir='ltr'><em>posset?</em></span> <span class='ocrx_word' id='word_1_191' title='bbox 1150 3048 1169 3072; x_wconf 84' lang='lat'><strong>2</strong></span> <span class='ocrx_word' id='word_1_192' title='bbox 1179 3036 1201 3074; x_wconf 80' lang='lat'>3</span> 
     </span>
    </p>
   </div>
   <div class='ocr_carea' id='block_1_10' title="bbox 95 3082 1082 3203">
    <p class='ocr_par' dir='ltr' id='par_1_23' title="bbox 95 3082 1082 3203">
     <span class='ocr_line' id='line_1_41' title="bbox 95 3082 1082 3148; baseline 0.02 -28"><span class='ocrx_word' id='word_1_193' title='bbox 95 3082 272 3132; x_wconf 63' lang='lat' dir='ltr'><em>Quaeres</em></span> <span class='ocrx_word' id='word_1_194' title='bbox 307 3083 518 3138; x_wconf 78' lang='lat' dir='ltr'><em>secundo,</em></span> <span class='ocrx_word' id='word_1_195' title='bbox 549 3104 626 3139; x_wconf 89' lang='lat' dir='ltr'><em>quo</em></span> <span class='ocrx_word' id='word_1_196' title='bbox 657 3096 698 3132; x_wconf 92' lang='lat' dir='ltr'><em>in</em></span> <span class='ocrx_word' id='word_1_197' title='bbox 727 3097 840 3148; x_wconf 88' lang='lat' dir='ltr'><em>locO,</em></span> <span class='ocrx_word' id='word_1_198' title='bbox 872 3093 910 3137; x_wconf 61' lang='lat'><em>85</em></span> <span class='ocrx_word' id='word_1_199' title='bbox 933 3109 959 3134; x_wconf 79' lang='grc' dir='ltr'><em>α</em></span> <span class='ocrx_word' id='word_1_200' title='bbox 993 3097 1082 3147; x_wconf 73' lang='grc' dir='ltr'><em>(γαὶ-</em></span> 
     </span>
     <span class='ocr_line' id='line_1_42' title="bbox 214 3143 939 3203; baseline 0.019 -22"><span class='ocrx_word' id='word_1_201' title='bbox 214 3144 288 3182; x_wconf 84' lang='lat' dir='ltr'><em>bus</em></span> <span class='ocrx_word' id='word_1_202' title='bbox 322 3143 592 3185; x_wconf 67' lang='lat' dir='ltr'><em>Circurnct.=i0</em></span> <span class='ocrx_word' id='word_1_203' title='bbox 626 3157 939 3203; x_wconf 71' lang='lat' dir='ltr'><em>perageretur?</em></span> 
     </span>
    </p>
   </div>
   <div class='ocr_carea' id='block_1_11' title="bbox 97 3197 1085 3319">
    <p class='ocr_par' dir='ltr' id='par_1_24' title="bbox 97 3197 1085 3319">
     <span class='ocr_line' id='line_1_43' title="bbox 97 3197 961 3256; baseline 0.017 -18"><span class='ocrx_word' id='word_1_204' title='bbox 97 3197 131 3251; x_wconf 84' lang='lat'><em>§.</em></span> <span class='ocrx_word' id='word_1_205' title='bbox 165 3199 220 3240; x_wconf 76' lang='lat' dir='ltr'><em>ll.</em></span> <span class='ocrx_word' id='word_1_206' title='bbox 254 3203 319 3242; x_wconf 88' lang='lat' dir='ltr'><em>De</em></span> <span class='ocrx_word' id='word_1_207' title='bbox 354 3204 690 3245; x_wconf 78' lang='lat' dir='ltr'><em>Circumcisionis</em></span> <span class='ocrx_word' id='word_1_208' title='bbox 722 3209 961 3256; x_wconf 78' lang='lat' dir='ltr'><em>effectibus.</em></span> 
     </span>
     <span class='ocr_line' id='line_1_44' title="bbox 98 3254 1085 3319; baseline 0.018 -23"><span class='ocrx_word' id='word_1_209' title='bbox 98 3254 226 3317; x_wconf 81' lang='lat' dir='ltr'><em>Prop.</em></span> <span class='ocrx_word' id='word_1_210' title='bbox 260 3262 534 3305; x_wconf 82' lang='lat' dir='ltr'><em>Circumcisio</em></span> <span class='ocrx_word' id='word_1_211' title='bbox 559 3265 645 3319; x_wconf 84' lang='lat' dir='ltr'><em>suit</em></span> <span class='ocrx_word' id='word_1_212' title='bbox 661 3268 850 3308; x_wconf 81' lang='lat' dir='ltr'><em>instituta</em></span> <span class='ocrx_word' id='word_1_213' title='bbox 874 3274 927 3310; x_wconf 86' lang='lat' dir='ltr'><em>ad</em></span> <span class='ocrx_word' id='word_1_214' title='bbox 948 3274 1085 3313; x_wconf 86' lang='lat' dir='ltr'><em>delen-</em></span> 
     </span>
    </p>
   </div>
   <div class='ocr_carea' id='block_1_12' title="bbox 1103 3157 1203 3254">
    <p class='ocr_par' dir='ltr' id='par_1_25' title="bbox 1103 3157 1203 3254">
     <span class='ocr_line' id='line_1_45' title="bbox 1148 3157 1202 3203; baseline 0 0"><span class='ocrx_word' id='word_1_215' title='bbox 1148 3157 1202 3203; x_wconf 69' lang='lat'><em>24</em></span> 
     </span>
     <span class='ocr_line' id='line_1_46' title="bbox 1103 3211 1203 3254; baseline -0.01 0"><span class='ocrx_word' id='word_1_216' title='bbox 1103 3211 1203 3254; x_wconf 83' lang='lat' dir='ltr'><strong>ibid.</strong></span> 
     </span>
    </p>
   </div>
   <div class='ocr_carea' id='block_1_13' title="bbox 1273 1066 2409 3315">
    <p class='ocr_par' dir='ltr' id='par_1_26' title="bbox 1410 1066 2406 1296">
     <span class='ocr_line' id='line_1_47' title="bbox 1411 1066 2289 1117; baseline 0.002 -14"><span class='ocrx_word' id='word_1_217' title='bbox 1411 1066 1514 1103; x_wconf 87' lang='lat' dir='ltr'><em>dum</em></span> <span class='ocrx_word' id='word_1_218' title='bbox 1537 1073 1761 1116; x_wconf 87' lang='lat' dir='ltr'><em>peccatum</em></span> <span class='ocrx_word' id='word_1_219' title='bbox 1781 1067 1985 1117; x_wconf 77' lang='lat' dir='ltr'><em>originale</em></span> <span class='ocrx_word' id='word_1_220' title='bbox 2001 1080 2015 1102; x_wconf 93' lang='grc'><em>.·</em></span> <span class='ocrx_word' id='word_1_221' title='bbox 2049 1077 2124 1104; x_wconf 86' lang='lat' dir='ltr'><em>non</em></span> <span class='ocrx_word' id='word_1_222' title='bbox 2147 1073 2289 1108; x_wconf 84' lang='lat' dir='ltr'><em>tamen</em></span> 
     </span>
     <span class='ocr_line' id='line_1_48' title="bbox 1413 1126 2288 1177; baseline 0.005 -15"><span class='ocrx_word' id='word_1_223' title='bbox 1413 1126 1516 1163; x_wconf 87' lang='lat' dir='ltr'><em>illud</em></span> <span class='ocrx_word' id='word_1_224' title='bbox 1549 1126 1712 1164; x_wconf 83' lang='lat' dir='ltr'><em>delebat</em></span> <span class='ocrx_word' id='word_1_225' title='bbox 1744 1137 1823 1164; x_wconf 89' lang='lat' dir='ltr'><em>sua</em></span> <span class='ocrx_word' id='word_1_226' title='bbox 1858 1127 2040 1177; x_wconf 76' lang='lat' dir='ltr'><em>virtute,</em></span> <span class='ocrx_word' id='word_1_227' title='bbox 2072 1138 2146 1163; x_wconf 90' lang='lat' dir='ltr'><em>seu</em></span> <span class='ocrx_word' id='word_1_228' title='bbox 2177 1140 2229 1165; x_wconf 76' lang='lat' dir='ltr'><em>ex</em></span> <span class='ocrx_word' id='word_1_229' title='bbox 2245 1139 2288 1165; x_wconf 90' lang='lat' dir='ltr'><em>o-</em></span> 
     </span>
     <span class='ocr_line' id='line_1_49' title="bbox 1410 1186 2287 1237; baseline 0.001 -14"><span class='ocrx_word' id='word_1_230' title='bbox 1410 1196 1508 1236; x_wconf 87' lang='lat' dir='ltr'><em>pere</em></span> <span class='ocrx_word' id='word_1_231' title='bbox 1539 1192 1736 1237; x_wconf 85' lang='lat' dir='ltr'><em>operato,</em></span> <span class='ocrx_word' id='word_1_232' title='bbox 1780 1186 1852 1224; x_wconf 84' lang='lat' dir='ltr'><em>sed</em></span> <span class='ocrx_word' id='word_1_233' title='bbox 1885 1192 2007 1235; x_wconf 87' lang='lat' dir='ltr'><em>prout</em></span> <span class='ocrx_word' id='word_1_234' title='bbox 2045 1187 2214 1234; x_wconf 78' lang='lat' dir='ltr'><em>signum</em></span> <span class='ocrx_word' id='word_1_235' title='bbox 2247 1198 2287 1224; x_wconf 88' lang='lat' dir='ltr'><em>e-</em></span> 
     </span>
     <span class='ocr_line' id='line_1_50' title="bbox 1412 1245 2406 1296; baseline 0.004 -14"><span class='ocrx_word' id='word_1_236' title='bbox 1412 1251 1479 1283; x_wconf 88' lang='lat' dir='ltr'><em>rat</em></span> <span class='ocrx_word' id='word_1_237' title='bbox 1509 1252 1731 1284; x_wconf 79' lang='lat' dir='ltr'><em>externum</em></span> <span class='ocrx_word' id='word_1_238' title='bbox 1764 1246 2086 1296; x_wconf 76' lang='lat' dir='ltr'><em>protestativum</em></span> <span class='ocrx_word' id='word_1_239' title='bbox 2110 1245 2243 1294; x_wconf 87' lang='lat' dir='ltr'><em>fidei.</em></span> <span class='ocrx_word' id='word_1_240' title='bbox 2353 1247 2406 1286; x_wconf 78' lang='lat'><em>25</em></span> 
     </span>
    </p>

    <p class='ocr_par' dir='ltr' id='par_1_27' title="bbox 1291 1300 2409 1465">
     <span class='ocr_line' id='line_1_51' title="bbox 1291 1300 2291 1356; baseline 0 -12"><span class='ocrx_word' id='word_1_241' title='bbox 1291 1300 1494 1356; x_wconf 71' lang='lat' dir='ltr'><em>Quaeres,</em></span> <span class='ocrx_word' id='word_1_242' title='bbox 1530 1305 1678 1344; x_wconf 81' lang='lat' dir='ltr'><em>Utrum</em></span> <span class='ocrx_word' id='word_1_243' title='bbox 1710 1305 1752 1343; x_wconf 86' lang='lat' dir='ltr'><em>in</em></span> <span class='ocrx_word' id='word_1_244' title='bbox 1769 1304 2094 1345; x_wconf 84' lang='lat' dir='ltr'><em>Circumcisione</em></span> <span class='ocrx_word' id='word_1_245' title='bbox 2128 1306 2291 1344; x_wconf 80' lang='lat' dir='ltr'><em>adulto-</em></span> 
     </span>
     <span class='ocr_line' id='line_1_52' title="bbox 1412 1366 2289 1417; baseline 0.001 -14"><span class='ocrx_word' id='word_1_246' title='bbox 1412 1377 1505 1404; x_wconf 87' lang='lat' dir='ltr'><em>rum</em></span> <span class='ocrx_word' id='word_1_247' title='bbox 1553 1366 1827 1416; x_wconf 58' lang='lat' dir='ltr'><em>expiarentur</em></span> <span class='ocrx_word' id='word_1_248' title='bbox 1867 1368 1998 1405; x_wconf 86' lang='lat' dir='ltr'><em>etiam</em></span> <span class='ocrx_word' id='word_1_249' title='bbox 2032 1373 2208 1417; x_wconf 82' lang='lat' dir='ltr'><em>peccata</em></span> <span class='ocrx_word' id='word_1_250' title='bbox 2242 1378 2289 1404; x_wconf 91' lang='lat' dir='ltr'><em>a-</em></span> 
     </span>
     <span class='ocr_line' id='line_1_53' title="bbox 1411 1426 2409 1465; baseline -0.001 -1"><span class='ocrx_word' id='word_1_251' title='bbox 1411 1426 1607 1464; x_wconf 76' lang='lat' dir='ltr'><em>ctualia?</em></span> <span class='ocrx_word' id='word_1_252' title='bbox 2357 1426 2409 1465; x_wconf 81' lang='lat'><em>50</em></span> 
     </span>
    </p>

    <p class='ocr_par' dir='ltr' id='par_1_28' title="bbox 1290 1483 2402 1644">
     <span class='ocr_line' id='line_1_54' title="bbox 1290 1483 2289 1540; baseline -0.003 -16"><span class='ocrx_word' id='word_1_253' title='bbox 1290 1483 1429 1540; x_wconf 79' lang='lat' dir='ltr'><em>Caput</em></span> <span class='ocrx_word' id='word_1_254' title='bbox 1449 1483 1524 1524; x_wconf 87' lang='lat' dir='ltr'><em>VI.</em></span> <span class='ocrx_word' id='word_1_255' title='bbox 1558 1485 1624 1524; x_wconf 91' lang='lat' dir='ltr'><em>De</em></span> <span class='ocrx_word' id='word_1_256' title='bbox 1647 1487 1894 1524; x_wconf 85' lang='lat' dir='ltr'><em>necessitate</em></span> <span class='ocrx_word' id='word_1_257' title='bbox 1919 1486 2289 1524; x_wconf 84' lang='lat' dir='ltr'><em>Sacramentorum</em></span> 
     </span>
     <span class='ocr_line' id='line_1_55' title="bbox 1410 1544 2376 1600; baseline -0.002 -17"><span class='ocrx_word' id='word_1_258' title='bbox 1410 1546 1452 1583; x_wconf 88' lang='lat' dir='ltr'><em>in</em></span> <span class='ocrx_word' id='word_1_259' title='bbox 1472 1545 1590 1583; x_wconf 69' lang='lat' dir='ltr'><em>Novo</em></span> <span class='ocrx_word' id='word_1_260' title='bbox 1610 1546 1872 1584; x_wconf 79' lang='lat' dir='ltr'><em>Testamenta</em></span> <span class='ocrx_word' id='word_1_261' title='bbox 1903 1544 1958 1580; x_wconf 87' lang='lat' dir='ltr'><em>ad</em></span> <span class='ocrx_word' id='word_1_262' title='bbox 1982 1544 2196 1581; x_wconf 81' lang='lat' dir='ltr'><em>hominum</em></span> <span class='ocrx_word' id='word_1_263' title='bbox 2219 1556 2286 1582; x_wconf 87' lang='lat' dir='ltr'><em>sa-</em></span> <span class='ocrx_word' id='word_1_264' title='bbox 2364 1591 2376 1600; x_wconf 79' lang='lat'><em>,</em></span> 
     </span>
     <span class='ocr_line' id='line_1_56' title="bbox 1406 1605 2402 1644; baseline 0.003 -3"><span class='ocrx_word' id='word_1_265' title='bbox 1406 1606 1539 1642; x_wconf 85' lang='lat' dir='ltr'><em>lutem</em></span> <span class='ocrx_word' id='word_1_266' title='bbox 1555 1629 1566 1640; x_wconf 85' lang='lat'><em>.</em></span> <span class='ocrx_word' id='word_1_267' title='bbox 2354 1605 2375 1644; x_wconf 83' lang='lat'><strong>5</strong></span> <span class='ocrx_word' id='word_1_268' title='bbox 2388 1617 2402 1643; x_wconf 86' lang='lat'>1</span> 
     </span>
    </p>

    <p class='ocr_par' dir='ltr' id='par_1_29' title="bbox 1289 1658 2288 1818">
     <span class='ocr_line' id='line_1_57' title="bbox 1289 1658 2287 1717; baseline 0 -17"><span class='ocrx_word' id='word_1_269' title='bbox 1289 1661 1420 1717; x_wconf 79' lang='lat' dir='ltr'><em>Prop.</em></span> <span class='ocrx_word' id='word_1_270' title='bbox 1454 1661 1706 1700; x_wconf 69' lang='lat' dir='ltr'><em>Conveniens</em></span> <span class='ocrx_word' id='word_1_271' title='bbox 1744 1658 1855 1712; x_wconf 77' lang='lat' dir='ltr'><em>suit,</em></span> <span class='ocrx_word' id='word_1_272' title='bbox 1902 1667 1949 1698; x_wconf 90' lang='lat' dir='ltr'><em>ut</em></span> <span class='ocrx_word' id='word_1_273' title='bbox 1981 1659 2170 1700; x_wconf 79' lang='lat' dir='ltr'><em>Christus</em></span> <span class='ocrx_word' id='word_1_274' title='bbox 2202 1662 2287 1700; x_wconf 91' lang='lat' dir='ltr'><em>Do-</em></span> 
     </span>
     <span class='ocr_line' id='line_1_58' title="bbox 1408 1720 2288 1761; baseline 0.005 -4"><span class='ocrx_word' id='word_1_275' title='bbox 1408 1721 1548 1758; x_wconf 84' lang='lat' dir='ltr'><em>minus</em></span> <span class='ocrx_word' id='word_1_276' title='bbox 1581 1720 1744 1758; x_wconf 86' lang='lat' dir='ltr'><em>abolitis</em></span> <span class='ocrx_word' id='word_1_277' title='bbox 1778 1721 1983 1759; x_wconf 74' lang='lat' dir='ltr'><em>veteribus</em></span> <span class='ocrx_word' id='word_1_278' title='bbox 2001 1722 2288 1761; x_wconf 85' lang='lat' dir='ltr'><em>Sacramentis</em></span> 
     </span>
     <span class='ocr_line' id='line_1_59' title="bbox 1407 1780 1807 1818; baseline -0.003 -1"><span class='ocrx_word' id='word_1_279' title='bbox 1407 1791 1512 1818; x_wconf 70' lang='lat' dir='ltr'><em>nova</em></span> <span class='ocrx_word' id='word_1_280' title='bbox 1545 1780 1780 1817; x_wconf 88' lang='lat' dir='ltr'><em>institueret</em></span> <span class='ocrx_word' id='word_1_281' title='bbox 1796 1806 1807 1816; x_wconf 90' lang='lat'><em>.</em></span> 
     </span>
    </p>

    <p class='ocr_par' dir='ltr' id='par_1_30' title="bbox 1287 1836 2405 1949">
     <span class='ocr_line' id='line_1_60' title="bbox 1287 1836 2287 1895; baseline 0.001 -17"><span class='ocrx_word' id='word_1_282' title='bbox 1287 1837 1429 1895; x_wconf 66' lang='lat' dir='ltr'><em>Caput</em></span> <span class='ocrx_word' id='word_1_283' title='bbox 1450 1836 1548 1877; x_wconf 89' lang='lat' dir='ltr'><em>Vll.</em></span> <span class='ocrx_word' id='word_1_284' title='bbox 1582 1839 1649 1877; x_wconf 90' lang='lat' dir='ltr'><em>De</em></span> <span class='ocrx_word' id='word_1_285' title='bbox 1696 1850 1868 1878; x_wconf 90' lang='lat' dir='ltr'><em>numero</em></span> <span class='ocrx_word' id='word_1_286' title='bbox 1915 1840 2287 1881; x_wconf 85' lang='lat' dir='ltr'><em>Sacramentorum</em></span> 
     </span>
     <span class='ocr_line' id='line_1_61' title="bbox 1408 1899 2405 1949; baseline 0.004 -12"><span class='ocrx_word' id='word_1_287' title='bbox 1408 1910 1521 1937; x_wconf 68' lang='lat' dir='ltr'><em>novae</em></span> <span class='ocrx_word' id='word_1_288' title='bbox 1553 1899 1683 1949; x_wconf 79' lang='lat' dir='ltr'><em>legis.</em></span> <span class='ocrx_word' id='word_1_289' title='bbox 2353 1902 2405 1941; x_wconf 75' lang='lat'><em>52</em></span> 
     </span>
    </p>

    <p class='ocr_par' dir='ltr' id='par_1_31' title="bbox 1287 1956 2286 2191">
     <span class='ocr_line' id='line_1_62' title="bbox 1287 1956 2286 2015; baseline 0.003 -17"><span class='ocrx_word' id='word_1_290' title='bbox 1287 1956 1418 2015; x_wconf 73' lang='lat' dir='ltr'><em>Prop.</em></span> <span class='ocrx_word' id='word_1_291' title='bbox 1431 1956 1463 1997; x_wconf 90' lang='grc' dir='ltr'><em>Ι.</em></span> <span class='ocrx_word' id='word_1_292' title='bbox 1482 1959 1652 2009; x_wconf 86' lang='lat' dir='ltr'><em>Septem</em></span> <span class='ocrx_word' id='word_1_293' title='bbox 1668 1966 1764 1997; x_wconf 84' lang='lat' dir='ltr'><em>sunt</em></span> <span class='ocrx_word' id='word_1_294' title='bbox 1782 1971 1895 1998; x_wconf 73' lang='lat' dir='ltr'><em>novoe</em></span> <span class='ocrx_word' id='word_1_295' title='bbox 1912 1961 2020 2012; x_wconf 77' lang='lat' dir='ltr'><em>Iegis</em></span> <span class='ocrx_word' id='word_1_296' title='bbox 2036 1962 2286 2002; x_wconf 81' lang='lat' dir='ltr'><em>Sacramen-</em></span> 
     </span>
     <span class='ocr_line' id='line_1_63' title="bbox 1407 2019 2284 2074; baseline 0.003 -17"><span class='ocrx_word' id='word_1_297' title='bbox 1407 2026 1468 2071; x_wconf 88' lang='lat' dir='ltr'><em>ta,</em></span> <span class='ocrx_word' id='word_1_298' title='bbox 1485 2019 1675 2057; x_wconf 72' lang='lat' dir='ltr'><em>videlicet</em></span> <span class='ocrx_word' id='word_1_299' title='bbox 1692 2020 1943 2070; x_wconf 86' lang='lat' dir='ltr'><em>Baptismus</em></span> <span class='ocrx_word' id='word_1_300' title='bbox 1960 2051 1971 2072; x_wconf 91' lang='lat'><em>,</em></span> <span class='ocrx_word' id='word_1_301' title='bbox 1988 2021 2258 2071; x_wconf 72' lang='lat' dir='ltr'><em>Confirmatio</em></span> <span class='ocrx_word' id='word_1_302' title='bbox 2273 2054 2284 2074; x_wconf 89' lang='lat'><em>,</em></span> 
     </span>
     <span class='ocr_line' id='line_1_64' title="bbox 1405 2079 2284 2133; baseline 0.003 -16"><span class='ocrx_word' id='word_1_303' title='bbox 1405 2079 1682 2118; x_wconf 80' lang='lat' dir='ltr'><em>Euclzaristia</em></span> <span class='ocrx_word' id='word_1_304' title='bbox 1706 2110 1718 2132; x_wconf 95' lang='lat'><em>,</em></span> <span class='ocrx_word' id='word_1_305' title='bbox 1748 2080 2022 2133; x_wconf 86' lang='lat' dir='ltr'><em>Poenitentia,</em></span> <span class='ocrx_word' id='word_1_306' title='bbox 2057 2082 2284 2120; x_wconf 80' lang='lat' dir='ltr'><em>Extrema-</em></span> 
     </span>
     <span class='ocr_line' id='line_1_65' title="bbox 1406 2136 2209 2191; baseline 0.004 -14"><span class='ocrx_word' id='word_1_307' title='bbox 1406 2140 1551 2178; x_wconf 84' lang='lat' dir='ltr'><em>Unctio</em></span> <span class='ocrx_word' id='word_1_308' title='bbox 1567 2169 1579 2191; x_wconf 87' lang='lat'><em>,</em></span> <span class='ocrx_word' id='word_1_309' title='bbox 1613 2140 1724 2178; x_wconf 80' lang='lat' dir='ltr'><em>Ordo</em></span> <span class='ocrx_word' id='word_1_310' title='bbox 1740 2170 1751 2191; x_wconf 88' lang='lat'><em>,</em></span> <span class='ocrx_word' id='word_1_311' title='bbox 1783 2136 1822 2179; x_wconf 61' lang='lat'><em>89·</em></span> <span class='ocrx_word' id='word_1_312' title='bbox 1855 2141 2209 2180; x_wconf 68' lang='lat' dir='ltr'><em>flIat1·imonium.</em></span> 
     </span>
    </p>

    <p class='ocr_par' dir='ltr' id='par_1_32' title="bbox 1280 2196 2394 2312">
     <span class='ocr_line' id='line_1_66' title="bbox 1280 2196 2282 2256; baseline 0.003 -19"><span class='ocrx_word' id='word_1_313' title='bbox 1280 2196 1408 2256; x_wconf 79' lang='lat' dir='ltr'><em>Prop.</em></span> <span class='ocrx_word' id='word_1_314' title='bbox 1432 2197 1487 2238; x_wconf 83' lang='grc' dir='ltr'><em>ΙΙ.</em></span> <span class='ocrx_word' id='word_1_315' title='bbox 1522 2200 1800 2238; x_wconf 89' lang='lat' dir='ltr'><em>Sacramenta</em></span> <span class='ocrx_word' id='word_1_316' title='bbox 1824 2202 2061 2253; x_wconf 72' lang='lat' dir='ltr'><em>novaelegis</em></span> <span class='ocrx_word' id='word_1_317' title='bbox 2095 2213 2170 2240; x_wconf 90' lang='lat' dir='ltr'><em>non</em></span> <span class='ocrx_word' id='word_1_318' title='bbox 2186 2209 2282 2240; x_wconf 88' lang='lat' dir='ltr'><em>sunt</em></span> 
     </span>
     <span class='ocr_line' id='line_1_67' title="bbox 1401 2261 2394 2312; baseline 0 -15"><span class='ocrx_word' id='word_1_319' title='bbox 1401 2261 1524 2310; x_wconf 92' lang='lat' dir='ltr'><em>plura</em></span> <span class='ocrx_word' id='word_1_320' title='bbox 1543 2291 1554 2312; x_wconf 93' lang='lat'><em>,</em></span> <span class='ocrx_word' id='word_1_321' title='bbox 1587 2272 1715 2310; x_wconf 88' lang='lat' dir='ltr'><em>quam</em></span> <span class='ocrx_word' id='word_1_322' title='bbox 1747 2267 1930 2310; x_wconf 87' lang='lat' dir='ltr'><em>septem.</em></span> <span class='ocrx_word' id='word_1_323' title='bbox 2345 2263 2394 2307; x_wconf 61' lang='lat' dir='ltr'><em>A:</em></span> 
     </span>
    </p>

    <p class='ocr_par' dir='ltr' id='par_1_33' title="bbox 1280 2317 2399 2431">
     <span class='ocr_line' id='line_1_68' title="bbox 1280 2317 2281 2375; baseline 0 -18"><span class='ocrx_word' id='word_1_324' title='bbox 1280 2317 1455 2371; x_wconf 72' lang='lat' dir='ltr'><em>Quaeres</em></span> <span class='ocrx_word' id='word_1_325' title='bbox 1470 2317 1621 2375; x_wconf 79' lang='lat' dir='ltr'><em>primo,</em></span> <span class='ocrx_word' id='word_1_326' title='bbox 1632 2331 1709 2358; x_wconf 87' lang='lat' dir='ltr'><em>cur</em></span> <span class='ocrx_word' id='word_1_327' title='bbox 1723 2332 1766 2357; x_wconf 90' lang='lat' dir='ltr'><em>se</em></span> <span class='ocrx_word' id='word_1_328' title='bbox 1770 2327 1884 2369; x_wconf 89' lang='lat' dir='ltr'><em>ptem</em></span> <span class='ocrx_word' id='word_1_329' title='bbox 1896 2327 2013 2358; x_wconf 86' lang='lat' dir='ltr'><em>tantu</em></span> <span class='ocrx_word' id='word_1_330' title='bbox 2020 2321 2198 2370; x_wconf 77' lang='lat' dir='ltr'><em>mmodo,</em></span> <span class='ocrx_word' id='word_1_331' title='bbox 2208 2331 2281 2357; x_wconf 89' lang='lat' dir='ltr'><em>nec</em></span> 
     </span>
     <span class='ocr_line' id='line_1_69' title="bbox 1398 2379 2399 2431; baseline -0.002 -14"><span class='ocrx_word' id='word_1_332' title='bbox 1398 2380 1523 2430; x_wconf 85' lang='lat' dir='ltr'><em>plura</em></span> <span class='ocrx_word' id='word_1_333' title='bbox 1539 2410 1550 2431; x_wconf 94' lang='lat'><em>,</em></span> <span class='ocrx_word' id='word_1_334' title='bbox 1566 2391 1639 2417; x_wconf 91' lang='lat' dir='ltr'><em>nec</em></span> <span class='ocrx_word' id='word_1_335' title='bbox 1656 2380 1857 2429; x_wconf 84' lang='lat' dir='ltr'><em>pauciora</em></span> <span class='ocrx_word' id='word_1_336' title='bbox 1873 2380 1953 2416; x_wconf 91' lang='lat' dir='ltr'><em>sint</em></span> <span class='ocrx_word' id='word_1_337' title='bbox 1973 2379 2279 2417; x_wconf 70' lang='lat' dir='ltr'><em>Sacramenta?</em></span> <span class='ocrx_word' id='word_1_338' title='bbox 2346 2381 2399 2426; x_wconf 73' lang='lat'><em>45</em></span> 
     </span>
    </p>

    <p class='ocr_par' dir='ltr' id='par_1_34' title="bbox 1279 2434 2402 2549">
     <span class='ocr_line' id='line_1_70' title="bbox 1279 2434 2281 2490; baseline -0.002 -12"><span class='ocrx_word' id='word_1_339' title='bbox 1279 2436 1454 2490; x_wconf 65' lang='lat' dir='ltr'><em>Quaeres</em></span> <span class='ocrx_word' id='word_1_340' title='bbox 1468 2434 1668 2490; x_wconf 80' lang='lat' dir='ltr'><em>secundo,</em></span> <span class='ocrx_word' id='word_1_341' title='bbox 1685 2450 1735 2476; x_wconf 85' lang='lat' dir='ltr'><em>an</em></span> <span class='ocrx_word' id='word_1_342' title='bbox 1752 2439 1929 2488; x_wconf 77' lang='lat' dir='ltr'><em>oequali&#39;s</em></span> <span class='ocrx_word' id='word_1_343' title='bbox 1938 2438 1991 2476; x_wconf 90' lang='lat' dir='ltr'><em>sit</em></span> <span class='ocrx_word' id='word_1_344' title='bbox 2003 2439 2190 2477; x_wconf 81' lang='lat' dir='ltr'><em>omnium</em></span> <span class='ocrx_word' id='word_1_345' title='bbox 2205 2439 2281 2476; x_wconf 89' lang='lat' dir='ltr'><em>Sa-</em></span> 
     </span>
     <span class='ocr_line' id='line_1_71' title="bbox 1398 2494 2402 2549; baseline 0 -12"><span class='ocrx_word' id='word_1_346' title='bbox 1398 2505 1707 2538; x_wconf 88' lang='lat' dir='ltr'><em>cramentorum</em></span> <span class='ocrx_word' id='word_1_347' title='bbox 1723 2498 1972 2549; x_wconf 84' lang='lat' dir='ltr'><em>necessitas,</em></span> <span class='ocrx_word' id='word_1_348' title='bbox 1994 2494 2033 2537; x_wconf 59' lang='lat'><em>{9&#39;</em></span> <span class='ocrx_word' id='word_1_349' title='bbox 2055 2498 2277 2548; x_wconf 75' lang='lat' dir='ltr'><em>dignitas?</em></span> <span class='ocrx_word' id='word_1_350' title='bbox 2301 2494 2402 2537; x_wconf 74' lang='lat' dir='ltr'><em>ibid.</em></span> 
     </span>
    </p>

    <p class='ocr_par' dir='ltr' id='par_1_35' title="bbox 1279 2556 2275 2668">
     <span class='ocr_line' id='line_1_72' title="bbox 1279 2556 2275 2615; baseline 0 -19"><span class='ocrx_word' id='word_1_351' title='bbox 1279 2557 1419 2615; x_wconf 75' lang='lat' dir='ltr'><em>Caput</em></span> <span class='ocrx_word' id='word_1_352' title='bbox 1439 2556 1560 2598; x_wconf 86' lang='lat' dir='ltr'>Vlll.</span> <span class='ocrx_word' id='word_1_353' title='bbox 1593 2558 1660 2596; x_wconf 89' lang='lat' dir='ltr'><em>De</em></span> <span class='ocrx_word' id='word_1_354' title='bbox 1692 2558 1873 2596; x_wconf 87' lang='lat' dir='ltr'><em>Auctore</em></span> <span class='ocrx_word' id='word_1_355' title='bbox 1907 2558 2275 2597; x_wconf 84' lang='lat' dir='ltr'><em>Sacramentorum</em></span> 
     </span>
     <span class='ocr_line' id='line_1_73' title="bbox 1397 2617 1676 2668; baseline -0.007 -12"><span class='ocrx_word' id='word_1_356' title='bbox 1397 2630 1511 2657; x_wconf 73' lang='lat' dir='ltr'><em>novae</em></span> <span class='ocrx_word' id='word_1_357' title='bbox 1543 2617 1651 2668; x_wconf 84' lang='lat' dir='ltr'><em>legis</em></span> <span class='ocrx_word' id='word_1_358' title='bbox 1666 2643 1676 2654; x_wconf 89' lang='lat'><em>.</em></span> 
     </span>
    </p>

    <p class='ocr_par' dir='ltr' id='par_1_36' title="bbox 1276 2675 2400 2850">
     <span class='ocr_line' id='line_1_74' title="bbox 1276 2675 2279 2735; baseline -0.002 -17"><span class='ocrx_word' id='word_1_359' title='bbox 1276 2675 1402 2735; x_wconf 83' lang='lat' dir='ltr'><em>Prop.</em></span> <span class='ocrx_word' id='word_1_360' title='bbox 1436 2678 1589 2716; x_wconf 90' lang='lat' dir='ltr'><em>Omnia</em></span> <span class='ocrx_word' id='word_1_361' title='bbox 1614 2688 1728 2716; x_wconf 68' lang='lat' dir='ltr'><em>novoe</em></span> <span class='ocrx_word' id='word_1_362' title='bbox 1757 2677 1864 2727; x_wconf 82' lang='lat' dir='ltr'><em>legis</em></span> <span class='ocrx_word' id='word_1_363' title='bbox 1892 2676 2279 2729; x_wconf 83' lang='lat' dir='ltr'><em>Sacranzentafue-</em></span> 
     </span>
     <span class='ocr_line' id='line_1_75' title="bbox 1397 2736 2278 2777; baseline 0.001 -1"><span class='ocrx_word' id='word_1_364' title='bbox 1397 2745 1493 2776; x_wconf 90' lang='lat' dir='ltr'><em>runt</em></span> <span class='ocrx_word' id='word_1_365' title='bbox 1534 2750 1560 2776; x_wconf 89' lang='lat' dir='ltr'><em>a</em></span> <span class='ocrx_word' id='word_1_366' title='bbox 1594 2736 1758 2776; x_wconf 78' lang='lat' dir='ltr'><em>Christo</em></span> <span class='ocrx_word' id='word_1_367' title='bbox 1805 2737 1984 2776; x_wconf 88' lang='lat' dir='ltr'><em>Domino</em></span> <span class='ocrx_word' id='word_1_368' title='bbox 2031 2738 2278 2777; x_wconf 83' lang='lat' dir='ltr'><em>immediate</em></span> 
     </span>
     <span class='ocr_line' id='line_1_76' title="bbox 1395 2799 2400 2850; baseline -0.001 -14"><span class='ocrx_word' id='word_1_369' title='bbox 1395 2799 1588 2836; x_wconf 84' lang='lat' dir='ltr'><em>instituta</em></span> <span class='ocrx_word' id='word_1_370' title='bbox 1604 2824 1615 2835; x_wconf 89' lang='lat'><em>.</em></span> <span class='ocrx_word' id='word_1_371' title='bbox 2342 2802 2400 2850; x_wconf 58' lang='lat'><em>‚46</em></span> 
     </span>
    </p>

    <p class='ocr_par' dir='ltr' id='par_1_37' title="bbox 1277 2855 2395 3027">
     <span class='ocr_line' id='line_1_77' title="bbox 1277 2855 2274 2909; baseline -0.002 -12"><span class='ocrx_word' id='word_1_372' title='bbox 1277 2855 1454 2909; x_wconf 66' lang='lat' dir='ltr'><em>Quaeres</em></span> <span class='ocrx_word' id='word_1_373' title='bbox 1469 2889 1480 2909; x_wconf 90' lang='lat'><em>,</em></span> <span class='ocrx_word' id='word_1_374' title='bbox 1497 2858 1646 2907; x_wconf 88' lang='lat' dir='ltr'><em>anfide</em></span> <span class='ocrx_word' id='word_1_375' title='bbox 1663 2857 1871 2895; x_wconf 79' lang='lat' dir='ltr'><em>catholica</em></span> <span class='ocrx_word' id='word_1_376' title='bbox 1888 2864 2052 2896; x_wconf 88' lang='lat' dir='ltr'><em>certum</em></span> <span class='ocrx_word' id='word_1_377' title='bbox 2068 2858 2137 2907; x_wconf 82' lang='lat' dir='ltr'><em>sit,</em></span> <span class='ocrx_word' id='word_1_378' title='bbox 2154 2857 2274 2896; x_wconf 80' lang='lat' dir='ltr'><em>Clzri-</em></span> 
     </span>
     <span class='ocr_line' id='line_1_78' title="bbox 1397 2915 2276 2968; baseline -0.001 -11"><span class='ocrx_word' id='word_1_379' title='bbox 1397 2925 1511 2957; x_wconf 89' lang='lat' dir='ltr'><em>stum</em></span> <span class='ocrx_word' id='word_1_380' title='bbox 1522 2917 1754 2956; x_wconf 86' lang='lat' dir='ltr'><em>Dominum</em></span> <span class='ocrx_word' id='word_1_381' title='bbox 1764 2915 1901 2968; x_wconf 81' lang='lat' dir='ltr'><em>fuisse</em></span> <span class='ocrx_word' id='word_1_382' title='bbox 1915 2918 2104 2955; x_wconf 89' lang='lat' dir='ltr'><em>omnium</em></span> <span class='ocrx_word' id='word_1_383' title='bbox 2122 2919 2276 2956; x_wconf 81' lang='lat' dir='ltr'><em>Sacra-</em></span> 
     </span>
     <span class='ocr_line' id='line_1_79' title="bbox 1393 2977 2395 3027; baseline -0.002 -11"><span class='ocrx_word' id='word_1_384' title='bbox 1393 2984 1627 3016; x_wconf 87' lang='lat' dir='ltr'><em>mentorum</em></span> <span class='ocrx_word' id='word_1_385' title='bbox 1658 2977 1955 3015; x_wconf 86' lang='lat' dir='ltr'><em>immediatum</em></span> <span class='ocrx_word' id='word_1_386' title='bbox 1989 2978 2242 3016; x_wconf 73' lang='lat' dir='ltr'><em>auctorem?</em></span> <span class='ocrx_word' id='word_1_387' title='bbox 2338 2979 2395 3027; x_wconf 73' lang='grc'><em>48</em></span> 
     </span>
    </p>

    <p class='ocr_par' dir='ltr' id='par_1_38' title="bbox 1275 3032 2392 3195">
     <span class='ocr_line' id='line_1_80' title="bbox 1275 3032 2276 3089; baseline 0 -14"><span class='ocrx_word' id='word_1_388' title='bbox 1275 3035 1452 3089; x_wconf 63' lang='lat' dir='ltr'><em>Quaeres</em></span> <span class='ocrx_word' id='word_1_389' title='bbox 1472 3032 1644 3075; x_wconf 81' lang='lat' dir='ltr'><em>secund.</em></span> <span class='ocrx_word' id='word_1_390' title='bbox 1672 3048 1726 3074; x_wconf 89' lang='lat' dir='ltr'><em>an</em></span> <span class='ocrx_word' id='word_1_391' title='bbox 1749 3037 1930 3086; x_wconf 88' lang='lat' dir='ltr'><em>potuerit</em></span> <span class='ocrx_word' id='word_1_392' title='bbox 1945 3035 2136 3075; x_wconf 85' lang='lat' dir='ltr'><em>Christus</em></span> <span class='ocrx_word' id='word_1_393' title='bbox 2153 3038 2276 3076; x_wconf 89' lang='lat' dir='ltr'><em>Jesus</em></span> 
     </span>
     <span class='ocr_line' id='line_1_81' title="bbox 1392 3093 2275 3148; baseline -0.002 -12"><span class='ocrx_word' id='word_1_394' title='bbox 1392 3097 1626 3148; x_wconf 86' lang='lat' dir='ltr'><em>Apostolis,</em></span> <span class='ocrx_word' id='word_1_395' title='bbox 1658 3093 1696 3135; x_wconf 63' lang='grc' dir='ltr'><em>ἓν·</em></span> <span class='ocrx_word' id='word_1_396' title='bbox 1719 3095 1924 3135; x_wconf 83' lang='lat' dir='ltr'><em>Ecclesioe</em></span> <span class='ocrx_word' id='word_1_397' title='bbox 1949 3104 2198 3147; x_wconf 84' lang='lat' dir='ltr'><em>potestatem</em></span> <span class='ocrx_word' id='word_1_398' title='bbox 2215 3098 2275 3134; x_wconf 89' lang='lat' dir='ltr'><em>in-</em></span> 
     </span>
     <span class='ocr_line' id='line_1_82' title="bbox 1392 3152 2392 3195; baseline -0.001 0"><span class='ocrx_word' id='word_1_399' title='bbox 1392 3157 1590 3195; x_wconf 80' lang='lat' dir='ltr'><em>stituendi</em></span> <span class='ocrx_word' id='word_1_400' title='bbox 1616 3156 1893 3194; x_wconf 87' lang='lat' dir='ltr'><em>Sacramenta</em></span> <span class='ocrx_word' id='word_1_401' title='bbox 1916 3158 2229 3195; x_wconf 84' lang='lat' dir='ltr'><em>communicare</em></span> <span class='ocrx_word' id='word_1_402' title='bbox 2244 3152 2392 3194; x_wconf 71' lang='lat' dir='ltr'><em>.⁵·ibid.</em></span> 
     </span>
    </p>

    <p class='ocr_par' dir='ltr' id='par_1_39' title="bbox 1273 3213 2274 3315">
     <span class='ocr_line' id='line_1_83' title="bbox 1273 3213 2274 3272; baseline -0.001 -18"><span class='ocrx_word' id='word_1_403' title='bbox 1273 3215 1413 3272; x_wconf 71' lang='lat' dir='ltr'><em>Caput.</em></span> <span class='ocrx_word' id='word_1_404' title='bbox 1435 3214 1515 3255; x_wconf 77' lang='lat' dir='ltr'><em>lx.</em></span> <span class='ocrx_word' id='word_1_405' title='bbox 1550 3216 1615 3254; x_wconf 89' lang='lat' dir='ltr'><em>De</em></span> <span class='ocrx_word' id='word_1_406' title='bbox 1649 3217 1855 3267; x_wconf 81' lang='lat' dir='ltr'><em>materia,</em></span> <span class='ocrx_word' id='word_1_407' title='bbox 1887 3213 1925 3256; x_wconf 66' lang='lat'><em>{5</em></span> <span class='ocrx_word' id='word_1_408' title='bbox 1952 3214 2095 3268; x_wconf 83' lang='lat' dir='ltr'><em>sorma</em></span> <span class='ocrx_word' id='word_1_409' title='bbox 2124 3217 2274 3255; x_wconf 82' lang='lat' dir='ltr'><em>Sacra-</em></span> 
     </span>
     <span class='ocr_line' id='line_1_84' title="bbox 1395 3283 1656 3315; baseline 0 -2"><span class='ocrx_word' id='word_1_410' title='bbox 1395 3283 1627 3315; x_wconf 85' lang='lat' dir='ltr'><em>mcntorum</em></span> <span class='ocrx_word' id='word_1_411' title='bbox 1643 3301 1656 3313; x_wconf 87' lang='lat'><em>.</em></span> 
     </span>
    </p>
   </div>
   <div class='ocr_carea' id='block_1_14' title="bbox 2307 1779 2406 1822">
    <p class='ocr_par' dir='ltr' id='par_1_40' title="bbox 2307 1779 2406 1822">
     <span class='ocr_line' id='line_1_85' title="bbox 2307 1779 2406 1822; baseline 0.02 -2"><span class='ocrx_word' id='word_1_412' title='bbox 2307 1779 2406 1822; x_wconf 74' lang='lat' dir='ltr'><em>ibid.</em></span> 
     </span>
    </p>
   </div>
   <div class='ocr_carea' id='block_1_15' title="bbox 2301 2137 2401 2180">
    <p class='ocr_par' dir='ltr' id='par_1_41' title="bbox 2301 2137 2401 2180">
     <span class='ocr_line' id='line_1_86' title="bbox 2301 2137 2401 2180; baseline 0.01 -1"><span class='ocrx_word' id='word_1_413' title='bbox 2301 2137 2401 2180; x_wconf 82' lang='lat' dir='ltr'><em>ibid.</em></span> 
     </span>
    </p>
   </div>
   <div class='ocr_carea' id='block_1_16' title="bbox 2297 2615 2398 2658">
    <p class='ocr_par' dir='ltr' id='par_1_42' title="bbox 2297 2615 2398 2658">
     <span class='ocr_line' id='line_1_87' title="bbox 2297 2615 2398 2658; baseline 0 0"><span class='ocrx_word' id='word_1_414' title='bbox 2297 2615 2398 2658; x_wconf 73' lang='lat' dir='ltr'><em>ibid.</em></span> 
     </span>
    </p>
   </div>
   <div class='ocr_carea' id='block_1_17' title="bbox 2289 3267 2387 3310">
    <p class='ocr_par' dir='ltr' id='par_1_43' title="bbox 2289 3267 2387 3310">
     <span class='ocr_line' id='line_1_88' title="bbox 2289 3267 2387 3310; baseline -0.02 0"><span class='ocrx_word' id='word_1_415' title='bbox 2289 3267 2387 3310; x_wconf 78' lang='lat' dir='ltr'><em>ibid.</em></span> 
     </span>
    </p>
   </div>
  </div>
 </body>
</html>
