2605 3624
839 32 918 76 DE
956 27 1164 73 FORMA
1202 28 1759 72 CONFntMATmMS.

147 116 335 157 ficultates
362 117 407 157 de
437 115 552 163 huius
579 112 816 152 sacramenti
848 112 1034 157 materia,
1079 109 1111 145 8(
1144 110 1267 146 forma

146 172 355 220 tollendas,
398 164 605 210 admodum
635 173 876 217 opportuna,
921 163 955 199 &
993 163 1168 214 expedita
1199 162 1267 200 illa

145 225 295 264 videtur
329 224 536 263 multorum
566 217 850 270 Theologorum
894 217 1106 263 sententia,
1147 230 1266 268 quam

147 277 301 316 Diss.1.
330 290 369 314 n.
392 276 484 325 5¹7·
513 271 741 320 retulimus,
790 270 966 309 videlicet
995 270 1126 308 Jesum
1155 268 1265 307 Chri-

146 340 243 368 stum
285 326 550 380 quorumdam
587 326 920 364 Sacramentorum
961 325 1186 369 materiam,
1231 321 1265 358 8<

146 385 307 421 formam
337 382 485 420 nonnisi
515 383 555 417 in
585 393 732 430 genere
752 379 1012 426 constituisse,
1043 376 1175 415 relicta
1194 375 1266 414 Ec·

151 436 276 474 clesiae
308 448 385 473 suae
416 442 566 487 sponsae
597 442 774 485 potestate
817 433 966 470 easdem
1009 431 1080 469 sub
1111 430 1265 482 perenni

143 488 306 539 Spiritus
333 491 451 527 sancti
481 489 688 526 assistentia
728 490 767 524 in
797 490 925 535 specie
962 483 1235 522 determinandi
1254 508 1265 521 .

143 540 269 588 Quam
299 551 426 581 tamen
457 542 665 580 multorum
687 554 775 578 cum
798 552 992 586 veterum,
1023 547 1103 576 tum
1136 551 1265 574 recen-

142 595 280 633 tiorum
309 597 530 647 opin'ionem
563 594 694 632 multis
723 608 801 632 esse
822 593 1029 631 obnoxiam
1059 589 1264 630 difficulta-

140 646 241 685 tibus
272 648 414 688 ibidem
436 650 604 687 breviter
625 648 914 686 observavimus
931 673 941 684 .

193 701 354 748 Quaeres
372 733 382 750 ‚
417 702 520 754 Quid
548 701 800 740 sentiendum
829 704 880 737 sit
909 699 1125 751 deforma
1159 697 1264 736 Con-

128 752 387 806 firmationis
416 770 443 794 a
475 756 633 794 Groecis
661 751 879 792 adhibita?

199 820 288 848 100.
320 805 460 861 Resp„
490 823 564 849 non
592 808 750 846 omnino
779 806 990 845 consentire
1019 804 1260 857 Theologos,

140 875 323 913 quaenam
352 879 373 902 a
395 863 544 902 Graecis
574 869 768 913 reputetur
797 873 884 897 vera
905 859 1020 910 hujus
1036 858 1263 896 Sacramen-

140 916 166 952 ti
199 915 344 954 forma.
374 916 472 954 Nam
504 915 633 953 Petrus
664 913 854 951 Arcudins
883 913 972 951 Lib.
995 912 1042 949 ll.
1073 911 1136 949 De
1160 910 1262 949 Con-

125 965 248 1019 firm.
266 968 398 1020 cap.6.
420 969 542 1007 Gabr.
560 966 905 1019 Philadelphiensis
924 967 1145 1018 opinionem
1169 965 1262 1002 suis-

138 1033 176 1058 se
206 1021 345 1069 refert,
390 1022 552 1063 sormam
584 1020 894 1058 confirmationis
925 1033 1003 1057 esse
1041 1034 1083 1056 ea
1115 1019 1260 1067 verba,

136 1071 280 1124 quibus
307 1088 457 1112 sacrum
488 1083 727 1128 unguentum
764 1074 814 1111 ab
845 1073 1034 1124 Episcopo
1064 1085 1262 1110 consecra-

137 1133 226 1174 tur,
255 1140 329 1166 non
357 1141 464 1167 secus
491 1142 536 1167 ac
565 1129 603 1166 in
624 1127 874 1166 sacramento
893 1124 1148 1164 Eucharistiae
1170 1138 1258 1163 con-

137 1178 267 1230 tingit:
309 1195 398 1234 quae
429 1191 555 1221 tamen
584 1182 766 1220 sententia
810 1179 917 1218 nullo
959 1180 1070 1217 modo
1101 1179 1259 1232 probari

133 1240 278 1284 potest,
307 1247 397 1273 cum
425 1235 715 1276 Sacramentum
746 1234 1044 1274 confirmationis
1073 1234 1111 1271 in
1142 1234 1257 1271 actio-

125 1297 184 1322 ne
211 1295 423 1328 transeunte
449 1291 650 1337 consistat,
694 1301 771 1327 non
801 1297 926 1326 autern
956 1288 1004 1325 sit
1032 1286 1258 1325 Sacramen-

137 1344 219 1376 tum
250 1354 501 1392 permanens,
542 1343 644 1397 quod
674 1343 739 1380 uni
770 1341 1023 1380 Eucharistiae
1062 1339 1260 1394 peculiare

136 1400 210 1440 est,
242 1403 280 1431 ut
307 1395 475 1435 diximus
496 1397 610 1450 ¹¹·94·

155 1497 162 1504 .
196 1459 283 1485 101.
312 1447 408 1487 Sunt
436 1450 526 1499 alii,
556 1451 623 1503 qui
654 1448 906 1498 arbitrantur,
938 1463 1069 1488 eorum
1091 1449 1257 1487 sormam

132 1506 242 1537 sitam
272 1514 349 1539 esse
379 1503 417 1540 in
447 1502 518 1542 illa
545 1504 713 1542 oratione
742 1505 1037 1556 antiquissima,
1081 1517 1158 1554 qua
1187 1502 1256 1539 Sa-

132 1552 265 1593 cerdos
295 1564 380 1594 ante
409 1558 625 1596 unctionem
656 1558 783 1595 Deum
816 1567 1020 1608 precatur,
1049 1565 1088 1593 ut
1117 1558 1256 1607 signa-

127 1605 267 1643 culum
292 1607 404 1656 iloni,
433 1615 588 1659 sancti,
617 1612 983 1660 &omnipotetztis,
1011 1608 1256 1649 &adoran-

134 1656 262 1717 dilsui
291 1659 458 1710 Spiritus
487 1663 736 1715 (baptizato)
767 1663 993 1715 largiatur.
1023 1662 1094 1700 Sed
1115 1675 1152 1698 re
1169 1662 1256 1699 inti-

133 1723 237 1770 mtus
266 1715 505 1764 examinata,
537 1715 650 1754 facile
678 1725 857 1767 apparet,
888 1725 1002 1754 totam
1035 1714 1143 1753 illam
1173 1728 1257 1753 ora-

133 1770 274 1802 tionem
306 1781 384 1805 esse
413 1768 538 1808 solum
582 1770 899 1821 praeparatoriam
937 1770 986 1807 ad
1015 1768 1257 1808 Sacramenti

133 1815 499 1861 administrationem
515 1849 528 1861 .

190 1883 278 1908 102.
307 1873 491 1914 Eruditus
519 1875 561 1914 Ρ.
581 1877 638 1914 Jo.
658 1875 841 1914 Morinos
862 1875 1066 1913 Lib.V11L
1097 1873 1160 1912 De
1179 1887 1255 1926 poe-

130 1924 202 1983 nit.
232 1938 319 1977 cap.
355 1927 415 1966 16.
460 1938 663 1981 utramque
691 1930 915 1980 opinionem
953 1927 1160 1966 conciliare
1191 1940 1256 1966 vo-

128 1973 229 2025 luit,
260 1987 394 2030 putans
414 2010 426 2029 ,
469 1981 636 2020 sormam
665 1981 980 2019 confirmationis
1008 1981 1110 2034 apud
1141 1981 1254 2019 Grae-

127 2041 190 2067 cos
219 2033 402 2071 contineri
433 2035 575 2086 partim
604 2036 646 2073 in
674 2036 870 2082 oratione,
914 2048 1003 2087 quae
1035 2035 1252 2072 unctionem

128 2085 338 2134 praecedit,
382 2086 416 2124 8<
447 2089 588 2140 partim
617 2089 656 2126 in
684 2087 764 2126 illis
794 2087 948 2136 verbis,
993 2087 1134 2140 quihus
1163 2100 1253 2126 con-

125 2145 296 2194 secratur
325 2149 583 2192 unguentum.
623 2140 706 2183 ,Sed
749 2141 818 2192 qui
857 2149 1063 2193 utramque
1103 2143 1254 2193 opinio-

127 2201 215 2250 nem
245 2202 457 2243 sejunctam
488 2194 714 2247 repudiant,
743 2207 812 2232 uec
840 2192 1083 2245 conjunctam
1104 2194 1253 2248 ample·

128 2252 178 2280 cti
209 2255 386 2295 possunt.

188 2297 276 2336 105.
307 2298 505 2340 Recentior
533 2302 692 2355 quidam
714 2301 785 2340 sub
805 2302 984 2340 ementito
1005 2302 1160 2340 nomine
1178 2301 1251 2341 Ca-

128 2356 210 2389 tum
239 2351 360 2404 Syriti
378 2354 621 2394 italo—Graeci
651 2357 688 2394 io
708 2354 899 2394 Elenclzis
927 2355 1014 2393 adv.
1037 2355 1250 2393 Arcudium

127 2407 347 2456 contendit,
391 2408 556 2447 sormam
594 2409 908 2448 continuationis
949 2408 1051 2461 apud
1094 2408 1251 2446 Graecos

122 2466 192 2496 aut
219 2472 298 2498 esse
326 2460 411 2501 haec
439 2463 581 2501 verba:
628 2461 799 2514 Ungitur
827 2476 959 2502 serviis
989 2461 1067 2500 Dec·
1095 2463 1181 2500 oleo
1211 2475 1250 2499 e-

124 2512 360 2570 oetrltationis
387 2520 430 2554 in
458 2520 621 2555 nomine
649 2515 784 2555 Patris
811 2517 899 2557 &a
941 2529 1030 2569 quae
1067 2529 1105 2552 se
1141 2518 1249 2555 inve-

128 2575 226 2601 nisse
254 2567 306 2604 ait
335 2569 374 2606 in
402 2571 557 2622 antiquo
585 2571 871 2622 manuscripto;
915 2577 979 2608 aut
1019 2568 1103 2607 haec
1146 2569 1246 2607 alia:

130 2615 353 2658 chrismate
381 2631 522 2660 sancto
539 2653 551 2672 ,
587 2627 782 2662 suavitate
809 2623 940 2662 odoris
972 2621 1113 2661 Christi·
1141 2621 1247 2672 Dei,

127 2670 256 2721 sigillo
284 2685 388 2712 verae
403 2673 537 2726 fidei,
567 2677 861 2730 complemento
889 2680 1065 2730 pignoris
1081 2675 1247 2724 Spiritus

127 2721 358 2776 obsignatur
385 2728 478 2765 talis
502 2727 556 2767 N.
587 2733 628 2767 in
656 2735 817 2768 nomine
846 2730 980 2769 Patris
1007 2730 1094 2771 (9⁴0.
1134 2730 1247 2768 Hunc

127 2786 321 2817 auctorem
351 2781 491 2819 acriter
525 2783 733 2823 confutavit
762 2783 804 2822 P.
833 2784 914 2823 Jac.
945 2784 1049 2822 Goar
1091 2784 1131 2821 in
1167 2793 1245 2822 not.

128 2830 195 2869 51.
226 2831 265 2869 in
285 2831 469 2885 Baptism.
497 2833 668 2874 officium
688 2837 898 2889 Euchologi
916 2838 1046 2876 Graeci
1064 2867 1074 2885 ,
1105 2837 1139 2873 8<
1168 2839 1246 2875 sor-

125 2897 233 2921 mam
262 2884 313 2944 ab
342 2887 424 2938 ipso
452 2890 682 2939 propositam
711 2899 822 2928 vocat
851 2890 1069 2928 mendacia
1097 2894 1242 2943 ignoti,

126 2936 176 2977 (θ’
208 2939 366 2990 conficti
394 2937 654 2993 Euchologii,
695 2942 730 2979 δι
767 2956 843 2980 esse
879 2942 949 2982 illa
986 2945 1068 2996 ipsa
1097 2944 1248 2993 verba,

125 3003 216 3042 quae
237 2991 420 3030 Sacerdos
449 2996 698 3044 pronunciat,
727 2996 882 3047 quando
900 2995 983 3034 oleo
1002 2997 1243 3036 catechume-

117 3055 267 3082 norum
297 3045 569 3099 baptizandum
598 3048 804 3099 pertingit.

117 3101 121 3105 '
185 3097 275 3156 104.
306 3098 472 3152 Explosa
502 3100 617 3151 igitur
645 3099 717 3138 hac
755 3112 854 3138 nova
893 3101 1045 3139 obscuri
1084 3103 1245 3154 graeculi

131 3151 309 3200 opinione
326 3183 336 3201 ,
380 3153 479 3191 idem
509 3153 746 3192 doctissimus
773 3154 940 3191 Goarius
968 3156 1126 3202 statuit,
1169 3156 1245 3193 for-

129 3213 234 3240 mam
261 3204 584 3270 Confirmationis'
599 3206 700 3259 apud
730 3207 887 3245 Graecos
914 3220 991 3244 esse
1032 3206 1102 3245 illa
1131 3208 1250 3247 verba

131 3256 299 3311 σφραγίς
326 3258 462 3312 δωρεαῖς·
492 3259 702 3312 πνευματος
730 3259 846 3312 α’)ίυ,
874 3260 1128 3314 signaculum
1156 3260 1250 3302 doni

2312 38 2388 66 221

1337 107 1503 156 Spiritus
1532 110 1662 143 sancti
1681 121 1694 148 ‚·
1730 106 1910 157 additque
1928 135 1938 153 ,
1969 103 2223 156 periculosam
2252 102 2326 141 sibi
2357 116 2455 141 sem-

1335 174 1403 212 per
1434 161 1555 196 visam
1586 173 1663 195 esse
1693 171 1825 195 eorum
1864 159 2146 209 suspicionem,
2189 158 2257 211 qui
2301 155 2373 195 hac
2405 158 2454 194 de

1335 227 1375 251 re
1404 213 1579 250 dubitare
1608 210 1837 256 voluerunt,
1882 210 1913 245 8(
1943 213 2097 249 omnino
2137 212 2292 258 asserit,
2336 219 2454 248 mate-

1334 268 1433 304 riam
1463 265 1773 304 confirmationis
1803 264 2016 314 proximam
2059 266 2158 314 apud
2190 265 2347 302 Graecos
2376 278 2454 302 esso

1333 333 1481 358 sacram
1511 319 1730 357 chrismatis
1760 317 1997 355 unctionem:
2027 315 2060 351 8<
2092 318 2252 354 sormam
2283 327 2456 356 coustan-

1334 381 1409 411 tem
1440 387 1519 412 essa
1549 372 1664 411 verba
1697 371 1838 417 relata,
1885 370 1924 407 in
1961 369 2100 421 quibus
2143 378 2267 407 tamt-n
2306 370 2455 409 latitare

1333 427 1426 464 dicit
1457 425 1684 478 particulam
1717 424 1988 462 substantivam
2019 431 2104 466 est,·
2142 435 2185 458 ac
2222 424 2374 461 demum
2406 424 2452 462 fi-

1332 481 1462 519 denter
1491 479 1709 526 concludit,
1754 479 1782 515 si
1815 476 1897 513 haec
1927 489 2000 514 non
2038 477 2081 513 sit
2121 488 2208 512 vera
2238 476 2451 514 Confirma-

1333 535 1445 572 tiouis
1476 534 1625 581 forma,
1670 531 1823 569 nullam
1850 531 1944 582 jain
1983 533 2024 565 in
2055 528 2220 566 Oriente
2249 540 2452 578 superesse

1337 586 1415 626 Con
1454 590 1724 632 mmtionem,
1767 583 1919 621 nullum
1963 582 2066 619 illius
2100 580 2453 633 fundamentum,

1333 641 1402 678 nul
1419 655 1490 678 <im
1519 640 1566 680 de
1596 640 1661 682 illo
1677 638 1813 693 fidem
1831 664 1841 676 .
1872 636 2071 688 Legendus
2099 644 2230 674 auctor
2259 636 2340 686 ipse
2369 650 2456 688 pag.

1335 695 1427 734 501.
1448 709 1527 748 seq.
2074 707 2077 710 ·

1674 798 1954 839 CAPUT
2036 797 2105 836 IV.

1421 906 1485 948 De
1506 908 1763 947 Sacramenti
1787 905 2116 959 Confirmationis
2137 902 2338 954 effectibus
2356 929 2366 942 .

1390 1016 1476 1054 105.
1495 990 1613 1057 Duo
1640 1015 1896 1054 communiter
1932 1029 1954 1052 a
1984 1012 2189 1064 Theologis
2219 1020 2346 1050 contra
2376 1011 2453 1050 'No-

1329 1077 1474 1107 vatores
1502 1077 1717 1106 statuuntur
1746 1067 2056 1106 Confirmationis
2085 1066 2264 1111 effectus3
2306 1064 2451 1103 scilicet

1328 1123 1450 1173 gratia
1479 1122 1749 1169 sanctificans,
1793 1120 1827 1156 8<
1864 1120 2094 1159 characteris
2133 1119 2358 1172 impressio.
2402 1118 2454 1156 Ut

1327 1185 1533 1228 utrumque
1561 1175 1839 1222 defendamus,
1868 1173 1914 1211 sit

1705 1279 2010 1320 PROPOSITIO
2047 1280 2080 1318 Ι.

1382 1389 1430 1429 In
1464 1389 1795 1440 Confirmattonis
1819 1389 2088 1427 sacramento
2117 1389 2191 1424 rite
2219 1395 2401 1437 suscepto

1538 1439 1750 1495 ‘confertur
1776 1446 1913 1495 gratia
1942 1439 2209 1492 sanctificans
2226 1466 2236 1476 .

1383 1550 1470 1589 106.
1490 1524 1672 1591 Sanctus
1702 1548 1872 1587 Thomas
1901 1549 1938 1588 5.
1957 1548 1998 1586 I'.
2027 1562 2066 1600 q.
2093 1560 2156 1599 72.
2187 1555 2256 1584 art.
2280 1561 2315 1597 7.
2348 1546 2383 1583 id
2413 1557 2454 1583 o’-

1324 1605 1487 1652 stendit,
1531 1605 1622 1654 quia
1666 1605 1705 1641 in
1751 1603 1820 1640 hoc
1850 1603 2100 1643 Sacratnento
2142 1601 2253 1638 datur
2282 1600 2452 1652 Spiritus

1324 1666 1497 1696 sanctus:
1528 1657 1673 1695 Missm
1702 1666 1839 1694 autem
1858 1686 1868 1704 ,
1897 1669 1966 1694 seu
1996 1655 2105 1692 elatio
2125 1653 2292 1704 Spiritus
2321 1659 2453 1694 sancti

1327 1725 1408 1748 non
1438 1720 1495 1748 est
1525 1716 1612 1749 sine
1640 1714 1778 1761 gratia
1805 1718 1966 1761 gratum
1986 1707 2202 1759 jaciente.
2233 1707 2454 1759 Ecquando

1325 1767 1366 1802 in
1397 1765 1515 1802 sacris
1544 1765 1680 1802 litteris
1701 1772 2051 1801 commemorantur
2079 1762 2210 1814 gratiae
2241 1762 2356 1812 gratis
2383 1762 2453 1799 da-

1325 1826 1402 1865 tae,
1432 1831 1582 1868 semper
1603 1817 1848 1864 indicantur,
1880 1826 1919 1854 ut
1949 1816 2074 1864 dona,
2106 1815 2139 1851 8<
2169 1813 2324 1852 effectus
2353 1814 2453 1866 ejus-

1325 1871 1411 1908 dem
1441 1870 1606 1922 Spiritus
1634 1870 1790 1917 Sancti,
1829 1882 1904 1907 non
1943 1878 2069 1907 autem
2109 1869 2216 1920 quasi
2250 1869 2340 1918 ips-ze
2379 1870 2454 1907 sint

1323 1924 1489 1975 Spiritus
1518 1924 1676 1963 Sancti.
1706 1924 1769 1962 Sic
1792 1921 1932 1962 Paulus
1960 1937 1992 1962 ι.
2012 1922 2184 1960 Corinth.
2204 1921 2290 1960 ΧΗ.
2314 1936 2350 1973 7.
2372 1937 2453 1973 seq.

1323 1987 1525 2029 postquam
1557 1977 1641 2017 haec
1682 1977 1782 2016 dona
1819 1984 2095 2025 enumerasset,
2139 1977 2192 2014 ita
2234 1975 2454 2022 concludit:

1323 2030 1428 2069 Haec
1459 2035 1600 2070 omnia
1629 2041 1816 2083 operatur
1837 2044 1938 2070 unus
1954 2062 1965 2080 ,
1994 2039 2114 2082 atque
2135 2029 2240 2068 idem
2256 2029 2421 2081 Spiritus
2439 2056 2453 2068 .

1383 2099 1472 2137 ¹07·
1501 2085 1634 2138 Neque
1664 2085 1810 2134 obstat,
1858 2086 1959 2137 quod
1987 2084 2109 2137 gratia
2137 2083 2377 2122 sanctificans
2405 2085 2453 2121 sit

1322 2139 1495 2177 ordinata
1525 2141 1573 2178 ad
1602 2138 1803 2177 delendam
1842 2138 2026 2191 culpam;
2069 2136 2186 2189 culpa
2229 2146 2356 2174 autem
2400 2138 2448 2173 sit

1320 2192 1401 2245 jam
1433 2207 1500 2245 per
1528 2193 1765 2244 baptismum
1796 2193 1943 2244 penitus
1972 2191 2121 2229 deleta.
2170 2190 2256 2228 Non
2286 2191 2447 2241 inquam

1320 2247 1361 2285 id
1388 2246 1535 2292 obstat5
1573 2246 1769 2298 respondet
1797 2245 1900 2283 enim
1933 2244 2139 2296 Angelicus
2169 2242 2264 2281 ibid.
2302 2243 2349 2280 ad
2387 2256 2447 2291 1.,

1319 2300 1420 2352 quod
1450 2301 1584 2350 gratiae
1614 2307 1766 2351 gratum
1798 2298 1968 2336 facientis
1996 2300 2126 2348 primo
2161 2296 2317 2348 quidem
2356 2295 2447 2333 effe-

1318 2362 1401 2392 ctus
1431 2355 1476 2391 sit
1506 2353 1677 2392 remissio
1706 2351 1861 2403 culpae3
1905 2364 1978 2388 non
2009 2360 2136 2389 tamen
2166 2350 2302 2393 solu5‚·
2345 2349 2444 2387 indi-

1319 2416 1379 2458 get
1409 2408 1512 2445 enim
1544 2406 1657 2443 homo
1687 2405 1842 2442 ulterius
1872 2406 2089 2456 promoveri
2110 2416 2179 2456 per
2199 2416 2332 2441 omnes
2359 2417 2444 2454 gra-

1318 2462 1388 2498 dus
1419 2473 1536 2512 usque
1568 2461 1606 2497 in
1639 2460 1755 2497 vitain
1778 2468 1962 2496 aeternam
1981 2470 1988 2495 z
2017 2458 2067 2499 Co*
2087 2457 2175 2495 ileo
2193 2460 2331 2509 gratia
2348 2471 2445 2509 grti-

1319 2518 1378 2551 tia
1405 2522 1568 2566 gratum
1587 2513 1757 2564 faciens
1786 2525 1867 2550 non
1896 2511 2026 2550 solum
2069 2511 2190 2549 (latur
2231 2510 2286 2548 ad
2315 2523 2446 2548 remo-

1318 2572 1465 2605 tionem
1495 2567 1647 2617 culpce,
1691 2565 1762 2605 sed
1799 2569 1925 2604 etiam
1962 2564 2018 2603 acl
2055 2573 2319 2617 augmentum
2342 2594 2352 2612 ‚
2395 2565 2445 2604 (9·

1304 2620 1556 2672 firmitatem
1580 2621 1770 2673 justitiae,
1800 2620 1849 2661 ἔθ’
1877 2624 1932 2657 sic
1962 2617 2168 2670 confertur
2188 2622 2228 2655 in
2265 2617 2338 2654 lioc
2368 2617 2445 2655 Sa-

1317 2684 1554 2713 cramento.
1601 2674 1714 2712 Addit
1753 2682 1879 2725 postea
1908 2674 1947 2711 in
1977 2687 2076 2724 resp.
2106 2673 2154 2711 ad
2186 2684 2251 2720 2.,
2279 2671 2382 2723 quod
2411 2675 2445 2709 si

1316 2730 1461 2780 aliquis
1489 2727 1647 2766 adultus
1675 2731 1715 2764 in
1745 2736 1909 2776 peccato
1945 2729 2120 2764 existens
2139 2756 2150 2774 ,
2193 2726 2307 2777 cujus
2350 2738 2445 2763 con-

1316 2785 1530 2821 scientiam
1559 2794 1640 2819 non
1669 2779 1812 2829 hahet,
1851 2781 1909 2819 vel
1938 2785 1970 2817 si
2000 2784 2124 2818 etiam
2155 2792 2237 2817 non
2265 2778 2443 2830 perfecte

1313 2840 1502 2876 contritus
1517 2834 1689 2874 accedat
1706 2865 1716 2882 ,
1745 2833 1962 2872 dummodo
1991 2847 2073 2871 non
2090 2832 2219 2888 fictus
2239 2832 2411 2872 accedat
2429 2863 2439 2880 ,

1313 2903 1383 2943 per
1409 2894 1590 2944 gratiam
1620 2888 1815 2926 collatam
1836 2892 1878 2925 ιή
1906 2885 1978 2925 hoc
1998 2887 2271 2926 Sacramento
2300 2898 2438 2925 conse-

1311 2953 1450 2997 quetur
1478 2946 1753 2982 remissionem
1783 2951 2065 2994 peccatorum.

1369 2997 1456 3036 108.
1485 2997 1534 3035 Et
1564 2999 1603 3035 in
1634 3011 1732 3047 resp.
1762 2997 1809 3033 ad
1841 2995 1878 3034 5.
1916 2994 2043 3034 adhuc
2070 2994 2214 3034 clarius
2243 2993 2408 3046 explicat
2429 3024 2438 3041 ‚

1313 3051 1529 3103 cujusmodi
1559 3051 1606 3089 sit
1635 3049 1720 3088 haec
1749 3050 1872 3102 gratia
1900 3059 2051 3101 gratum
2082 3050 2248 3097 faciens,
2278 3061 2368 3100 quae
2400 3048 2437 3083 in

1312 3103 1612 3143 Confirmatione
1638 3104 1852 3142 obtinetur:
1883 3104 2074 3141 nimirum
2103 3102 2217 3150 dicit,
2248 3115 2324 3139 esse
2351 3114 2435 3150 gra-

1315 3158 1407 3196 tiam
1438 3157 1821 3206 Sacramentalem,
1855 3170 1943 3209 quae
1973 3155 2085 3194 addit
2115 3168 2230 3203 super
2256 3157 2435 3206 gratiam

1315 3220 1476 3262 gratum
1494 3211 1727 3264 facientem
1757 3214 2022 3249 communiter
2055 3218 2260 3257 sumptam
2290 3202 2436 3253 aliqui-l

1315 3261 1540 3315 effectivum
1569 3264 1754 3318 specialis
1783 3261 1970 3315 effectus,
2016 3262 2071 3304 ad
2099 3260 2201 3314 quod
2227 3258 2434 3347 ονιίιέιιιιιν

2334 3321 2380 3346 d-
