2605 3624
966 123 1045 167 DE
1079 120 1566 166 SATISFAC'I'IONE
1581 149 1591 161 .

121 223 188 260 re,
229 211 290 250 sed
320 211 413 264 quia
453 208 524 246 hoc
595 204 737 242 rimum
768 209 846 250 est,
889 200 924 237 δε
952 200 1206 253 principalius
1227 227 1239 240 .

123 264 221 303 Non
250 268 357 304 enim
373 292 385 310 ,
414 261 537 312 inquit
558 219 884 310 'Flieopliilacttis,
911 256 1078 308 seipsum
1099 254 1241 292 clarius

123 317 337 370 explicans,
365 316 465 351 satis
493 320 551 350 est
571 325 598 349 a
614 320 779 362 peccato
807 313 1030 361 (fluescere,
1057 307 1127 346 sed
1144 321 1240 346 con-

119 374 250 409 trat-ta
276 371 339 405 via
367 375 427 405 est
455 365 672 413 adeunda,
719 363 914 403 ‹lis-ersum
942 361 994 400 ab
1020 375 1066 400 eo
1111 361 1236 414 consi-

120 421 303 460 ciendum
334 424 409 458 iter
427 446 438 458 .
468 420 602 458 Antea
630 418 869 468 operabatur
898 417 1054 454 malum
1075 413 1098 452 Ρ
1140 414 1236 453 Jatn

114 487 222 512 nunc
250 483 431 525 operetur
459 473 603 511 bonum
631 474 720 513 &00
757 472 869 510 Unde
910 469 1158 508 manifestum
1189 468 1235 506 li·

115 537 205 578 quet
221 556 234 576 ,
263 541 286 566 a
303 526 580 579 Tlieophilacto
600 539 674 564 non
702 525 818 563 aliam
837 525 1073 577 punitionem
1104 521 1235 560 exclu-

112 581 180 629 di,
217 595 336 634 quam
363 595 453 633 quae
483 582 524 619 iu
553 580 634 618 toro
661 578 837 617 saeculari
869 591 935 631 per
965 578 1064 628 leges
1094 576 1235 626 infligi-

115 641 205 673 tur.
246 635 535 687 Chrysostomus
564 643 690 671 autern
719 633 766 671 de
795 631 874 670 sola
903 632 1123 670 remissione
1151 629 1234 667 cul-

110 701 203 741 pae,
233 687 268 725 δε
298 702 426 739 poenae
457 698 610 726 aeternae
638 686 700 725 hic
729 685 925 738 loquitur3
964 699 1036 722 non
1067 682 1236 722 excludit

112 750 240 780 autem
271 742 365 780 alias
396 756 526 793 poenas
554 739 808 792 temporales,
850 753 944 791 quas
973 738 1095 786 alibi,
1125 751 1234 775 nem-

56 792 64 802 ’
113 809 163 850 pe
192 795 306 834 Hom.
338 795 462 834 Xth.
498 796 537 833 in
556 794 706 834 -Mattl1.
747 793 924 831 eumdem
954 791 1063 830 Pauli
1106 789 1235 828 locum

114 849 355 901 expendens,
397 847 602 900 magnifice
629 847 811 900 proedicat
832 876 844 894 ,
887 846 1084 898 inquiens:
1134 843 1237 881 Aah*

118 902 292 941 Paulum
320 902 518 940 dicentem
546 902 634 942 &a
676 900 733 938 Et
768 912 943 951 quonam
989 899 1131 945 mocio,
1176 902 1236 934 ia-

108 960 243 1008 quies,
271 969 300 994 a
319 959 469 1006 meipso
497 959 697 992 rationem
727 953 908 1001 vivendi,
936 952 1235 1003 &supplicium

110 1007 322 1062 exigam?
369 1008 528 1060 Largos
556 1008 838 1060 lacrymarum
876 1004 1036 1053 effunde
1055 1005 1201 1057 fluvios
1221 1034 1235 1054 ,

102 1062 338 1109 laboribus,
366 1062 416 1104 Θή
446 1061 583 1114 vigiliis
611 1070 650 1099 te
678 1065 807 1112 ipsum
836 1058 983 1112 ajflige
1011 1061 1100 1099 &a

167 1116 262 1167 591.
290 1115 369 1153 (Δί).
395 1113 594 1152 secundo.
637 1115 680 1152 ln
707 1114 935 1165 baptismate
975 1112 1083 1151 nulla
1119 1125 1233 1163 opera

102 1169 356 1208 satisfactoria
393 1170 674 1221 imponuntur:
715 1181 787 1207 cur
813 1180 903 1220 ergo
937 1166 1166 1219 imponenda
1195 1179 1236 1203 e-

107 1231 198 1261 runt
226 1224 266 1261 in
295 1223 534 1271 poenitentiae
562 1220 838 1260 Sam-amomo?

163 1276 258 1328 39¹2.
289 1275 527 1327 Respondent
558 1275 685 1314 Patres
710 1275 958 1322 Tridentini,
1000 1274 1144 1311 divinae
1172 1270 1236 1322 ju-

109 1331 225 1369 stitiae
255 1331 440 1368 rationem
470 1331 619 1382 exigere
640 1360 652 1378 ,
680 1329 868 1367 ut'aliter
897 1342 924 1366 a
954 1326 1044 1365 Deo
1070 1332 1112 1364 in
1139 1339 1235 1379 gra-

101 1387 215 1421 -tiam
245 1386 488 1431 recipiantur
505 1413 516 1432 ,
545 1388 610 1435 qui
629 1393 727 1421 ante
754 1382 995 1433 Baptismum
1025 1394 1096 1431 per
1124 1384 1236 1433 igno-

113 1440 298 1474 rantiam
327 1435 580 1488 deliquerint,
610 1438 727 1475 aliter
755 1449 870 1484 cero,
900 1438 965 1486 qui
992 1434 1119 1472 semel
1147 1435 1237 1474 (90.

109 1489 202 1529 Vid.
231 1503 316 1541 sup.
339 1502 445 1528 num.
468 1491 561 1543 570.
589 1491 839 1542 Quamquam
863 1502 916 1526 ex
946 1489 1139 1528 veteribus
1157 1501 1236 1525 mo-

110 1545 299 1581 numentis
314 1553 459 1582 constat
479 1573 490 1592 ,
521 1546 635 1582 etiam
655 1539 956 1582 Catecluimeuos
975 1542 1125 1580 adultos
1141 1542 1237 1580 suis-

106 1610 148 1635 se
175 1595 271 1634 olim
299 1597 515 1646 diuturnis,
564 1597 598 1634 δε
625 1598 734 1636 duris
770 1597 1003 1650 poeniteutiis
1033 1597 1079 1634 ad
1109 1596 1236 1646 bapti-

104 1663 237 1689 :mum
264 1650 490 1703 dispositos,
525 1650 634 1702 juxta
663 1651 759 1690 illud
787 1651 830 1689 S.
857 1650 955 1688 Petri
987 1649 1073 1688 Act.
1103 1663 1135 1686 ι.
1166 1648 1234 1687 58.

107 1702 394 1742 Paenitentiam
437 1708 578 1755 agite,
625 1705 677 1745 <9³
711 1702 926 1753 baptizetur
967 1706 1233 1753 unusquisque

101 1766 312 1805 vestrum,
355 1757 440 1795 haec
468 1767 596 1796 tamen
640 1759 862 1810 poenitentia
885 1787 897 1806 ,
945 1758 1041 1794 sicut
1070 1756 1104 1792 δε
1135 1755 1233 1804 illa,

109 1823 200 1861 quae
221 1811 314 1849 olim
344 1823 415 1862 pro
431 1813 594 1862 peccatis
623 1811 792 1863 publicis
807 1811 1030 1863 exigebatur
1058 1819 1143 1847 ante
1163 1810 1231 1847 ab·

108 1862 334 1902 solutionem
351 1894 361 1912 ,
392 1877 466 1903 non
490 1874 567 1903 erat
595 1866 643 1903 ad
661 1864 864 1903 tollendam
883 1877 1039 1916 poenam
1057 1873 1137 1916 post
1171 1877 1229 1901 re-

104 1918 328 1955 missionem
358 1917 487 1970 culpae
504 1949 514 1968 ,
545 1927 586 1956 ut
604 1918 715 1957 modo
739 1927 823 1956 sunt
850 1932 967 1971 opera
981 1918 1229 1955 satisfactoria

101 1978 182 2022 post
199 1969 474 2009 absolutionem
489 2003 500 2020 ,
525 1973 588 2011 sed
610 1981 687 2010 erat
707 1972 903 2023 dispositio
917 1973 964 2009 ad
978 1971 1229 2008 obtinendum

100 2025 348 2076 praecipuum
365 2024 700 2064 Sacramentorum
715 2055 726 2073 ,
747 2025 927 2077 baptismi
951 2055 962 2073 ,
991 2023 1025 2060 8<
1042 2026 1232 2075 poeniten-

99 2078 164 2116 tiae
194 2077 373 2117 effectum
391 2108 403 2127 ‚
433 2092 571 2131 nempe
598 2080 720 2131 ipsius
748 2080 877 2131 culpae
907 2079 1172 2116 remissionem
1191 2105 1202 2116 .

156 2131 251 2184 595.
279 2131 371 2171 l'nst.
398 2136 527 2184 primo
544 2159 555 2171 .
586 2131 791 2185 Apostolus
820 2132 981 2171 Roman.
1002 2130 1053 2169 V.
1078 2144 1144 2170 20.
1176 2130 1230 2169 U-

99 2181 165 2232 bi,
202 2186 357 2238 inquit,
400 2185 616 2225 abundavit
644 2185 854 2234 delictum,
895 2184 1231 2236 superabundavit

94 2242 271 2290 gratia,·
306 2239 409 2291 quod
437 2253 575 2278 verum
602 2252 679 2277 nou
709 2249 828 2287 esset,
863 2241 893 2277 si
922 2240 1045 2290 gratia
1074 2239 1147 2276 Dei
1178 2241 1228 2278 si-

98 2290 184 2330 mul
215 2305 304 2330 cum
333 2291 451 2342 culpa
479 2305 557 2330 non
593 2293 797 2330 remitteret
826 2292 860 2328 8t
890 2305 1073 2343 poenam.
1114 2291 1228 2330 Proe-

99 2354 216 2382 terea
237 2374 249 2393 ,
291 2357 379 2396 cap.
400 2344 486 2383 Vll.
523 2359 557 2383 1.
586 2343 682 2383 nihil
710 2358 806 2394 ergo
834 2344 1138 2392 damnationis,
1169 2347 1227 2384 in-

102 2399 222 2452 quit,
250 2407 308 2436 est
337 2402 385 2436 iis
405 2428 417 2446 ,
460 2402 525 2451 qui
553 2408 645 2436 sunt
675 2403 715 2437 in
749 2398 902 2436 Christo
929 2397 1020 2436 Jesu
1037 2412 1052 2442 ;
1094 2398 1230 2451 quales

96 2460 190 2491 sunt
221 2452 275 2500 ii,
304 2452 447 2504 quibus
475 2451 591 2505 culpa
621 2454 777 2491 remissa
807 2461 893 2490 est.
1082 2461 1086 2466 ’

153 2505 247 2558 594.
278 2504 393 2558 Resp.
428 2506 484 2545 acl
525 2510 700 2557 primum
743 2520 831 2544 cum
862 2506 904 2552 S.
933 2504 1084 2543 'l'homa
1115 2505 1152 2544 5.
1185 2505 1226 2544 P.

97 2568 238 2610 quaest.
256 2558 323 2598 88.
353 2569 422 2598 art.
454 2574 492 2599 2.
521 2561 569 2598 ad
590 2561 627 2599 5.
650 2591 660 2609 ,
689 2562 848 2612 gratiam
879 2560 954 2597 dici
985 2559 1034 2596 ab
1067 2561 1223 2610 Aposto-

100 2610 140 2649 lo
167 2611 558 2661 superabundantem
575 2644 588 2662 ,
616 2622 810 2665 quantum
841 2613 894 2651 ad
915 2617 1046 2661 ipsam
1074 2617 1222 2665 ἐνατία.)

98 2668 299 2703 rationem
321 2679 337 2709 ,-
373 2670 468 2715 quia
496 2671 627 2718 magis
656 2672 786 2719 gratis
813 2666 1050 2719 beneficium
1082 2671 1221 2704 retnis-

96 2722 222 2756 sionis
243 2721 374 2769 magis
389 2723 588 2768 peccatori
616 2719 840 2772 confertur.
883 2723 1074 2769 Quamvis
1094 2735 1220 2771 quan-

101 2771 229 2823 doque
256 2770 511 2810 abundanter
537 2783 752 2823 peccantes
779 2774 1049 2812 abundantius
1066 2774 1220 2823 dolent,

101 2826 224 2865 &sic
242 2823 589 2864 abundantiorem
618 2825 796 2865 habitum
823 2832 996 2879 gratiae,
1024 2829 1074 2868 (ἱ)
1104 2832 1220 2865 virtu-

100 2887 185 2916 tum
215 2889 527 2929 consequuntur,
578 2884 677 2918 sicut
719 2890 829 2931 patet
857 2885 898 2918 in.
928 2881 1186 2933 [magdalena
1207 2910 1219 2921 .

98 2931 277 2972 Alterum
323 2932 490 2983 explicat
517 2933 698 2986 Synodus
725 2935 835 2973 Trid.
863 2935 963 2973 Sess.
992 2935 1042 2973 V.
1072 2935 1120 2973 ‹le
1158 2950 1218 2974 re-

97 2991 207 3024 natis
236 2986 481 3025 Sacrameuto
509 2986 774 3038 baptismatis,
812 2990 851 3026 in
881 2988 1024 3040 quibus
1052 2988 1147 3027 nihil
1177 3003 1218 3026 o—

94 3040 155 3079 dit
186 3041 314 3095 Deus,
357 3054 401 3078 ac
431 3041 586 3092 proinde
615 3041 709 3079 nihil
735 3052 792 3080 est
830 3041 1134 3090 damnationis,
1173 3045 1218 3080 iis

91 3107 242 3147 {tempe
262 3124 272 3141 ,
301 3098 468 3144 quivere
495 3096 710 3146 consepulti
737 3104 829 3134 sunt
858 3108 950 3132 cum
969 3095 1123 3134 Christo
1150 3109 1222 3148 per

97 3145 343 3200 baptismum
373 3152 413 3185 in
444 3158 613 3186 mortem
631 3176 643 3186 .
898 3187 908 3192 „

160 3202 254 3254 595.
283 3201 578 3241 lususecundo.
609 3201 763 3240 Remota
791 3216 905 3240 causa
936 3212 1149 3241 removetur
1164 3203 1223 3241 ef—

105 3252 248 3293 fectus:
273 3257 335 3294 sed
365 3256 481 3308 culpa
510 3266 561 3295 est
590 3270 705 3293 causa
726 3267 954 3308 poenarum:
983 3269 1071 3307 ergo
1099 3269 1222 3294 remo·

105 3315 146 3345 ta
172 3307 288 3361 culpa
315 3309 387 3349 ἃς.
415 3310 528 3348 Unde
557 3310 820 3348 Tertullianus
848 3309 896 3347 tle
933 3307 1038 3359 bapt.
1068 3325 1152 3362 cap.
1185 3311 1223 3348 5.

88 3359 333 3415 ..E-tempto,
360 3365 514 3418 inquit,
551 3373 666 3404 reatu
694 3367 881 3403 eximitur
908 3376 1031 3415 poena
1048 3389 1059 3403 .
1104 3367 1226 3403 Acce-

1259 2282 1269 2292 !
1295 2291 1456 2329 Dissert.
1478 2290 1525 2328 ll.
1554 2304 1640 2340 cap.
1662 2288 1700 2334 4.

2291 121 2370 160 155

1304 202 1391 248 dit,
1421 200 1521 252 quod
1543 199 1695 236 remissa
1724 196 1864 248 culpa,
1894 195 2008 234 homo
2024 194 2118 234 redit
2150 194 2187 232 in
2206 194 2419 233 amicitiam

1306 256 1409 299 Dei3
1438 253 1585 290 amicus
1603 261 1731 288 autem
1762 264 1831 288 nnn
1853 260 1967 301 potest
1998 260 2191 302 reposcere
2220 247 2270 286 ab
2298 248 2425 287 arnico

1307 321 1466 361 poenam
1495 318 1564 356 pro
1592 304 1730 355 culpa,
1759 317 1875 355 quam
1907 303 1985 353 jam
2015 303 2238 341 condonavit
2259 328 2271 340 .

1361 359 1452 413 596.
1484 358 1599 410 Hesp.
1626 358 1672 396 ad
1702 360 1895 407 primum,
1924 357 2079 394 remissa
2107 356 2222 407 culpa
2252 369 2425 394 remove-

1302 416 1336 453 ri
1367 427 1525 468 poenam
1556 422 1735 449 aeternam
1757 439 1768 456 ,
1812 422 1916 460 posse
1952 419 2078 446 tamen
2120 423 2312 447 remanere
2343 424 2426 462 poe-

1303 482 1368 507 nas
1396 467 1546 519 aliquas
1582 463 1809 516 temporales
1830 492 1841 510 ,
1877 463 1978 513 quod
2009 461 2195 513 exemplis
2240 478 2352 515 supra
2383 479 2423 501 n.

1306 521 1399 561 565.
1427 519 1549 559 allatis
1579 519 1824 557 manifestum
1855 515 1895 553 stt
1914 541 1924 553 .
1954 514 2087 567 Neque
2119 517 2155 552 in
2189 517 2234 554 iis
2255 546 2266 563 ,
2294 531 2422 568 quse-1

1302 575 1377 615 Dei
1408 573 1596 613 voluntate
1623 572 1818 624 pendent,
1857 570 1944 606 licet
1975 571 2030 606 uti
2062 568 2331 620 philosophicis
2364 584 2423 607 ra..

1302 628 1498 668 tionibus.
1527 627 1716 674 Quamvis
1745 626 1785 663 iu
1808 622 1919 662 rebus
1949 623 2039 674 ipsis
2068 622 2309 660 naturalibus
2337 624 2424 674 qui·

1301 683 1391 721 dam
1421 683 1574 721 effectus
1601 689 1687 718 sunt
1718 685 2001 732 permanentes,
2031 677 2146 713 etiam
2169 690 2281 713 causa
2304 689 2425 713 reino-

1302 746 1338 774 ta
1356 766 1367 784 ,
1398 737 1465 788 qui
1495 749 1630 787 nempe
1649 732 1857 785 dependent
1877 730 2034 783 quidem
2055 744 2077 766 a
2097 743 2210 767 causa
2239 738 2278 766 ut
2308 728 2426 777 siant,

1303 803 1380 828 non
1408 789 1619 840 dependent
1647 796 1775 825 autem
1796 786 1844 824 ab
1864 799 1929 833 ea,
1960 793 1999 822 ut
2027 792 2298 822 conserventur
2315 809 2325 820 .
2355 782 2425 821 Di-

1303 853 1407 882 ctum
1427 843 1659 881 Tertulliani
1690 840 1932 879 referendum
1963 846 2014 875 est
2042 838 2091 875 ad
2120 851 2278 888 poenam
2317 847 2426 874 atter-

1303 911 1422 946 nam,
1465 910 1555 949 quae
1584 897 1716 948 utique
1746 894 1955 940 eximitur,
1999 891 2176 942 exemplo
2205 900 2310 929 reatu
2339 890 2424 928 cul-

1303 965 1393 1003 pae.
1432 951 1605 990 Alterum
1636 950 1768 987 eadem
1799 946 1980 986 facilitate
2008 945 2188 983 diluitur:
2233 958 2356 997 neque
2388 959 2425 982 e-

1301 1006 1384 1042 nim
1417 1013 1557 1057 pugnat
1587 1017 1675 1042 cum
1705 1002 1837 1040 divina
1867 1000 2149 1046 misericordia,
2182 1008 2219 1036 ut
2249 999 2299 1036 ab
2327 999 2427 1036 anii-

1301 1059 1354 1095 cis
1376 1057 1630 1097 reconciliatis
1644 1058 1748 1095 Deus
1777 1054 1928 1106 aliquas
1956 1052 2182 1105 temporales
2212 1067 2345 1105 poenas
2367 1066 2425 1090 re·-

1302 1121 1458 1162 poscat,
1503 1120 1585 1148 trin)
1617 1119 1656 1147 ut
1685 1124 1764 1148 suoe
1795 1107 1950 1159 justitiae
1981 1106 2112 1158 aliqua
2144 1109 2283 1144 ratione
2319 1108 2426 1144 satis-

1303 1164 1398 1213 fiat,
1445 1173 1528 1202 tum
1559 1165 1672 1201 etiam
1703 1172 1742 1200 ut
1772 1162 1995 1214 prenitentes
2041 1162 2265 1210 gravitatem
2294 1160 2423 1211 culpan

1302 1226 1550 1269 cognoscant,
1571 1225 1681 1268 atque
1698 1215 1922 1253 humiliores
1939 1213 1970 1248 ὅ(
1987 1215 2172 1250 cautiores
2194 1213 2396 1250 reddantur
2413 1239 2425 1250 .

1357 1271 1450 1322 597.
1480 1270 1556 1308 Ol).
1588 1270 1656 1307 ult.
1684 1268 1820 1307 Nostra
1847 1267 2028 1304 sententia
2057 1267 2102 1303 de
2134 1267 2350 1304 necessitate
2367 1280 2424 1303 sa—

1300 1325 1525 1364 tisfactionis
1552 1322 1730 1362 fidelium
1772 1321 2023 1360 conscientias
2052 1329 2235 1371 perpetuo
2275 1329 2425 1372 torque-

1302 1379 1387 1424 bit;
1427 1377 1593 1430 quilibet
1623 1378 1725 1415 enim
1754 1374 1973 1422 dubitabit,
2016 1388 2064 1411 an
2093 1373 2175 1411 Deo
2204 1374 2251 1411 ad
2281 1375 2429 1412 strictos

1302 1432 1460 1485 justitiae
1489 1433 1620 1484 apices
1646 1430 1884 1475 satisfecerit3
1913 1437 1994 1465 tum
2024 1428 2139 1464 etiam
2159 1442 2208 1465 an
2237 1440 2351 1478 opera
2369 1442 2427 1465 sa-

1303 1486 1509 1524 tisfactoria
1540 1486 1578 1522 in
1608 1493 1703 1522 statu
1733 1485 1865 1536 gratiae
1896 1482 2140 1534 praestiterit,
2168 1481 2269 1533 quod
2301 1479 2428 1518 Theo-

1303 1538 1401 1591 logis
1428 1548 1510 1591 post
1538 1537 1722 1576 Sanctum
1752 1536 1945 1574 Thomam
1973 1535 2130 1572 omnino
2164 1534 2451 1578 necessarium-

1303 1608 1379 1632 esse
1394 1592 1528 1630 docent
1545 1622 1557 1641 ,
1577 1601 1616 1630 ut
1636 1591 1886 1629 satisfactione
1904 1603 2026 1642 paeuae
2045 1587 2186 1625 debitae
2203 1587 2426 1626 deleantur.

1357 1646 1450 1700 598.
1482 1646 1592 1697 Resp.
1622 1659 1712 1683 cum
1741 1644 1782 1682 S.
1814 1643 1964 1682 Thoma
1994 1644 2032 1681 in
2054 1640 2255 1691 Supplem.
2283 1650 2426 1693 qnaest.

1306 1701 1370 1747 14.
1396 1709 1466 1739 art.
1491 1714 1529 1738 2.
1557 1700 1603 1737 ad
1636 1713 1699 1747 2.,
1747 1697 1943 1736 homiuem
1982 1710 2051 1748 pro
2079 1706 2181 1734 certo
2221 1696 2318 1733 scire
2349 1707 2424 1734 non

1300 1769 1433 1808 posse,
1462 1769 1509 1792 an
1539 1753 1621 1791 Deo
1651 1765 1719 1804 pro
1747 1753 1824 1795 suis
1852 1751 2018 1803 peccatis
2046 1751 2214 1801 integre,
2245 1747 2280 1784 &
2310 1748 2424 1800 plene

1299 1808 1550 1855 satisfecerit,
1581 1806 1615 1842 &
1637 1808 1720 1844 ideo
1748 1805 1826 1844 dici
1848 1804 2066 1843 Ecclesiast.
2090 1803 2140 1841 V.
2173 1804 2215 1841 5:
2240 1801 2304 1840 De
2333 1815 2422 1852 pro-

1297 1866 1438 1913 pitiato
1465 1869 1630 1912 peccato
1659 1860 1739 1898 noli
1767 1872 1854 1897 esse
1883 1862 1971 1896 sIne
1998 1867 2136 1902 met1i,·
2184 1870 2263 1895 non
2298 1864 2426 1894 tamen

1298 1925 1497 1967 propterea
1527 1929 1606 1952 esse
1634 1913 1903 1952 conscientiam
1935 1910 2154 1963 scrupulis,
2192 1909 2228 1945 δε
2255 1911 2427 1948 anxieta-

1297 1969 1398 2007 tibus
1429 1968 1675 2021 torquendam
1694 1997 1705 2014 ,
1736 1967 1799 2005 sed
1828 1965 2072 2004 retinendum
2103 1977 2180 2001 esse
2211 1961 2324 2001 illum
2355 1978 2422 2014 pa-

1297 2036 1459 2070 vorem,
1507 2022 1540 2058 &
1570 2023 1746 2059 timorem
1765 2050 1775 2068 ,
1823 2033 1939 2072 quem
1969 2032 2087 2056 sacrae
2117 2017 2252 2055 lium-ze
2283 2017 2426 2068 saepius

1299 2076 1595 2123 commendant,
1643 2074 1678 2111 δε
1708 2073 1819 2112 Trid.
1849 2073 2027 2126 Synodus
2055 2071 2154 2110 Sess.
2176 2071 2246 2109 Vt.
2275 2085 2359 2122 cap.
2382 2084 2423 2122 9.

1297 2130 1491 2177 inculcat,
1539 2127 1656 2168 simul
1686 2136 1812 2167 tamen
1842 2127 2048 2165 uniendam
2079 2139 2183 2178 spem
2203 2155 2213 2172 ,
2257 2124 2291 2160 8(
2323 2124 2425 2161 fidu-

1296 2185 1398 2222 ciam
1430 2185 1468 2222 in
1500 2184 1631 2222 divina
1654 2181 1939 2228 misericordia,
1968 2193 2058 2232 quoe
2088 2178 2228 2216 sufficit
2257 2178 2303 2214 ad
2334 2191 2422 2215 con-

1295 2239 1490 2276 scientiam
1531 2236 1741 2288 pacandam
1761 2262 1773 2273 .
1816 2234 1907 2271 Vid.
1935 2234 2036 2271 dicta
2065 2231 2178 2269 Tom.
2202 2230 2269 2268 Vt.
2307 2229 2348 2267 P.
2370 2230 2420 2268 lt.

1742 2289 1855 2326 Addit
1886 2299 1978 2323 vero
2006 2284 2237 2336 Angelicus,
2268 2297 2348 2320 non
2379 2297 2420 2321 e-

1295 2348 1408 2396 xigi,
1457 2352 1495 2380 ut
1526 2351 1680 2393 propter
1710 2341 1811 2378 lianc
1842 2349 1990 2377 metum
2022 2338 2136 2376 'torno
2173 2337 2421 2389 satisfactio-

1296 2411 1390 2435 nem
1424 2397 1629 2446 expletam
1675 2399 1815 2442 iteret,
1863 2398 1895 2431 si
1925 2396 2215 2430 conscientiam
2262 2395 2420 2442 peccati

1295 2453 1478 2489 mortalis
1507 2463 1587 2487 non
1618 2448 1761 2486 lrabeat
1780 2464 1794 2493 ‚·
1822 2451 2003 2498 quamvis
2018 2451 2126 2484 enim
2147 2458 2313 2496 paenarn
2336 2459 2417 2482 no‘i

1293 2510 1424 2554 expiet
1454 2517 1522 2554 per
1552 2503 1774 2551 lutjusrnoli
1795 2501 2119 2553 satisfactionem
2151 2503 2165 2550 (
2199 2501 2338 2537 factam
2367 2500 2418 2536 si-

1291 2573 1341 2596 ne
1368 2560 1487 2610 gratia
1519 2556 1707 2595 habituali
1740 2559 1784 2604 ),
1833 2565 1972 2593 tamen
2002 2568 2081 2592 non
2124 2558 2299 2591 incurret
2327 2566 2420 2590 rea-

1290 2621 1374 2649 tum
1403 2615 1628 2649 omissionis
1657 2624 1710 2648 ea:
1740 2608 2021 2661 stiffi-<frictione
2050 2608 2261 2659 neglecta·

1345 2667 1504 2713 Quaeres
1532 2669 1660 2714 primo
1676 2694 1686 2713 ,
1717 2674 1848 2701 utrum
1869 2676 1969 2700 unus
1984 2666 2103 2723 ροξρἱτ
2119 2661 2285 2712 proalio
2300 2664 2420 2698 satis·
2472 2664 2478 2671 '

1279 2717 1469 2773 facere?

1347 2775 1440 2826 599.
1472 2772 1682 2825 Respondet
1711 2771 1750 2808 S.
1774 2770 1943 2808 Thomas
1973 2770 2011 2807 in
2043 2768 2245 2820 Suppletn.
2277 2776 2417 2820 qurcst.

1293 2828 1354 2867 15.
1385 2838 1453 2865 art.
1479 2841 1513 2865 2.
1534 2858 1544 2876 ,
1581 2825 1682 2876 clito!
1709 2839 1826 2875 pecua
1855 2822 2136 2875 satisfactoria
2164 2822 2221 2860 ad
2249 2820 2326 2859 duo
2355 2831 2416 2859 est:

1287 2881 1504 2928 ordinata,
1553 2880 1699 2917 scilicet
1728 2878 1783 2916 ad
1812 2880 2047 2916 solutionem
2078 2875 2220 2924 debiti,
2268 2877 2320 2917 (ν’
2360 2874 2418 2913 ad

1287 2935 1536 2973 medicinam
1577 2947 1646 2984 pro
1673 2943 1866 2983 peccato.
1914 2931 1961 2970 In
1990 2941 2186 2983 quantum
2231 2943 2326 2982 ergo
2355 2938 2415 2967 est

1286 2988 1342 3026 ad
1370 2988 1616 3027 medicinam
1645 2991 1845 3038 sequentis
1873 2990 2056 3037 peccati,
2099 2989 2157 3023 sic
2185 2989 2284 3022 satis
2307 2983 2415 3020 ‘actio

1285 3046 1399 3082 unius
1429 3057 1509 3080 non
1537 3041 1691 3091 protest
1721 3042 1870 3085 alceri,·
1905 3045 1999 3091 quia
2029 3053 2083 3078 ex
2106 3041 2264 3092 jeJ‘unio
2293 3040 2407 3072 unius

1287 3109 1386 3135 caro
1427 3098 1589 3135 alterius
1618 3109 1699 3133 nun
1727 3094 1942 3143 domatur,
1990 3107 2065 3132 nec
2107 3107 2160 3131 ex
2189 3090 2337 3130 ac5il>us
2368 3102 2411 3124 u-

1286 3153 1376 3188 nius
1404 3152 1507 3189 alius
1536 3150 1634 3188 bene
1662 3163 1787 3200 agere
1815 3152 2014 3187 consuevit
2031 3179 2043 3197 ,
2086 3151 2163 3185 nisi
2191 3142 2411 3182 secunlum.

1287 3204 1476 3243 accidens
1498 3235 1509 3253 ,
1539 3209 1779 3255 inquantum
1809 3204 1953 3254 aliquis
1983 3215 2054 3255 per
2080 3200 2184 3237 bona
2212 3210 2331 3247 opera
2346 3209 2412 3244 po-

1289 3266 1363 3296 test
1393 3260 1511 3298 alteri
1541 3262 1686 3297 mereri
1715 3267 1978 3309 augmentum
2009 3258 2181 3307 grance,
2211 3265 2300 3301 quse
2329 3245 2414 3296 effi-

1288 3317 1547 3351 cacissimum
1591 3311 1811 3351 remedium
1843 3321 1898 3349 est
1947 3308 2002 3347 acl
2030 3305 2233 3344 vitandum
2268 3315 2413 3352 pecca-

1290 3374 1404 3406 tum.
1449 3366 1530 3406 Sea
1569 3366 1640 3406 hoc
1670 3375 1728 3405 est
1774 3378 1844 3417 per
1872 3362 2232 3405 modmrmeriti,
2277 3359 2413 3408 magis

2233 3423 2360 3462 quarn
