2605 3624
246 139 325 186 140

178 223 219 253 nt
249 211 472 264 poenitentes
511 205 641 246 eadem
672 214 823 260 peccata
857 205 973 244 etiam
1011 207 1200 247 horrenda
1227 223 1296 247 sae-

175 269 263 319 pius
292 271 494 315 repetentes
513 274 666 299 omnem
684 260 951 299 verecundiam
982 272 1144 309 exuant,
1174 262 1207 298 8<
1226 263 1296 300 sub

177 332 242 370 spe
271 316 517 355 absolutionis
538 314 652 352 facile
680 315 895 352 obtinendae
926 315 964 351 in
990 316 1210 353 eorumdem
1239 317 1297 354 vi-

176 374 318 410 tiorum
349 382 462 408 coeno
491 377 674 421 perpetuo
701 369 943 406 volutentur.
988 370 1112 416 Hanc,
1141 369 1297 420 aliaque

176 424 293 476 liujus
322 424 469 475 generis
514 422 700 459 rethorica
743 423 865 474 potius
895 421 1136 473 eloquentia,
1179 436 1297 473 quam

175 478 296 516 solida
339 475 546 515 eruditione
576 474 778 524 Dallaeus,
822 476 856 512 &
885 478 998 513 ceteri
1028 476 1231 513 'Novatores
1259 489 1298 512 e-

176 540 378 584 xaggerant
395 557 405 569 .

233 586 325 625 501.
356 584 495 636 Resp.,
526 584 566 622 in
595 591 667 621 tota
699 582 770 620 hac
789 582 1002 634 objectione
1033 580 1153 618 inulta
1174 580 1296 627 falsa,

176 639 239 678 vel
273 639 479 676 admodum
508 645 731 688 exaggerata
760 637 951 682 inveniri,
994 633 1054 671 vel
1085 647 1172 684 quae
1203 634 1297 670 vitia

177 702 260 732 sunt
290 692 488 731 hominum
506 721 516 739 ,
555 705 628 727 non
657 699 783 726 autern
813 687 927 738 hujus
955 686 1199 723 saluberrimi
1228 686 1298 724 Sa-

175 749 359 785 crainenti
389 744 695 783 consecutiones.
726 740 773 778 Et
793 744 966 791 primum
994 740 1151 790 quidem
1174 738 1297 777 falsis-

177 802 322 839 simum
351 807 425 837 est:
455 810 578 848 neque
607 796 710 832 euim
732 793 803 831 sub
819 801 1009 845 praecepto
1030 794 1186 843 integra:
1207 806 1296 830 con-

176 854 346 892 fessionis
375 852 614 896 continetur,
660 855 697 883 ut
728 849 916 897 poenitens
945 846 1080 883 debeat
1110 861 1154 883 ea
1184 847 1299 884 etiam

176 915 331 959 peccata
374 903 572 949 confiteri,
616 914 702 952 quae
734 899 929 952 inculpata
973 900 1184 951 ignorantia
1225 914 1300 938 non

177 957 366 1009 cognoscit
388 987 398 1005 ,
430 955 488 993 vel
507 955 703 993 memoriae
734 953 950 991 nullatenus
978 962 1210 999 occurrunt3
1240 954 1302 992 sed

177 1006 301 1051 solum
332 1011 568 1062 requiritur,
599 1017 637 1045 ut
668 1008 705 1044 in
727 1021 765 1045 re
795 1009 888 1045 tanti
920 1007 1101 1044 momenti
1131 1020 1302 1046 necessa-

176 1066 235 1104 ria
264 1062 704 1115 diligentiaadhibeatur
721 1088 731 1098 .
760 1060 860 1099 Sane
876 1060 986 1098 Trid.
1008 1060 1188 1112 Synodus
1203 1061 1301 1100 Sess.

183 1117 295 1157 XIV.
324 1132 410 1169 cap.
434 1119 470 1155 5.
502 1125 704 1169 postquam
737 1129 779 1152 ea
809 1124 1093 1162 enumerasset,
1136 1129 1223 1167 quae
1253 1110 1302 1152 ad

179 1172 424 1210 confessionis
453 1172 704 1222 integritatem
736 1170 951 1221 pertinent,
980 1167 1196 1206 concludit:
1224 1168 1303 1206 Sed

180 1226 231 1266 ὅ)
261 1228 424 1275 impium
455 1234 535 1273 est,
569 1220 892 1275 Conj'essionem,
922 1234 1011 1271 quae
1040 1221 1116 1260 liac
1144 1226 1303 1261 ratione

166 1279 279 1333 fieri*
298 1282 550 1329 praecipitur,
595 1275 874 1327 impossibilem
911 1275 1069 1322 (licere,
1112 1285 1183 1313 aut
1212 1289 1303 1314 car-

179 1333 391 1385 nificinam
422 1333 536 1370 illam
566 1333 903 1369 conscientiarum
932 1329 1161 1381 appellare.
1202 1329 1302 1368 Con-

178 1396 259 1424 stat
289 1390 397 1424 enim
415 1416 424 1434 ,
469 1385 564 1423 nilzil
593 1383 702 1422 aliud
742 1388 783 1421 in
812 1383 1001 1420 Ecclesia
1029 1396 1056 1420 a
1083 1387 1304 1433 poenitenti-

181 1439 250 1476 bus
279 1443 408 1491 exigi,
438 1452 560 1490 quam
583 1447 623 1475 ut
652 1446 863 1488 postquam
892 1440 1052 1488 <suisque
1082 1436 1305 1489 diligentius

178 1507 222 1531 se
250 1497 469 1530 excusserit
486 1523 496 1540 ‚
526 1493 575 1533 (ἓ)
598 1495 855 1529 conscientiae
883 1503 968 1527 suce
997 1494 1106 1527 sinus
1134 1504 1275 1529 omnes
1292 1522 1302 1540 ,

177 1548 229 1587 Εἰ]
249 1545 425 1584 latebras
449 1546 712 1598 exploraverit
729 1574 740 1592 ,
770 1557 820 1582 ea
840 1552 1008 1594 peccata
1038 1543 1302 1596 confiteatur,

181 1600 318 1652 quibus
346 1613 388 1638 se
417 1599 663 1647 Dominum,
691 1599 740 1639 ὦ)
771 1598 904 1636 Deum
933 1610 1048 1635 suum
1079 1599 1301 1637 mortaliter

177 1653 393 1703 offendisse
435 1657 691 1693 meminerit:
740 1652 894 1703 reliqua
922 1660 1061 1688 autem
1102 1662 1302 1703 peccata,

177 1721 268 1759 ‹71²oe
297 1708 506 1760 diligenter
533 1709 727 1760 cogitanti
756 1719 837 1744 noa
866 1714 1077 1742 occurrunt
1099 1736 1110 1754 ‚
1148 1710 1188 1743 iri
1218 1711 1304 1744 uni-

180 1775 336 1800 versum
365 1761 508 1800 eadem
539 1759 790 1813 confessione
833 1759 989 1796 inclusa
1032 1772 1118 1797 esse
1161 1761 1304 1798 intelli-

180 1825 354 1866 guntur,
399 1829 469 1866 pro
498 1814 631 1867 quibus
650 1814 829 1867 fideliter
858 1826 950 1849 cum
981 1811 1181 1865 Propheta
1210 1814 1305 1853 eiici-

180 1883 302 1913 mus,·
333 1869 393 1908 Ab
422 1870 581 1908 occultis
609 1870 705 1908 meis
735 1867 880 1906 munda
909 1880 997 1914 me,
1028 1867 1223 1906 Domine.

236 1923 329 1960 502.
358 1923 470 1969 Quod
500 1925 532 1960 si
573 1922 696 1973 aliqui
725 1921 961 1959 occasionem
1003 1921 1091 1958 inde
1128 1932 1303 1971 sumant,

179 1991 220 2014 se
249 1976 466 2027 scrupulis,
496 1976 528 2012 ἃ
558 1975 814 2012 anxietatibus
842 1974 1070 2025 torquendi,
1102 1974 1140 2011 id
1170 1988 1304 2013 eorum

181 2039 510 2081 temperamenm,
555 2028 588 2065 8<
627 2026 744 2066 indoli
785 2026 1016 2079 plerumque
1059 2027 1304 2066 tribuendum

182 2091 260 2130 est,
298 2095 373 2121 uon
403 2096 493 2121 vero
521 2082 758 2121 Sacrameuti
799 2089 977 2126 naturae3
1019 2082 1121 2131 quod
1158 2082 1305 2120 duobus

185 2137 417 2186 argumentis
446 2136 560 2174 facile
589 2136 803 2176 evincitur:
844 2137 972 2184 primo
1001 2133 1165 2172 aliorum
1197 2135 1306 2187 longe

184 2189 359 2242 plurium
404 2189 601 2242 exemplo,
639 2189 707 2241 qui
757 2189 976 2239 frequenter
1006 2188 1051 2225 ad
1081 2187 1308 2227 Sacramen-

183 2243 300 2281 t‘tlem
329 2244 605 2282 confessionem
635 2241 841 2289 accedunt,
871 2241 965 2292 quin
989 2240 1078 2278 ullis
1094 2241 1307 2293 scrupulis,

186 2298 220 2333 St
250 2298 504 2335 anxietatibus
533 2297 829 2336 excrucientur:
871 2293 1044 2331 secundo
1074 2309 1119 2332 ex
1148 2295 1307 2333 illorum

184 2350 390 2402 exemplo,
433 2352 502 2403 qui
531 2352 646 2389 etiam
676 2349 779 2401 apud
807 2347 1080 2396 Protestantes,
1123 2349 1191 2387 ubi
1222 2349 1308 2387 nul-

184 2405 268 2442 lum
299 2408 513 2456 agnoscitur
542 2406 727 2443 distinctae
765 2401 1007 2439 confessionis
1037 2412 1272 2454 praeceptum
1297 2434 1309 2451 ,

185 2457 405 2507 hujusmodi
436 2458 708 2511 scrupulorum
738 2464 922 2493 tormento
941 2456 1096 2494 obnoxii
1124 2466 1228 2494 sunt.
1260 2457 1309 2495 Et

185 2526 274 2550 saue
303 2526 370 2549 cur
399 2514 459 2550 isti
492 2513 650 2565 pavidi,
681 2509 944 2548 &meticulosi
974 2509 1101 2548 dubiis
1129 2513 1215 2561 angi
1236 2524 1310 2549 non

187 2575 392 2618 poterunt,
421 2580 469 2603 an
490 2580 685 2605 summum
716 2577 873 2603 suarum
904 2561 1109 2615 culparum
1138 2564 1311 2602 dolorem

189 2618 463 2669 conceperint?
502 2623 561 2659 An
589 2633 678 2658 vere
707 2620 753 2656 ad
783 2618 910 2656 Deum
940 2619 1110 2655 conversi
1141 2617 1313 2657 suerint?

189 2675 250 2711 An
281 2672 413 2711 efficax
444 2687 516 2711 non
545 2673 729 2725 peccandi
760 2672 799 2710 iu
830 2679 1019 2723 posterum
1041 2670 1206 2710 habeant
1228 2685 1313 2723 pro-

191 2726 393 2776 positum?
424 2726 494 2765 ἃς.
525 2726 595 2766 διο.
627 2727 767 2778 Reipsa
794 2726 843 2763 ad
872 2724 1053 2763 tollendos
1081 2725 1279 2777 scrupulos
1300 2754 1312 2772 ,

191 2779 472 2832 &dandamque
493 2781 763 2819 conscientiam
793 2780 833 2816 in
864 2778 1058 2831 plerisque
1077 2787 1154 2816 tam
1173 2777 1313 2816 Luthe-

192 2844 371 2869 ranorum
390 2863 400 2880 ,
429 2849 546 2885 quam
574 2834 879 2873 Calvinistarum
910 2835 1016 2870 sectis
1044 2830 1144 2870 nibil
1174 2843 1313 2882 oppor-

193 2885 326 2921 tunius
355 2887 554 2925 inventum
584 2888 656 2926 fuit
673 2918 685 2937 ,
713 2902 831 2940 quam
852 2886 1083 2925 auricularis
1110 2885 1314 2924 consessio,

197 2938 405 2988 perperam
435 2940 552 2989 igitur
582 2940 653 2979 &c-

255 2991 350 3029 505.
381 2991 439 3028 Ad
468 2993 685 3031 secundum
714 3008 836 3046 resp.,
867 3008 938 3043 ea,
967 3006 1056 3046 quae
1084 3005 1317 3031 commemo-

197 3054 282 3084 rata
310 3053 423 3092 sunt,
465 3044 617 3096 aliaque
648 3048 789 3085 similia
807 3078 817 3096 ,
861 3060 1065 3100 perperam
1103 3045 1222 3084 tribui
1251 3046 1319 3083 Sa-

202 3097 431 3137 cramentali
462 3099 710 3147 confessioni,
740 3115 853 3151 aqua
882 3114 957 3138 non
978 3101 1200 3146 dimanant,
1230 3113 1319 3137 cum

207 3166 284 3190 non
313 3153 386 3189 sint
416 3151 486 3189 nisi
518 3151 719 3190 hominum
742 3154 858 3200 vitia,
887 3154 1082 3205 quirebus
1111 3154 1224 3190 etiam
1243 3167 1327 3190 san-

206 3207 384 3244 ctissimis
421 3206 528 3242 abuti
571 3207 801 3256 quandoque
830 3206 946 3243 solent
964 3232 974 3243 .
1020 3206 1222 3243 Prudentes
1245 3236 1255 3254 ,
1284 3221 1328 3245 ac

207 3261 264 3312 pii
292 3259 520 3296 confessarii
561 3258 688 3309 legum
720 3258 896 3296 civilium
927 3271 998 3295 non
1030 3261 1183 3305 minus,
1213 3274 1329 3312 quam

206 3311 555 3350 ecclesiasticarum
586 3312 864 3350 observantiam
885 3312 961 3348 suis
983 3313 1254 3363 poenitentibus
1274 3315 1329 3352 in-

208 3366 431 3416 calcabunt,
449 3379 635 3406 memores
651 3365 757 3406 iliius
773 3365 953 3405 doetrinae
971 3365 1197 3417 Apostolicae
1209 3366 1328 3408 Hebr-

989 126 1257 172 DISSERT.
1281 129 1358 173 VI.
1392 129 1520 173 CAP.
1550 131 1671 174 VIII.

1364 209 1468 248 Vlll.
1495 225 1554 262 17.
1588 210 1751 250 Obedite
1770 213 1989 263 praepositis
2016 214 2151 251 restris
2168 243 2178 262 ,
2206 212 2257 254 (Ψ
2276 212 2479 266 subjacete

1364 267 1444 307 eis;
1472 265 1504 300 8<
1524 265 1571 302 ad
1588 263 1720 302 Titum
1738 266 1803 303 111.
1825 279 1857 303 1.
1888 266 2068 305 Admone
2090 269 2195 314 illos,
2224 267 2480 319 principibus,

1363 318 1412 358 Θ
1423 317 1677 367 potestatibus
1693 317 1861 356 subditos
1875 333 1976 368 esse,
1992 321 2096 358 (licto
2116 320 2270 359 obedire
2281 321 2350 360 διε.
2368 321 2481 369 Quod.

1364 372 1395 407 si
1416 370 1537 421 aliqui
1568 372 1625 407 sui
1655 370 1773 408 officii
1805 375 2109 421 praevaricatores
2130 376 2353 423 extiterunt,
2383 374 2479 426 juste

1365 423 1611 473 reprehensi,
1642 421 1675 458 ἃ
1707 424 1829 474 puniti
1859 434 1964 462 sunt.
1994 427 2137 466 Eadem
2168 430 2309 466 ratione
2340 430 2482 479 impro-

1366 475 1445 512 bati
1464 505 1474 522 ,
1505 490 1548 512 ac
1578 477 1700 526 puniti
1717 476 1823 513 fuere
1851 476 1909 514 illi
1928 479 2033 517 verbi
2055 481 2126 518 Dei
2144 496 2360 532 praecones,
2391 483 2484 534 qui,

1369 528 1499 565 eodem
1517 527 1678 565 Thuano
1708 530 1915 577 referente,
1943 541 2067 568 sancto
2096 535 2374 586 evangelizandi
2397 549 2482 573 inu-

1367 595 1456 618 uere
1486 582 1646 631 turpiter
1675 582 1929 620 abutebantur
1947 612 1958 629 ,
1990 592 2026 620 ut
2048 586 2207 636 populos
2235 597 2362 626 contra
2390 588 2484 639 legi-

1365 635 1478 672 timas
1521 643 1715 686 potestates
1751 636 1798 673 ad
1842 635 2090 674 rebellionem
2132 641 2361 678 excitarent.
2405 642 2485 679 Nec

1366 696 1566 738 propterea
1594 687 1800 727 Novatores
1826 689 1873 726 ad
1917 690 2197 727 sanctissimum
2234 695 2485 734 concionandi

1366 754 1506 778 munus
1535 741 1585 779 ab
1615 741 1788 780 Ecclesia
1829 741 2040 780 tollendum
2072 741 2131 780 his
2172 743 2354 782 abusibus
2382 760 2483 786 com-

1370 804 1596 832 moventur.
1625 795 1802 834 Ceterum
1831 803 1978 833 tantum
2008 796 2139 844 abest,
2170 796 2486 836 utSacramenta-

1368 847 1417 885 lis
1433 849 1615 887 confessio
1644 863 1772 887 ansam
1795 849 2032 901 parricidiis,
2064 849 2329 896 seditionibus,
2359 851 2487 888 incen-

1368 901 1441 940 diis
1470 904 1664 954 praebeat,
1695 912 1734 941 ut
1749 904 1871 955 potius
1901 902 2014 952 haec,
2045 903 2078 939 ἃ
2098 902 2175 941 alia
2205 902 2392 941 horrenda
2416 904 2492 940 cri-

1370 957 1475 993 mina
1505 957 1711 1006 impediat:
1741 958 1807 1008 qui
1829 958 1933 994 enim
1949 957 2219 1009 improbitate,
2249 957 2283 993 8<
2314 956 2488 1007 perditis-

1371 1010 1468 1047 sima
1499 1010 1647 1047 malitia
1677 1010 1722 1047 ad
1754 1010 1838 1048 liaec
1881 1011 2066 1048 immania
2095 1009 2237 1048 scelera
2279 1010 2493 1058 ducuntur,

1370 1063 1417 1100 de
1446 1064 1677 1101 confessione
1707 1078 1752 1101 ne
1781 1064 1945 1115 cogitant
1973 1065 2158 1116 quidem.
2195 1064 2235 1101 Si
2266 1064 2333 1115 qui
2363 1072 2490 1102 autem

1371 1130 1527 1154 erronea
1555 1117 1781 1155 conscientia
1800 1147 1809 1165 ,
1839 1127 1904 1155 aut
1933 1118 2132 1156 fanatismo
2162 1117 2319 1169 impulsi
2339 1117 2492 1154 Confes-

1371 1171 1471 1208 sario
1500 1171 1538 1208 id
1567 1171 1761 1222 detegant,
1792 1180 1938 1208 certum
1970 1180 2047 1219 est,
2078 1185 2138 1208 eos
2163 1170 2391 1210 salutaribus
2412 1183 2493 1208 mo·-

1372 1225 1464 1262 nitis
1494 1226 1719 1272 instructos,
1767 1224 1814 1262 ad
1844 1223 2042 1262 meliorem
2080 1226 2230 1276 frugem
2274 1224 2493 1262 redituros.

1370 1277 1526 1316 Certum
1556 1287 1607 1317 est
1635 1291 1788 1330 quoque
1817 1275 1991 1316 criminis
2020 1280 2185 1316 conscios
2213 1290 2298 1316 nonv
2319 1291 2394 1314 esse
2424 1276 2493 1315 ab·

1371 1332 1565 1370 solvendos
1586 1362 1597 1380 ‚
1639 1333 1714 1370 nisi
1743 1333 1905 1384 impiam
1942 1330 2245 1384 conjurationem
2290 1331 2493 1381 detegant,

1371 1385 1543 1438 adeoque
1572 1385 1643 1424 &m

1427 1438 1520 1485 504.
1552 1439 1810 1488 Adtertium,
1839 1439 1871 1477 si
1900 1453 2036 1478 verum
2065 1439 2275 1477 adversarii-
2303 1437 2415 1475 fateri
2430 1450 2496 1476 ve·-

1372 1492 1468 1541 lint,
1498 1495 1702 1532 consentire
1722 1493 1945 1540 debebunt,
1976 1495 2072 1531 inter
2099 1501 2177 1530 tam
2208 1490 2346 1530 multos
2361 1490 2495 1528 Eccle-

1372 1548 1439 1584 siae
1470 1546 1543 1584 Dei
1574 1548 1764 1585 ministros
1792 1548 1943 1584 nonnisi
1986 1547 2236 1598 paucissimos
2277 1558 2381 1592 esse,
2427 1544 2498 1596 qui

1372 1599 1434 1638 vel
1465 1613 1509 1636 ex
1539 1601 1679 1638 auditis
1706 1600 1895 1639 obscoenis
1923 1599 2242 1647 confessionibus,
2272 1596 2333 1637 vel
2363 1610 2410 1634 ex
2442 1598 2497 1634 le-

1370 1655 1492 1692 ctione
1507 1653 1767 1691 Casuistarum
1796 1668 1834 1691 se
1862 1654 2061 1705 corrumpi
2092 1654 2191 1704 passi
2219 1653 2320 1690 sint.
2351 1649 2496 1703 implo-

1371 1717 1453 1745 rata
1482 1706 1558 1745 Dei
1586 1708 1734 1759 gratia,
1776 1720 1893 1759 quam
1925 1708 2014 1757 pie,
2057 1706 2091 1742 8<
2120 1706 2264 1743 sincere
2300 1703 2497 1742 orantibus

1371 1760 1477 1798 Deus
1505 1774 1580 1798 non
1611 1761 1793 1812 denegat,
1831 1768 1987 1812 possunt
2016 1759 2057 1797 lii
2085 1758 2232 1810 scopuli
2261 1758 2424 1804 evitari,
2454 1770 2499 1795 ac

1372 1817 1497 1866 reipsa
1526 1829 1549 1852 a
1577 1816 1748 1853 maxima
1775 1814 2099 1851 Confessariorum
2144 1821 2250 1863 parte
2280 1812 2497 1855 evitantur;

1373 1869 1406 1904 ἃ
1431 1869 1609 1920 iniquum
1631 1878 1680 1906 est
1698 1899 1708 1916 ,
1730 1867 1964 1906 miserandos
1979 1866 2199 1919 aliquorum
2217 1865 2372 1917 lapsus,
2402 1876 2498 1916 quos

1373 1922 1536 1960 charitas·
1550 1922 1701 1959 deberet
1716 1923 1892 1973 operire,
1924 1921 2052 1973 qalam
2084 1921 2255 1972 proferre
2277 1949 2288 1967 ,
2318 1926 2430 1969 atque
2453 1916 2502 1955 ad

1372 1976 1560 2013 invidiam
1591 1975 1838 2013 conflandam
1866 1987 2123 2026 exaggerare.
2413 2022 2421 2027 ¹

1429 2029 1520 2065 505.
1552 2027 1788 2066 Postremum
1820 2027 2059 2065 levissimum
2091 2035 2164 2064 est:
2194 2025 2383 2078 quienim·
2411 2035 2498 2074 Jux-

1373 2091 1410 2120 ta
1426 2082 1588 2132 Spiritus
1617 2082 1735 2119 sancti
1766 2081 1908 2118 monita
1937 2081 1982 2117 de
2004 2080 2217 2132 propitiatis
2246 2078 2409 2130 peccatis
2427 2075 2500 2114 sol-

1375 2135 1472 2173 liciti
1503 2148 1653 2186 semper
1681 2142 1790 2183 sunt,
1834 2146 2045 2185 eorumque
2087 2133 2239 2172 veniam
2269 2147 2291 2170 a
2320 2131 2395 2170 Dei
2425 2130 2500 2168 mi·-

1375 2188 1581 2226 sericordia
1618 2187 1758 2238 jugiter
1802 2186 1991 2236 postulare
2027 2199 2107 2224 non
2134 2194 2308 2234 cessant,
2351 2183 2501 2234 majora

1375 2255 1525 2293 semper
1554 2243 1687 2292 gratiae
1717 2240 1863 2278 auxilia
1892 2255 1914 2277 a
1938 2239 2024 2277 Deo*
2049 2240 2279 2291 impetrant,
2308 2236 2501 2289 quibus&

1377 2290 1657 2348 praeteritorum
1688 2294 1898 2331 criminum
1929 2291 2101 2330 maculas
2129 2292 2311 2340 deleant,
2341 2290 2375 2326 δε
2395 2305 2417 2327 a
2437 2302 2503 2326 no-

1378 2351 1436 2388 vis
1464 2349 1612 2385 cautius
1641 2348 1882 2393 abstineant3
1914 2347 2010 2384 unde
2032 2345 2064 2382 8<
2081 2345 2270 2398 Propheta
2298 2345 2423 2394 regius
2443 2342 2502 2380 di-

1377 2403 1510 2441 cebatt
1541 2401 1757 2440 Peccatum
1789 2414 1925 2438 meum
1955 2408 2098 2436 contra
2128 2412 2193 2438 me
2222 2407 2280 2436 est
2311 2408 2468 2448 semper
2488 2424 2500 2443 ,

1377 2457 1411 2493 8<
1442 2454 1623 2494 Ezechias
1651 2455 1755 2507 apud
1785 2455 1921 2491 isaiam
1938 2452 2166 2491 XXXVHI.
2200 2453 2262 2488 15.
2290 2450 2502 2501 Recogita-

1378 2509 1423 2548 bo
1451 2509 1515 2546 tibi
1544 2521 1683 2546 omnes
1720 2520 1851 2544 annos
1889 2519 1997 2543 meos
2025 2509 2068 2542 ιή
2109 2503 2383 2542 amaritudine
2412 2505 2503 2540 ani-

1380 2577 1462 2602 mae
1492 2575 1616 2600 meae.
1648 2562 1801 2598 incaute
1821 2559 1977 2597 demum
1994 2558 2200 2596 adversarii
2216 2557 2384 2604 addunt,
2415 2569 2503 2594 con-

1381 2618 1583 2655 fessionem
1612 2612 1938 2652 Sacramentalem
1981 2611 2155 2664 praebere
2185 2625 2316 2649 ansam
2347 2622 2507 2662 peccan-

1380 2671 1420 2709 di
1450 2670 1520 2707 sub
1550 2683 1614 2720 spe
1643 2668 1766 2707 veniae
1808 2666 2028 2705 obtinendae
2048 2692 2058 2703 .
2101 2664 2271 2703 Incaute
2312 2665 2472 2715 inquam
2493 2691 2505 2709 ,

1383 2724 1547 2762 minime
1577 2722 1836 2768 advertentes,
1877 2719 1947 2758 hoc
1977 2728 2226 2772 argumento,
2256 2718 2287 2756 si
2315 2717 2408 2769 quid
2438 2729 2505 2755 va-

1384 2777 1462 2822 let,
1505 2775 1586 2813 tolli
1618 2777 1730 2814 etiam
1760 2774 2024 2827 poenitentiam
2062 2774 2277 2820 internam,
2319 2784 2409 2822 quae
2438 2781 2507 2821 per

1383 2830 1484 2882 ipsos
1513 2829 1652 2868 sufficit
1680 2829 1728 2867 ad
1757 2829 2019 2866 remissionem
2058 2835 2301 2879 peccatorum
2319 2851 2330 2863 .
2374 2823 2421 2861 Et
2451 2820 2511 2859 ul-

1385 2885 1502 2922 terius
1522 2892 1673 2936 stupore
1693 2883 1852 2934 dignum
1883 2891 1935 2919 est
1952 2912 1962 2930 ,
1993 2894 2070 2919 non
2088 2881 2225 2918 vidisse
2246 2878 2512 2928 acutissimum

1385 2937 1585 2977 Dallaeum
1602 2967 1613 2985 ,
1643 2936 1791 2975 sublata
1820 2944 1973 2973 externa
2001 2934 2234 2973 confessione
2251 2963 2262 2982 ,
2299 2931 2445 2970 auferri
2473 2942 2512 2987 e-

1387 2993 1482 3029 tiam
1520 2991 1714 3043 quoddam
1743 2991 1912 3028 fraenum
1935 3018 1946 3037 ,
1992 3001 2069 3040 quo
2097 2987 2268 3026 homines
2297 3001 2319 3023 a
2352 2989 2511 3035 peccam

1388 3044 1562 3083 cohiberi
1591 3044 1734 3092 solent,
1764 3057 1810 3081 ne
1839 3041 1986 3081 scilicet
2016 3050 2199 3093 cogantur
2228 3053 2304 3078 non
2333 3039 2410 3076 sine
2438 3045 2509 3092 pt}-

1389 3100 1479 3137 dore
1509 3113 1616 3137 suam
1647 3098 1961 3144 inconstantiam,
1991 3095 2282 3141 infirmitatem,
2311 3098 2376 3128 aut
2396 3084 2511 3145 mali-

1396 3154 1488 3191 tiam
1505 3152 1743 3190 confessario
1773 3149 1941 3188 revelare
1958 3179 1970 3197 ,
1998 3162 2111 3201 seque
2140 3145 2356 3186 durioribus
2384 3152 2511 3199 poeni-

1397 3208 1521 3244 tentiae
1553 3205 1749 3243 laboribus
1791 3203 2004 3255 subjicere3
2047 3215 2135 3253 quae
2165 3200 2322 3255 motiva·
2346 3201 2412 3229 ets!
2443 3204 2514 3229 ¹101]

1398 3260 1616 3307 sufficiant,
1646 3258 1833 3310 adjuvant
1863 3267 2017 3303 tamen,
2046 3256 2079 3291 &
2110 3253 2282 3292 roborant
2311 3246 2513 3307 infit-mog,

1398 3314 1431 3350 ἃ
1461 3312 1606 3351 debiles
1649 3313 1901 3364 prenitentes,
1949 3324 1996 3347 ne
2028 3307 2198 3348 licentius
2241 3306 2423 3352 peccent·
2466 3298 2516 3336 ht

1398 3381 1487 3407 sane
1516 3367 1588 3420 ipsi
1617 3366 1822 3408 novatores
1852 3362 2019 3407 volentes
2046 3359 2207 3400 nolentes
2235 3355 2345 3394 fateri
2374 3352 2515 3444 sagpius

2428 3419 2466 3444 e-
