<?xml version="1.0" encoding="UTF-8"?>
<!DOCTYPE html PUBLIC "-//W3C//DTD XHTML 1.0 Transitional//EN"
    "http://www.w3.org/TR/xhtml1/DTD/xhtml1-transitional.dtd">
<html xmlns="http://www.w3.org/1999/xhtml" xml:lang="en" lang="en">
 <head>
  <title>
</title>
<meta http-equiv="Content-Type" content="text/html;charset=utf-8" />
  <meta name='ocr-system' content='tesseract 3.04.00' />
  <meta name='ocr-capabilities' content='ocr_page ocr_carea ocr_par ocr_line ocrx_word'/>
</head>
<body>
  <div class='ocr_page' id='page_1' title='image "./fratrispetrimari08gazzuoft/fratrispetrimari08gazzuoft_0088.png"; bbox 0 0 2605 3624; ppageno 0'>
   <div class='ocr_carea' id='block_1_1' title="bbox 162 90 1303 3180">
    <p class='ocr_par' dir='ltr' id='par_1_1' title="bbox 167 90 1292 613">
     <span class='ocr_line' id='line_1_1' title="bbox 239 90 290 130; baseline 0 -13"><span class='ocrx_word' id='word_1_1' title='bbox 239 90 290 130; x_wconf 73' lang='lat'>72</span> 
     </span>
     <span class='ocr_line' id='line_1_2' title="bbox 176 143 1287 200; baseline -0.007 -11"><span class='ocrx_word' id='word_1_2' title='bbox 176 164 263 191; x_wconf 80' lang='lat' dir='ltr'>rum</span> <span class='ocrx_word' id='word_1_3' title='bbox 285 183 295 200; x_wconf 80' lang='lat'>,</span> <span class='ocrx_word' id='word_1_4' title='bbox 335 163 376 187; x_wconf 88' lang='lat' dir='ltr'>ac</span> <span class='ocrx_word' id='word_1_5' title='bbox 407 149 648 199; x_wconf 62' lang='lat' dir='ltr'>legitimum,</span> <span class='ocrx_word' id='word_1_6' title='bbox 692 151 731 181; x_wconf 84' lang='lat' dir='ltr'>ut</span> <span class='ocrx_word' id='word_1_7' title='bbox 760 143 914 196; x_wconf 83' lang='lat' dir='ltr'>proinde</span> <span class='ocrx_word' id='word_1_8' title='bbox 943 152 1063 196; x_wconf 87' lang='lat' dir='ltr'>posset</span> <span class='ocrx_word' id='word_1_9' title='bbox 1095 143 1287 182; x_wconf 87' lang='lat' dir='ltr'>characte-</span> 
     </span>
     <span class='ocr_line' id='line_1_3' title="bbox 174 197 1286 254; baseline -0.007 -11"><span class='ocrx_word' id='word_1_10' title='bbox 174 218 255 242; x_wconf 81' lang='lat' dir='ltr'>rem</span> <span class='ocrx_word' id='word_1_11' title='bbox 285 203 531 254; x_wconf 81' lang='lat' dir='ltr'>imprimere.</span> <span class='ocrx_word' id='word_1_12' title='bbox 565 199 643 236; x_wconf 86' lang='lat' dir='ltr'>Hoc</span> <span class='ocrx_word' id='word_1_13' title='bbox 673 197 787 235; x_wconf 84' lang='lat' dir='ltr'>semel</span> <span class='ocrx_word' id='word_1_14' title='bbox 817 199 1032 245; x_wconf 84' lang='lat' dir='ltr'>constituto,</span> <span class='ocrx_word' id='word_1_15' title='bbox 1063 211 1286 249; x_wconf 81' lang='lat' dir='ltr'>supervaca-</span> 
     </span>
     <span class='ocr_line' id='line_1_4' title="bbox 169 250 1287 306; baseline -0.005 -12"><span class='ocrx_word' id='word_1_16' title='bbox 169 270 241 294; x_wconf 81' lang='lat' dir='ltr'>nee</span> <span class='ocrx_word' id='word_1_17' title='bbox 269 256 479 306; x_wconf 78' lang='lat' dir='ltr'>quaeritur,</span> <span class='ocrx_word' id='word_1_18' title='bbox 510 253 698 290; x_wconf 84' lang='lat' dir='ltr'>undenam</span> <span class='ocrx_word' id='word_1_19' title='bbox 728 250 924 289; x_wconf 75' lang='lat' dir='ltr'>character</span> <span class='ocrx_word' id='word_1_20' title='bbox 954 252 1168 302; x_wconf 80' lang='lat' dir='ltr'>proveniat,</span> <span class='ocrx_word' id='word_1_21' title='bbox 1198 265 1244 288; x_wconf 82' lang='lat' dir='ltr'>an</span> <span class='ocrx_word' id='word_1_22' title='bbox 1266 266 1287 288; x_wconf 87' lang='lat' dir='ltr'>a</span> 
     </span>
     <span class='ocr_line' id='line_1_5' title="bbox 168 302 1288 356; baseline -0.004 -10"><span class='ocrx_word' id='word_1_23' title='bbox 168 313 355 356; x_wconf 80' lang='lat' dir='ltr'>materia,</span> <span class='ocrx_word' id='word_1_24' title='bbox 399 322 446 345; x_wconf 84' lang='lat' dir='ltr'>an</span> <span class='ocrx_word' id='word_1_25' title='bbox 477 321 499 344; x_wconf 90' lang='lat' dir='ltr'>a</span> <span class='ocrx_word' id='word_1_26' title='bbox 528 307 673 353; x_wconf 82' lang='lat' dir='ltr'>forma,</span> <span class='ocrx_word' id='word_1_27' title='bbox 722 320 769 342; x_wconf 89' lang='lat' dir='ltr'>an</span> <span class='ocrx_word' id='word_1_28' title='bbox 800 320 821 341; x_wconf 89' lang='lat' dir='ltr'>a</span> <span class='ocrx_word' id='word_1_29' title='bbox 849 305 981 356; x_wconf 76' lang='lat' dir='ltr'>signO,</span> <span class='ocrx_word' id='word_1_30' title='bbox 1011 319 1060 342; x_wconf 88' lang='lat' dir='ltr'>an</span> <span class='ocrx_word' id='word_1_31' title='bbox 1088 319 1110 341; x_wconf 87' lang='lat' dir='ltr'>a</span> <span class='ocrx_word' id='word_1_32' title='bbox 1140 302 1288 356; x_wconf 74' lang='lat' dir='ltr'>gratia?</span> 
     </span>
     <span class='ocr_line' id='line_1_6' title="bbox 169 356 1289 413; baseline -0.005 -13"><span class='ocrx_word' id='word_1_33' title='bbox 169 361 269 400; x_wconf 79' lang='lat' dir='ltr'>Dico</span> <span class='ocrx_word' id='word_1_34' title='bbox 298 363 496 413; x_wconf 89' lang='lat' dir='ltr'>provenire</span> <span class='ocrx_word' id='word_1_35' title='bbox 527 372 572 396; x_wconf 83' lang='lat' dir='ltr'>ex</span> <span class='ocrx_word' id='word_1_36' title='bbox 600 360 733 397; x_wconf 83' lang='lat' dir='ltr'>divina</span> <span class='ocrx_word' id='word_1_37' title='bbox 770 358 999 396; x_wconf 86' lang='lat' dir='ltr'>institutione</span> <span class='ocrx_word' id='word_1_38' title='bbox 1018 388 1027 405; x_wconf 88' lang='lat'><strong>‚</strong></span> <span class='ocrx_word' id='word_1_39' title='bbox 1071 356 1104 392; x_wconf 75' lang='lat'>8&lt;</span> <span class='ocrx_word' id='word_1_40' title='bbox 1141 366 1289 410; x_wconf 86' lang='lat' dir='ltr'>recepto</span> 
     </span>
     <span class='ocr_line' id='line_1_7' title="bbox 167 410 1292 462; baseline -0.004 -10"><span class='ocrx_word' id='word_1_41' title='bbox 167 415 414 453; x_wconf 83' lang='lat' dir='ltr'>Sacramento</span> <span class='ocrx_word' id='word_1_42' title='bbox 441 414 566 451; x_wconf 86' lang='lat' dir='ltr'>statim</span> <span class='ocrx_word' id='word_1_43' title='bbox 596 411 799 450; x_wconf 80' lang='lat' dir='ltr'>indelebile</span> <span class='ocrx_word' id='word_1_44' title='bbox 827 410 1064 462; x_wconf 78' lang='lat' dir='ltr'>signaculum</span> <span class='ocrx_word' id='word_1_45' title='bbox 1097 412 1132 448; x_wconf 91' lang='lat' dir='ltr'>in</span> <span class='ocrx_word' id='word_1_46' title='bbox 1162 412 1292 448; x_wconf 87' lang='lat' dir='ltr'>anima</span> 
     </span>
     <span class='ocr_line' id='line_1_8' title="bbox 169 464 1291 518; baseline -0.004 -13"><span class='ocrx_word' id='word_1_47' title='bbox 169 469 375 518; x_wconf 76' lang='lat' dir='ltr'>imprimi.</span> <span class='ocrx_word' id='word_1_48' title='bbox 406 468 492 505; x_wconf 89' lang='lat' dir='ltr'>ldeo</span> <span class='ocrx_word' id='word_1_49' title='bbox 523 479 611 503; x_wconf 86' lang='lat' dir='ltr'>vero</span> <span class='ocrx_word' id='word_1_50' title='bbox 640 468 679 503; x_wconf 90' lang='lat' dir='ltr'>in</span> <span class='ocrx_word' id='word_1_51' title='bbox 707 465 924 502; x_wconf 81' lang='lat' dir='ltr'>definitione</span> <span class='ocrx_word' id='word_1_52' title='bbox 954 464 1190 502; x_wconf 70' lang='lat' dir='ltr'>sacramenti</span> <span class='ocrx_word' id='word_1_53' title='bbox 1221 477 1291 501; x_wconf 90' lang='lat' dir='ltr'>non</span> 
     </span>
     <span class='ocr_line' id='line_1_9' title="bbox 170 517 1290 572; baseline -0.004 -13"><span class='ocrx_word' id='word_1_54' title='bbox 170 524 326 572; x_wconf 85' lang='lat' dir='ltr'>ponitur</span> <span class='ocrx_word' id='word_1_55' title='bbox 355 520 576 567; x_wconf 73' lang='lat' dir='ltr'>character,</span> <span class='ocrx_word' id='word_1_56' title='bbox 619 520 708 571; x_wconf 83' lang='lat' dir='ltr'>quia</span> <span class='ocrx_word' id='word_1_57' title='bbox 752 531 826 556; x_wconf 89' lang='lat' dir='ltr'>non</span> <span class='ocrx_word' id='word_1_58' title='bbox 866 527 917 555; x_wconf 79' lang='lat' dir='ltr'>est</span> <span class='ocrx_word' id='word_1_59' title='bbox 950 517 1128 554; x_wconf 87' lang='lat' dir='ltr'>omnibus</span> <span class='ocrx_word' id='word_1_60' title='bbox 1156 517 1290 555; x_wconf 83' lang='lat' dir='ltr'>Sacra-</span> 
     </span>
     <span class='ocr_line' id='line_1_10' title="bbox 172 575 579 613; baseline -0.005 -1"><span class='ocrx_word' id='word_1_61' title='bbox 172 575 310 613; x_wconf 76' lang='lat' dir='ltr'>mentis</span> <span class='ocrx_word' id='word_1_62' title='bbox 340 575 552 612; x_wconf 85' lang='lat' dir='ltr'>communis</span> <span class='ocrx_word' id='word_1_63' title='bbox 569 599 579 610; x_wconf 94' lang='lat'><strong>.</strong></span> 
     </span>
    </p>

    <p class='ocr_par' dir='ltr' id='par_1_2' title="bbox 162 621 1292 1262">
     <span class='ocr_line' id='line_1_11' title="bbox 223 621 1292 676; baseline -0.007 -9"><span class='ocrx_word' id='word_1_64' title='bbox 223 627 315 673; x_wconf 84' lang='grc'><strong>444.</strong></span> <span class='ocrx_word' id='word_1_65' title='bbox 348 629 435 665; x_wconf 88' lang='lat' dir='ltr'>lnst.</span> <span class='ocrx_word' id='word_1_66' title='bbox 464 630 617 676; x_wconf 80' lang='lat' dir='ltr'>primo.</span> <span class='ocrx_word' id='word_1_67' title='bbox 659 624 731 662; x_wconf 88' lang='lat' dir='ltr'>Cui</span> <span class='ocrx_word' id='word_1_68' title='bbox 762 623 858 661; x_wconf 91' lang='lat' dir='ltr'>bono</span> <span class='ocrx_word' id='word_1_69' title='bbox 898 622 1014 661; x_wconf 79' lang='lat' dir='ltr'>voluit</span> <span class='ocrx_word' id='word_1_70' title='bbox 1046 621 1175 670; x_wconf 84' lang='lat' dir='ltr'>Deus,</span> <span class='ocrx_word' id='word_1_71' title='bbox 1220 621 1292 660; x_wconf 86' lang='lat' dir='ltr'>hu·</span> 
     </span>
     <span class='ocr_line' id='line_1_12' title="bbox 165 673 1289 733; baseline -0.006 -15"><span class='ocrx_word' id='word_1_72' title='bbox 165 679 334 733; x_wconf 81' lang='lat' dir='ltr'>jusmodi</span> <span class='ocrx_word' id='word_1_73' title='bbox 365 679 570 718; x_wconf 82' lang='lat' dir='ltr'>indelebile</span> <span class='ocrx_word' id='word_1_74' title='bbox 598 676 842 729; x_wconf 76' lang='lat' dir='ltr'>signaculum·</span> <span class='ocrx_word' id='word_1_75' title='bbox 865 673 1065 728; x_wconf 79' lang='lat' dir='ltr'>imprimi?</span> <span class='ocrx_word' id='word_1_76' title='bbox 1112 675 1219 712; x_wconf 84' lang='lat' dir='ltr'>Anne</span> <span class='ocrx_word' id='word_1_77' title='bbox 1250 683 1289 712; x_wconf 92' lang='lat' dir='ltr'>nt</span> 
     </span>
     <span class='ocr_line' id='line_1_13' title="bbox 165 727 1288 779; baseline -0.008 -7"><span class='ocrx_word' id='word_1_78' title='bbox 165 747 253 772; x_wconf 83' lang='lat' dir='ltr'>suos</span> <span class='ocrx_word' id='word_1_79' title='bbox 282 736 441 778; x_wconf 63' lang='lat' dir='ltr'>signatos</span> <span class='ocrx_word' id='word_1_80' title='bbox 469 729 724 770; x_wconf 70' lang='lat' dir='ltr'>discerneret?</span> <span class='ocrx_word' id='word_1_81' title='bbox 755 729 826 767; x_wconf 89' lang='lat' dir='ltr'>Sed</span> <span class='ocrx_word' id='word_1_82' title='bbox 845 759 855 776; x_wconf 91' lang='lat'>,</span> <span class='ocrx_word' id='word_1_83' title='bbox 887 738 925 765; x_wconf 90' lang='lat' dir='ltr'>ut</span> <span class='ocrx_word' id='word_1_84' title='bbox 947 728 1068 779; x_wconf 87' lang='lat' dir='ltr'>inquit</span> <span class='ocrx_word' id='word_1_85' title='bbox 1092 727 1288 778; x_wconf 76' lang='lat' dir='ltr'>Apostolus</span> 
     </span>
     <span class='ocr_line' id='line_1_14' title="bbox 168 780 1288 835; baseline -0.007 -10"><span class='ocrx_word' id='word_1_86' title='bbox 168 799 208 826; x_wconf 82' lang='lat'><strong>2.</strong></span> <span class='ocrx_word' id='word_1_87' title='bbox 237 788 282 824; x_wconf 86' lang='lat' dir='ltr'>ad</span> <span class='ocrx_word' id='word_1_88' title='bbox 313 786 547 824; x_wconf 76' lang='lat' dir='ltr'>&#39;Pi1noth.11.</span> <span class='ocrx_word' id='word_1_89' title='bbox 571 797 628 835; x_wconf 76' lang='grc' dir='ltr'><strong>ις).</strong></span> <span class='ocrx_word' id='word_1_90' title='bbox 660 782 839 820; x_wconf 74' lang='lat' dir='ltr'>Firmum</span> <span class='ocrx_word' id='word_1_91' title='bbox 856 781 1181 832; x_wconf 60' lang='lat' dir='ltr'>fun-{lamentum</span> <span class='ocrx_word' id='word_1_92' title='bbox 1211 780 1288 817; x_wconf 81' lang='lat' dir='ltr'>Dei</span> 
     </span>
     <span class='ocr_line' id='line_1_15' title="bbox 166 832 1287 889; baseline -0.005 -12"><span class='ocrx_word' id='word_1_93' title='bbox 166 849 248 878; x_wconf 80' lang='lat' dir='ltr'>stat</span> <span class='ocrx_word' id='word_1_94' title='bbox 265 869 276 888; x_wconf 90' lang='lat'><strong>‚</strong></span> <span class='ocrx_word' id='word_1_95' title='bbox 307 839 454 876; x_wconf 75' lang='lat' dir='ltr'>liabens</span> <span class='ocrx_word' id='word_1_96' title='bbox 483 837 732 889; x_wconf 71' lang='lat' dir='ltr'>signaculum</span> <span class='ocrx_word' id='word_1_97' title='bbox 750 833 844 871; x_wconf 79' lang='lat' dir='ltr'>ltoc:</span> <span class='ocrx_word' id='word_1_98' title='bbox 874 837 1050 886; x_wconf 60' lang='lat' dir='ltr'>cognovit</span> <span class='ocrx_word' id='word_1_99' title='bbox 1070 832 1287 882; x_wconf 80' lang='lat' dir='ltr'>Dominus,</span> 
     </span>
     <span class='ocr_line' id='line_1_16' title="bbox 171 885 1288 944; baseline -0.004 -14"><span class='ocrx_word' id='word_1_100' title='bbox 171 898 234 935; x_wconf 84' lang='lat' dir='ltr'>oui</span> <span class='ocrx_word' id='word_1_101' title='bbox 263 902 353 930; x_wconf 77' lang='lat' dir='ltr'>sunt</span> <span class='ocrx_word' id='word_1_102' title='bbox 383 894 488 944; x_wconf 80' lang='lat' dir='ltr'>ejus.</span> <span class='ocrx_word' id='word_1_103' title='bbox 520 893 625 927; x_wconf 81' lang='lat' dir='ltr'>Anne</span> <span class='ocrx_word' id='word_1_104' title='bbox 657 897 808 940; x_wconf 84' lang='lat' dir='ltr'>propter</span> <span class='ocrx_word' id='word_1_105' title='bbox 838 885 1024 937; x_wconf 75' lang='lat' dir='ltr'>Angelos?</span> <span class='ocrx_word' id='word_1_106' title='bbox 1054 886 1127 922; x_wconf 80' lang='lat' dir='ltr'>Sed</span> <span class='ocrx_word' id='word_1_107' title='bbox 1150 888 1209 924; x_wconf 81' lang='lat' dir='ltr'>isti</span> <span class='ocrx_word' id='word_1_108' title='bbox 1231 888 1288 926; x_wconf 88' lang='lat' dir='ltr'>vi·</span> 
     </span>
     <span class='ocr_line' id='line_1_17' title="bbox 165 937 1287 993; baseline -0.007 -9"><span class='ocrx_word' id='word_1_109' title='bbox 165 937 253 984; x_wconf 75' lang='lat' dir='ltr'>dent</span> <span class='ocrx_word' id='word_1_110' title='bbox 282 948 408 983; x_wconf 82' lang='lat' dir='ltr'>onmia</span> <span class='ocrx_word' id='word_1_111' title='bbox 439 946 475 980; x_wconf 92' lang='lat' dir='ltr'>in</span> <span class='ocrx_word' id='word_1_112' title='bbox 505 942 634 980; x_wconf 87' lang='lat' dir='ltr'>Verbo</span> <span class='ocrx_word' id='word_1_113' title='bbox 662 943 818 988; x_wconf 81' lang='lat' dir='ltr'>divino,</span> <span class='ocrx_word' id='word_1_114' title='bbox 856 954 926 978; x_wconf 86' lang='lat' dir='ltr'>nec</span> <span class='ocrx_word' id='word_1_115' title='bbox 957 941 1123 992; x_wconf 84' lang='lat' dir='ltr'>indigent</span> <span class='ocrx_word' id='word_1_116' title='bbox 1153 939 1287 993; x_wconf 81' lang='lat' dir='ltr'>aliqua</span> 
     </span>
     <span class='ocr_line' id='line_1_18' title="bbox 166 994 1287 1046; baseline -0.005 -9"><span class='ocrx_word' id='word_1_117' title='bbox 166 1008 302 1037; x_wconf 79' lang='lat' dir='ltr'>tessera</span> <span class='ocrx_word' id='word_1_118' title='bbox 332 999 377 1035; x_wconf 89' lang='lat' dir='ltr'>ad</span> <span class='ocrx_word' id='word_1_119' title='bbox 408 996 580 1034; x_wconf 77' lang='lat' dir='ltr'>immines</span> <span class='ocrx_word' id='word_1_120' title='bbox 610 995 813 1046; x_wconf 81' lang='lat' dir='ltr'>baptizatos</span> <span class='ocrx_word' id='word_1_121' title='bbox 852 1009 874 1032; x_wconf 85' lang='lat' dir='ltr'>a</span> <span class='ocrx_word' id='word_1_122' title='bbox 904 1006 974 1031; x_wconf 90' lang='lat' dir='ltr'>non</span> <span class='ocrx_word' id='word_1_123' title='bbox 1004 994 1200 1046; x_wconf 86' lang='lat' dir='ltr'>baptizatis</span> <span class='ocrx_word' id='word_1_124' title='bbox 1231 995 1287 1031; x_wconf 85' lang='lat' dir='ltr'>di-</span> 
     </span>
     <span class='ocr_line' id='line_1_19' title="bbox 165 1045 1288 1100; baseline -0.004 -11"><span class='ocrx_word' id='word_1_125' title='bbox 165 1051 385 1090; x_wconf 82' lang='lat' dir='ltr'>scerneudos</span> <span class='ocrx_word' id='word_1_126' title='bbox 402 1077 412 1088; x_wconf 98' lang='lat'><strong>.</strong></span> <span class='ocrx_word' id='word_1_127' title='bbox 445 1051 502 1088; x_wconf 84' lang='lat' dir='ltr'>An</span> <span class='ocrx_word' id='word_1_128' title='bbox 524 1049 677 1086; x_wconf 79' lang='lat' dir='ltr'>fortasse</span> <span class='ocrx_word' id='word_1_129' title='bbox 693 1045 844 1100; x_wconf 86' lang='lat' dir='ltr'>propter</span> <span class='ocrx_word' id='word_1_130' title='bbox 865 1046 1037 1085; x_wconf 89' lang='lat' dir='ltr'>homines</span> <span class='ocrx_word' id='word_1_131' title='bbox 1059 1046 1184 1099; x_wconf 76' lang='lat' dir='ltr'>ipsos?</span> <span class='ocrx_word' id='word_1_132' title='bbox 1213 1047 1288 1085; x_wconf 85' lang='lat' dir='ltr'>Sed</span> 
     </span>
     <span class='ocr_line' id='line_1_20' title="bbox 164 1101 1286 1154; baseline -0.003 -12"><span class='ocrx_word' id='word_1_133' title='bbox 164 1114 255 1142; x_wconf 87' lang='lat' dir='ltr'>tunc</span> <span class='ocrx_word' id='word_1_134' title='bbox 275 1104 462 1142; x_wconf 79' lang='lat' dir='ltr'>debuisset</span> <span class='ocrx_word' id='word_1_135' title='bbox 478 1117 555 1141; x_wconf 87' lang='lat' dir='ltr'>esse</span> <span class='ocrx_word' id='word_1_136' title='bbox 570 1104 721 1154; x_wconf 82' lang='lat' dir='ltr'>signum</span> <span class='ocrx_word' id='word_1_137' title='bbox 743 1110 937 1138; x_wconf 79' lang='lat' dir='ltr'>externum</span> <span class='ocrx_word' id='word_1_138' title='bbox 956 1130 967 1148; x_wconf 87' lang='lat'>‚</span> <span class='ocrx_word' id='word_1_139' title='bbox 998 1101 1031 1136; x_wconf 72' lang='lat'>8&lt;</span> <span class='ocrx_word' id='word_1_140' title='bbox 1048 1113 1286 1153; x_wconf 87' lang='lat' dir='ltr'>corporeum,</span> 
     </span>
     <span class='ocr_line' id='line_1_21' title="bbox 165 1154 1287 1209; baseline -0.004 -14"><span class='ocrx_word' id='word_1_141' title='bbox 165 1158 382 1209; x_wconf 82' lang='lat' dir='ltr'>cujusmodi</span> <span class='ocrx_word' id='word_1_142' title='bbox 411 1158 534 1194; x_wconf 81' lang='lat' dir='ltr'>fuerat</span> <span class='ocrx_word' id='word_1_143' title='bbox 561 1156 812 1194; x_wconf 88' lang='lat' dir='ltr'>Circumcisio</span> <span class='ocrx_word' id='word_1_144' title='bbox 830 1185 840 1203; x_wconf 81' lang='lat'>,</span> <span class='ocrx_word' id='word_1_145' title='bbox 881 1168 955 1192; x_wconf 87' lang='lat' dir='ltr'>non</span> <span class='ocrx_word' id='word_1_146' title='bbox 988 1154 1214 1206; x_wconf 74' lang='lat' dir='ltr'>spirituale,</span> <span class='ocrx_word' id='word_1_147' title='bbox 1254 1154 1287 1190; x_wconf 72' lang='lat'>8&lt;</span> 
     </span>
     <span class='ocr_line' id='line_1_22' title="bbox 162 1208 1178 1262; baseline -0.003 -13"><span class='ocrx_word' id='word_1_148' title='bbox 162 1213 354 1250; x_wconf 86' lang='lat' dir='ltr'>internum</span> <span class='ocrx_word' id='word_1_149' title='bbox 373 1241 383 1258; x_wconf 85' lang='lat'>‚</span> <span class='ocrx_word' id='word_1_150' title='bbox 413 1211 513 1262; x_wconf 85' lang='lat' dir='ltr'>quod</span> <span class='ocrx_word' id='word_1_151' title='bbox 543 1209 591 1247; x_wconf 91' lang='lat' dir='ltr'>ab</span> <span class='ocrx_word' id='word_1_152' title='bbox 622 1208 842 1247; x_wconf 87' lang='lat' dir='ltr'>hominibus</span> <span class='ocrx_word' id='word_1_153' title='bbox 871 1208 993 1246; x_wconf 87' lang='lat' dir='ltr'>videri</span> <span class='ocrx_word' id='word_1_154' title='bbox 1017 1210 1149 1260; x_wconf 84' lang='lat' dir='ltr'>nequit</span> <span class='ocrx_word' id='word_1_155' title='bbox 1167 1234 1178 1246; x_wconf 85' lang='lat'><strong>.</strong></span> 
     </span>
    </p>

    <p class='ocr_par' dir='ltr' id='par_1_3' title="bbox 164 1261 1294 1886">
     <span class='ocr_line' id='line_1_23' title="bbox 221 1261 1287 1316; baseline -0.002 -14"><span class='ocrx_word' id='word_1_156' title='bbox 221 1264 315 1310; x_wconf 86' lang='grc'><strong>445.</strong></span> <span class='ocrx_word' id='word_1_157' title='bbox 346 1263 478 1316; x_wconf 55' lang='lat' dir='ltr'>Hesp„</span> <span class='ocrx_word' id='word_1_158' title='bbox 507 1277 657 1301; x_wconf 89' lang='lat' dir='ltr'>omnem</span> <span class='ocrx_word' id='word_1_159' title='bbox 687 1261 952 1300; x_wconf 83' lang='lat' dir='ltr'>difficultatem</span> <span class='ocrx_word' id='word_1_160' title='bbox 975 1275 1197 1300; x_wconf 81' lang='lat' dir='ltr'>evanescere</span> <span class='ocrx_word' id='word_1_161' title='bbox 1215 1293 1225 1310; x_wconf 91' lang='lat'>,</span> <span class='ocrx_word' id='word_1_162' title='bbox 1256 1263 1287 1300; x_wconf 85' lang='lat' dir='ltr'>si</span> 
     </span>
     <span class='ocr_line' id='line_1_24' title="bbox 164 1315 1286 1368; baseline -0.001 -13"><span class='ocrx_word' id='word_1_163' title='bbox 164 1318 424 1356; x_wconf 82' lang='lat' dir='ltr'>consideretur</span> <span class='ocrx_word' id='word_1_164' title='bbox 453 1331 541 1355; x_wconf 89' lang='lat' dir='ltr'>cum</span> <span class='ocrx_word' id='word_1_165' title='bbox 571 1316 611 1354; x_wconf 81' lang='lat' dir='ltr'>S.</span> <span class='ocrx_word' id='word_1_166' title='bbox 642 1315 791 1354; x_wconf 79' lang='lat' dir='ltr'>Thoma</span> <span class='ocrx_word' id='word_1_167' title='bbox 823 1316 861 1354; x_wconf 83' lang='lat'><strong>3.</strong></span> <span class='ocrx_word' id='word_1_168' title='bbox 893 1315 932 1353; x_wconf 84' lang='lat' dir='ltr'><strong>P.</strong></span> <span class='ocrx_word' id='word_1_169' title='bbox 963 1330 1029 1368; x_wconf 83' lang='lat' dir='ltr'>qu.</span> <span class='ocrx_word' id='word_1_170' title='bbox 1051 1315 1117 1353; x_wconf 75' lang='lat'><strong>65.</strong></span> <span class='ocrx_word' id='word_1_171' title='bbox 1148 1325 1216 1354; x_wconf 87' lang='lat' dir='ltr'>art.</span> <span class='ocrx_word' id='word_1_172' title='bbox 1254 1329 1286 1354; x_wconf 85' lang='lat'><strong>1.</strong></span> 
     </span>
     <span class='ocr_line' id='line_1_25' title="bbox 167 1368 1288 1422; baseline 0.001 -16"><span class='ocrx_word' id='word_1_173' title='bbox 167 1371 202 1406; x_wconf 71' lang='grc'>8(</span> <span class='ocrx_word' id='word_1_174' title='bbox 232 1385 308 1422; x_wconf 83' lang='lat' dir='ltr'>seq.</span> <span class='ocrx_word' id='word_1_175' title='bbox 339 1383 411 1407; x_wconf 87' lang='lat' dir='ltr'>non</span> <span class='ocrx_word' id='word_1_176' title='bbox 442 1371 614 1421; x_wconf 84' lang='lat' dir='ltr'>imprimi</span> <span class='ocrx_word' id='word_1_177' title='bbox 646 1369 901 1406; x_wconf 72' lang='lat' dir='ltr'>characterem</span> <span class='ocrx_word' id='word_1_178' title='bbox 931 1369 978 1406; x_wconf 87' lang='lat' dir='ltr'>ad</span> <span class='ocrx_word' id='word_1_179' title='bbox 1008 1368 1125 1405; x_wconf 81' lang='lat' dir='ltr'>solam</span> <span class='ocrx_word' id='word_1_180' title='bbox 1157 1369 1288 1407; x_wconf 84' lang='lat' dir='ltr'>distin-</span> 
     </span>
     <span class='ocr_line' id='line_1_26' title="bbox 166 1421 1287 1473; baseline -0.001 -12"><span class='ocrx_word' id='word_1_181' title='bbox 166 1425 328 1461; x_wconf 83' lang='lat' dir='ltr'>ctionem</span> <span class='ocrx_word' id='word_1_182' title='bbox 345 1453 355 1470; x_wconf 92' lang='lat'>,</span> <span class='ocrx_word' id='word_1_183' title='bbox 385 1423 446 1460; x_wconf 89' lang='lat' dir='ltr'>sed</span> <span class='ocrx_word' id='word_1_184' title='bbox 469 1432 507 1458; x_wconf 91' lang='lat' dir='ltr'>ut</span> <span class='ocrx_word' id='word_1_185' title='bbox 529 1422 700 1459; x_wconf 88' lang='lat' dir='ltr'>homines</span> <span class='ocrx_word' id='word_1_186' title='bbox 720 1422 943 1473; x_wconf 86' lang='lat' dir='ltr'>deputentnr</span> <span class='ocrx_word' id='word_1_187' title='bbox 963 1422 1010 1459; x_wconf 87' lang='lat' dir='ltr'>ad</span> <span class='ocrx_word' id='word_1_188' title='bbox 1032 1421 1177 1459; x_wconf 87' lang='lat' dir='ltr'>cultum</span> <span class='ocrx_word' id='word_1_189' title='bbox 1199 1423 1287 1470; x_wconf 85' lang='lat' dir='ltr'>Dei,</span> 
     </span>
     <span class='ocr_line' id='line_1_27' title="bbox 165 1474 1294 1525; baseline -0.001 -11"><span class='ocrx_word' id='word_1_190' title='bbox 165 1476 375 1515; x_wconf 84' lang='lat' dir='ltr'>secundum</span> <span class='ocrx_word' id='word_1_191' title='bbox 408 1477 522 1511; x_wconf 88' lang='lat' dir='ltr'>ritum</span> <span class='ocrx_word' id='word_1_192' title='bbox 536 1474 764 1512; x_wconf 73' lang='lat' dir='ltr'>Christianae</span> <span class='ocrx_word' id='word_1_193' title='bbox 795 1475 1007 1525; x_wconf 81' lang='lat' dir='ltr'>religionis3</span> <span class='ocrx_word' id='word_1_194' title='bbox 1039 1485 1077 1512; x_wconf 89' lang='lat' dir='ltr'>ut</span> <span class='ocrx_word' id='word_1_195' title='bbox 1096 1476 1294 1513; x_wconf 81' lang='lat' dir='ltr'>ostendunt</span> 
     </span>
     <span class='ocr_line' id='line_1_28' title="bbox 165 1526 1294 1581; baseline 0 -15"><span class='ocrx_word' id='word_1_196' title='bbox 165 1528 247 1581; x_wconf 80' lang='lat' dir='ltr'>ejus</span> <span class='ocrx_word' id='word_1_197' title='bbox 277 1528 393 1566; x_wconf 81' lang='lat' dir='ltr'>verba</span> <span class='ocrx_word' id='word_1_198' title='bbox 420 1541 533 1579; x_wconf 81' lang='lat' dir='ltr'>supra</span> <span class='ocrx_word' id='word_1_199' title='bbox 563 1526 681 1565; x_wconf 80' lang='lat' dir='ltr'>relata</span> <span class='ocrx_word' id='word_1_200' title='bbox 703 1526 852 1572; x_wconf 74' lang='grc' dir='ltr'><strong>ῃ.4ι5.</strong></span> <span class='ocrx_word' id='word_1_201' title='bbox 884 1528 984 1564; x_wconf 88' lang='lat' dir='ltr'>Hinc</span> <span class='ocrx_word' id='word_1_202' title='bbox 1013 1527 1128 1564; x_wconf 87' lang='lat' dir='ltr'>trium</span> <span class='ocrx_word' id='word_1_203' title='bbox 1160 1528 1294 1566; x_wconf 80' lang='lat' dir='ltr'>Sacra-</span> 
     </span>
     <span class='ocr_line' id='line_1_29' title="bbox 165 1578 1292 1621; baseline -0.002 -1"><span class='ocrx_word' id='word_1_204' title='bbox 165 1591 382 1621; x_wconf 83' lang='lat' dir='ltr'>mentorum</span> <span class='ocrx_word' id='word_1_205' title='bbox 413 1581 621 1619; x_wconf 82' lang='lat' dir='ltr'>characteri</span> <span class='ocrx_word' id='word_1_206' title='bbox 651 1582 822 1619; x_wconf 88' lang='lat' dir='ltr'>diversus</span> <span class='ocrx_word' id='word_1_207' title='bbox 843 1579 1024 1617; x_wconf 81' lang='lat' dir='ltr'>tribuitur</span> <span class='ocrx_word' id='word_1_208' title='bbox 1044 1578 1222 1618; x_wconf 84' lang='lat' dir='ltr'>effectus:</span> <span class='ocrx_word' id='word_1_209' title='bbox 1254 1583 1292 1618; x_wconf 85' lang='lat' dir='ltr'>in</span> 
     </span>
     <span class='ocr_line' id='line_1_30' title="bbox 166 1632 1292 1688; baseline -0.002 -15"><span class='ocrx_word' id='word_1_210' title='bbox 166 1636 361 1688; x_wconf 82' lang='lat' dir='ltr'>Baptismo</span> <span class='ocrx_word' id='word_1_211' title='bbox 390 1635 494 1672; x_wconf 87' lang='lat' dir='ltr'>enim</span> <span class='ocrx_word' id='word_1_212' title='bbox 525 1633 658 1673; x_wconf 86' lang='lat' dir='ltr'>fideles</span> <span class='ocrx_word' id='word_1_213' title='bbox 687 1635 881 1685; x_wconf 81' lang='lat' dir='ltr'>accipiunt</span> <span class='ocrx_word' id='word_1_214' title='bbox 911 1632 971 1684; x_wconf 81' lang='lat' dir='ltr'>jus</span> <span class='ocrx_word' id='word_1_215' title='bbox 999 1633 1162 1671; x_wconf 86' lang='lat' dir='ltr'>civitatis</span> <span class='ocrx_word' id='word_1_216' title='bbox 1181 1663 1191 1682; x_wconf 89' lang='lat'>,</span> <span class='ocrx_word' id='word_1_217' title='bbox 1227 1647 1292 1671; x_wconf 87' lang='lat' dir='ltr'>seu</span> 
     </span>
     <span class='ocr_line' id='line_1_31' title="bbox 166 1686 1291 1731; baseline -0.003 -4"><span class='ocrx_word' id='word_1_218' title='bbox 166 1688 331 1727; x_wconf 56' lang='lat' dir='ltr'>familiae</span> <span class='ocrx_word' id='word_1_219' title='bbox 360 1688 528 1731; x_wconf 80' lang='lat' dir='ltr'>Christi3</span> <span class='ocrx_word' id='word_1_220' title='bbox 572 1689 609 1725; x_wconf 90' lang='lat' dir='ltr'>in</span> <span class='ocrx_word' id='word_1_221' title='bbox 638 1687 930 1725; x_wconf 66' lang='lat' dir='ltr'>confirmatione</span> <span class='ocrx_word' id='word_1_222' title='bbox 969 1687 1163 1724; x_wconf 84' lang='lat' dir='ltr'>confertur</span> <span class='ocrx_word' id='word_1_223' title='bbox 1201 1686 1291 1724; x_wconf 88' lang='lat' dir='ltr'>cha-</span> 
     </span>
     <span class='ocr_line' id='line_1_32' title="bbox 167 1740 1291 1785; baseline -0.003 -4"><span class='ocrx_word' id='word_1_224' title='bbox 167 1752 290 1781; x_wconf 83' lang='lat' dir='ltr'>racter</span> <span class='ocrx_word' id='word_1_225' title='bbox 321 1742 472 1780; x_wconf 72' lang='lat' dir='ltr'>militia:</span> <span class='ocrx_word' id='word_1_226' title='bbox 501 1741 758 1785; x_wconf 79' lang='lat' dir='ltr'>Christianae3</span> <span class='ocrx_word' id='word_1_227' title='bbox 789 1740 821 1775; x_wconf 73' lang='lat'>8&lt;</span> <span class='ocrx_word' id='word_1_228' title='bbox 854 1741 891 1777; x_wconf 89' lang='lat' dir='ltr'>in</span> <span class='ocrx_word' id='word_1_229' title='bbox 922 1740 1065 1777; x_wconf 80' lang='lat' dir='ltr'>Ordine</span> <span class='ocrx_word' id='word_1_230' title='bbox 1096 1740 1291 1778; x_wconf 79' lang='lat' dir='ltr'>character</span> 
     </span>
     <span class='ocr_line' id='line_1_33' title="bbox 165 1792 1292 1848; baseline -0.001 -15"><span class='ocrx_word' id='word_1_231' title='bbox 165 1797 381 1848; x_wconf 79' lang='lat' dir='ltr'>potestatis,</span> <span class='ocrx_word' id='word_1_232' title='bbox 417 1809 480 1832; x_wconf 90' lang='lat' dir='ltr'>sen</span> <span class='ocrx_word' id='word_1_233' title='bbox 511 1796 712 1832; x_wconf 78' lang='lat' dir='ltr'>ministerii</span> <span class='ocrx_word' id='word_1_234' title='bbox 741 1792 984 1831; x_wconf 81' lang='lat' dir='ltr'>ecclesiastici</span> <span class='ocrx_word' id='word_1_235' title='bbox 1004 1822 1014 1840; x_wconf 87' lang='lat'>‚</span> <span class='ocrx_word' id='word_1_236' title='bbox 1047 1802 1086 1830; x_wconf 89' lang='lat' dir='ltr'>ut</span> <span class='ocrx_word' id='word_1_237' title='bbox 1114 1793 1210 1830; x_wconf 86' lang='lat' dir='ltr'>bene</span> <span class='ocrx_word' id='word_1_238' title='bbox 1242 1794 1292 1832; x_wconf 85' lang='lat' dir='ltr'>E-</span> 
     </span>
     <span class='ocr_line' id='line_1_34' title="bbox 168 1849 531 1886; baseline -0.003 0"><span class='ocrx_word' id='word_1_239' title='bbox 168 1850 263 1886; x_wconf 85' lang='lat' dir='ltr'>stius</span> <span class='ocrx_word' id='word_1_240' title='bbox 291 1849 531 1886; x_wconf 81' lang='lat' dir='ltr'>observavit.</span> 
     </span>
    </p>

    <p class='ocr_par' dir='ltr' id='par_1_4' title="bbox 168 1898 1296 2273">
     <span class='ocr_line' id='line_1_35' title="bbox 226 1898 1292 1953; baseline -0.004 -13"><span class='ocrx_word' id='word_1_241' title='bbox 226 1901 320 1948; x_wconf 87' lang='grc'><strong>446.</strong></span> <span class='ocrx_word' id='word_1_242' title='bbox 351 1901 482 1939; x_wconf 79' lang='lat' dir='ltr'>Verba</span> <span class='ocrx_word' id='word_1_243' title='bbox 510 1909 637 1939; x_wconf 82' lang='lat' dir='ltr'>autem</span> <span class='ocrx_word' id='word_1_244' title='bbox 668 1899 838 1953; x_wconf 64' lang='lat' dir='ltr'>Apostoli</span> <span class='ocrx_word' id='word_1_245' title='bbox 870 1900 917 1937; x_wconf 91' lang='lat' dir='ltr'>ita</span> <span class='ocrx_word' id='word_1_246' title='bbox 949 1898 1114 1950; x_wconf 80' lang='lat' dir='ltr'>explicat</span> <span class='ocrx_word' id='word_1_247' title='bbox 1143 1899 1183 1938; x_wconf 88' lang='lat' dir='ltr'>S.</span> <span class='ocrx_word' id='word_1_248' title='bbox 1215 1900 1292 1936; x_wconf 86' lang='lat' dir='ltr'>Do-</span> 
     </span>
     <span class='ocr_line' id='line_1_36' title="bbox 168 1952 1292 2003; baseline -0.003 -10"><span class='ocrx_word' id='word_1_249' title='bbox 168 1964 251 1994; x_wconf 84' lang='lat' dir='ltr'>ctor</span> <span class='ocrx_word' id='word_1_250' title='bbox 282 1955 427 1993; x_wconf 84' lang='lat' dir='ltr'>ibidem</span> <span class='ocrx_word' id='word_1_251' title='bbox 458 1962 528 1992; x_wconf 82' lang='lat' dir='ltr'>art.</span> <span class='ocrx_word' id='word_1_252' title='bbox 556 1968 589 1992; x_wconf 80' lang='grc' dir='ltr'><strong>ι.</strong></span> <span class='ocrx_word' id='word_1_253' title='bbox 611 1955 656 1992; x_wconf 85' lang='lat' dir='ltr'>ad</span> <span class='ocrx_word' id='word_1_254' title='bbox 687 1967 717 1992; x_wconf 86' lang='grc' dir='ltr'>ι.</span> <span class='ocrx_word' id='word_1_255' title='bbox 750 1952 904 1991; x_wconf 53' lang='lat' dir='ltr'>Fideles</span> <span class='ocrx_word' id='word_1_256' title='bbox 938 1952 1078 1990; x_wconf 73' lang='lat' dir='ltr'>Christi</span> <span class='ocrx_word' id='word_1_257' title='bbox 1108 1953 1163 1990; x_wconf 66' lang='lat' dir='ltr'>acl</span> <span class='ocrx_word' id='word_1_258' title='bbox 1190 1966 1292 2003; x_wconf 79' lang='lat' dir='ltr'>proe-</span> 
     </span>
     <span class='ocr_line' id='line_1_37' title="bbox 168 2006 1293 2059; baseline -0.004 -12"><span class='ocrx_word' id='word_1_259' title='bbox 168 2012 297 2047; x_wconf 83' lang='lat' dir='ltr'>mium</span> <span class='ocrx_word' id='word_1_260' title='bbox 327 2008 484 2059; x_wconf 70' lang='lat' dir='ltr'>quidem</span> <span class='ocrx_word' id='word_1_261' title='bbox 501 2006 661 2059; x_wconf 82' lang='lat' dir='ltr'>futurae</span> <span class='ocrx_word' id='word_1_262' title='bbox 689 2008 826 2059; x_wconf 75' lang='lat' dir='ltr'>glorioe</span> <span class='ocrx_word' id='word_1_263' title='bbox 847 2006 1085 2055; x_wconf 72' lang='lat' dir='ltr'>deputantur</span> <span class='ocrx_word' id='word_1_264' title='bbox 1105 2010 1293 2058; x_wconf 77' lang='lat' dir='ltr'>signacu-</span> 
     </span>
     <span class='ocr_line' id='line_1_38' title="bbox 174 2059 1293 2114; baseline -0.003 -14"><span class='ocrx_word' id='word_1_265' title='bbox 174 2063 212 2100; x_wconf 83' lang='lat' dir='ltr'>lo</span> <span class='ocrx_word' id='word_1_266' title='bbox 241 2061 604 2114; x_wconf 65' lang='lat' dir='ltr'>praedestinationis</span> <span class='ocrx_word' id='word_1_267' title='bbox 632 2060 801 2105; x_wconf 59' lang='lat' dir='ltr'>divince5</span> <span class='ocrx_word' id='word_1_268' title='bbox 831 2060 900 2097; x_wconf 72' lang='lat' dir='ltr'>setl</span> <span class='ocrx_word' id='word_1_269' title='bbox 928 2059 982 2098; x_wconf 73' lang='lat' dir='ltr'>ad</span> <span class='ocrx_word' id='word_1_270' title='bbox 1012 2070 1125 2098; x_wconf 83' lang='lat' dir='ltr'>actus</span> <span class='ocrx_word' id='word_1_271' title='bbox 1155 2073 1293 2097; x_wconf 63' lang='lat' dir='ltr'>conve-</span> 
     </span>
     <span class='ocr_line' id='line_1_39' title="bbox 170 2113 1294 2165; baseline -0.003 -12"><span class='ocrx_word' id='word_1_272' title='bbox 170 2119 325 2154; x_wconf 82' lang='lat' dir='ltr'>nientes</span> <span class='ocrx_word' id='word_1_273' title='bbox 344 2119 531 2165; x_wconf 71' lang='lat' dir='ltr'>praesenti</span> <span class='ocrx_word' id='word_1_274' title='bbox 547 2114 744 2153; x_wconf 69' lang='lat' dir='ltr'>Ecclesiae</span> <span class='ocrx_word' id='word_1_275' title='bbox 765 2113 1002 2164; x_wconf 80' lang='lat' dir='ltr'>deputantur</span> <span class='ocrx_word' id='word_1_276' title='bbox 1017 2114 1192 2164; x_wconf 76' lang='lat' dir='ltr'>quodam</span> <span class='ocrx_word' id='word_1_277' title='bbox 1218 2118 1294 2163; x_wconf 79' lang='lat' dir='ltr'>spi-</span> 
     </span>
     <span class='ocr_line' id='line_1_40' title="bbox 174 2166 1296 2222; baseline -0.001 -17"><span class='ocrx_word' id='word_1_278' title='bbox 174 2170 309 2207; x_wconf 83' lang='lat' dir='ltr'>rituali</span> <span class='ocrx_word' id='word_1_279' title='bbox 337 2169 544 2222; x_wconf 77' lang='lat' dir='ltr'>signaculo</span> <span class='ocrx_word' id='word_1_280' title='bbox 581 2172 637 2207; x_wconf 81' lang='lat' dir='ltr'>eis</span> <span class='ocrx_word' id='word_1_281' title='bbox 680 2171 894 2220; x_wconf 73' lang='lat' dir='ltr'>insignito,</span> <span class='ocrx_word' id='word_1_282' title='bbox 938 2167 1038 2219; x_wconf 72' lang='lat' dir='ltr'>quod</span> <span class='ocrx_word' id='word_1_283' title='bbox 1081 2166 1296 2205; x_wconf 60' lang='lat' dir='ltr'>character</span> 
     </span>
     <span class='ocr_line' id='line_1_41' title="bbox 170 2233 444 2273; baseline 0 -13"><span class='ocrx_word' id='word_1_284' title='bbox 170 2233 444 2273; x_wconf 82' lang='lat' dir='ltr'>nuncupatur.</span> 
     </span>
    </p>

    <p class='ocr_par' dir='ltr' id='par_1_5' title="bbox 173 2275 1303 3180">
     <span class='ocr_line' id='line_1_42' title="bbox 228 2275 1295 2328; baseline -0.003 -13"><span class='ocrx_word' id='word_1_285' title='bbox 228 2276 320 2328; x_wconf 71' lang='grc'><strong>447.</strong></span> <span class='ocrx_word' id='word_1_286' title='bbox 350 2277 422 2315; x_wconf 88' lang='lat' dir='ltr'>Sed</span> <span class='ocrx_word' id='word_1_287' title='bbox 438 2290 561 2328; x_wconf 86' lang='lat' dir='ltr'>neque</span> <span class='ocrx_word' id='word_1_288' title='bbox 577 2289 855 2328; x_wconf 83' lang='lat' dir='ltr'>supervacanea</span> <span class='ocrx_word' id='word_1_289' title='bbox 871 2284 922 2313; x_wconf 88' lang='lat' dir='ltr'>est</span> <span class='ocrx_word' id='word_1_290' title='bbox 936 2275 1149 2322; x_wconf 86' lang='lat' dir='ltr'>distinctio,</span> <span class='ocrx_word' id='word_1_291' title='bbox 1179 2289 1295 2327; x_wconf 87' lang='lat' dir='ltr'>quam</span> 
     </span>
     <span class='ocr_line' id='line_1_43' title="bbox 176 2328 1296 2381; baseline -0.001 -13"><span class='ocrx_word' id='word_1_292' title='bbox 176 2329 371 2368; x_wconf 86' lang='lat' dir='ltr'>character</span> <span class='ocrx_word' id='word_1_293' title='bbox 400 2329 506 2367; x_wconf 78' lang='lat' dir='ltr'>affert</span> <span class='ocrx_word' id='word_1_294' title='bbox 537 2340 706 2381; x_wconf 86' lang='lat' dir='ltr'>respectu</span> <span class='ocrx_word' id='word_1_295' title='bbox 737 2329 958 2368; x_wconf 86' lang='lat' dir='ltr'>hominum.</span> <span class='ocrx_word' id='word_1_296' title='bbox 989 2328 1176 2375; x_wconf 83' lang='lat' dir='ltr'>Quamvis</span> <span class='ocrx_word' id='word_1_297' title='bbox 1195 2331 1296 2367; x_wconf 90' lang='lat' dir='ltr'>enim</span> 
     </span>
     <span class='ocr_line' id='line_1_44' title="bbox 173 2382 1298 2434; baseline 0 -14"><span class='ocrx_word' id='word_1_298' title='bbox 173 2385 256 2434; x_wconf 81' lang='lat' dir='ltr'>ipse</span> <span class='ocrx_word' id='word_1_299' title='bbox 286 2383 324 2419; x_wconf 92' lang='lat' dir='ltr'>in</span> <span class='ocrx_word' id='word_1_300' title='bbox 353 2385 473 2434; x_wconf 82' lang='lat' dir='ltr'>seipso</span> <span class='ocrx_word' id='word_1_301' title='bbox 502 2383 707 2421; x_wconf 86' lang='lat' dir='ltr'>invisibilis</span> <span class='ocrx_word' id='word_1_302' title='bbox 727 2384 801 2432; x_wconf 88' lang='lat' dir='ltr'>sit,</span> <span class='ocrx_word' id='word_1_303' title='bbox 832 2382 996 2421; x_wconf 88' lang='lat' dir='ltr'>visibilis</span> <span class='ocrx_word' id='word_1_304' title='bbox 1017 2390 1142 2420; x_wconf 87' lang='lat' dir='ltr'>tamen</span> <span class='ocrx_word' id='word_1_305' title='bbox 1164 2391 1215 2420; x_wconf 86' lang='lat' dir='ltr'>est</span> <span class='ocrx_word' id='word_1_306' title='bbox 1231 2382 1298 2420; x_wconf 86' lang='lat' dir='ltr'>Sa-</span> 
     </span>
     <span class='ocr_line' id='line_1_45' title="bbox 176 2436 1298 2488; baseline -0.001 -14"><span class='ocrx_word' id='word_1_307' title='bbox 176 2445 371 2474; x_wconf 86' lang='lat' dir='ltr'>cramento</span> <span class='ocrx_word' id='word_1_308' title='bbox 387 2465 398 2484; x_wconf 85' lang='lat'>,</span> <span class='ocrx_word' id='word_1_309' title='bbox 427 2437 529 2487; x_wconf 88' lang='lat' dir='ltr'>quod</span> <span class='ocrx_word' id='word_1_310' title='bbox 557 2438 787 2488; x_wconf 81' lang='lat' dir='ltr'>suscipitur3</span> <span class='ocrx_word' id='word_1_311' title='bbox 816 2437 918 2474; x_wconf 89' lang='lat' dir='ltr'>unde</span> <span class='ocrx_word' id='word_1_312' title='bbox 939 2436 1149 2487; x_wconf 73' lang='lat' dir='ltr'>baptizatus</span> <span class='ocrx_word' id='word_1_313' title='bbox 1170 2438 1298 2484; x_wconf 80' lang='lat' dir='ltr'>novit,</span> 
     </span>
     <span class='ocr_line' id='line_1_46' title="bbox 176 2488 1299 2541; baseline 0 -14"><span class='ocrx_word' id='word_1_314' title='bbox 176 2503 215 2527; x_wconf 85' lang='lat' dir='ltr'>se</span> <span class='ocrx_word' id='word_1_315' title='bbox 246 2504 321 2527; x_wconf 83' lang='lat' dir='ltr'>esse</span> <span class='ocrx_word' id='word_1_316' title='bbox 351 2504 372 2526; x_wconf 93' lang='lat' dir='ltr'>a</span> <span class='ocrx_word' id='word_1_317' title='bbox 402 2501 472 2526; x_wconf 79' lang='lat' dir='ltr'>non</span> <span class='ocrx_word' id='word_1_318' title='bbox 505 2488 692 2540; x_wconf 85' lang='lat' dir='ltr'>baptizato</span> <span class='ocrx_word' id='word_1_319' title='bbox 729 2492 889 2540; x_wconf 75' lang='lat' dir='ltr'>perenni</span> <span class='ocrx_word' id='word_1_320' title='bbox 933 2490 1125 2541; x_wconf 79' lang='lat' dir='ltr'>signaculo</span> <span class='ocrx_word' id='word_1_321' title='bbox 1161 2491 1299 2528; x_wconf 52' lang='lat' dir='ltr'>dis-cre-</span> 
     </span>
     <span class='ocr_line' id='line_1_47' title="bbox 177 2543 1295 2594; baseline 0 -14"><span class='ocrx_word' id='word_1_322' title='bbox 177 2551 259 2581; x_wconf 74' lang='lat' dir='ltr'>tum</span> <span class='ocrx_word' id='word_1_323' title='bbox 279 2573 288 2590; x_wconf 89' lang='lat'>,</span> <span class='ocrx_word' id='word_1_324' title='bbox 333 2551 371 2579; x_wconf 88' lang='lat' dir='ltr'>ut</span> <span class='ocrx_word' id='word_1_325' title='bbox 404 2543 455 2579; x_wconf 87' lang='lat' dir='ltr'>ita</span> <span class='ocrx_word' id='word_1_326' title='bbox 488 2555 641 2580; x_wconf 84' lang='lat' dir='ltr'>suarum</span> <span class='ocrx_word' id='word_1_327' title='bbox 673 2544 968 2594; x_wconf 70' lang='lat' dir='ltr'>promissionum</span> <span class='ocrx_word' id='word_1_328' title='bbox 1005 2556 1150 2580; x_wconf 86' lang='lat' dir='ltr'>memor</span> <span class='ocrx_word' id='word_1_329' title='bbox 1179 2545 1295 2581; x_wconf 84' lang='lat' dir='ltr'>vitam</span> 
     </span>
     <span class='ocr_line' id='line_1_48' title="bbox 178 2595 1296 2648; baseline 0.001 -15"><span class='ocrx_word' id='word_1_330' title='bbox 178 2596 394 2634; x_wconf 86' lang='lat' dir='ltr'>Christiano</span> <span class='ocrx_word' id='word_1_331' title='bbox 424 2595 576 2633; x_wconf 86' lang='lat' dir='ltr'>homine</span> <span class='ocrx_word' id='word_1_332' title='bbox 604 2595 756 2647; x_wconf 77' lang='lat' dir='ltr'>dignam</span> <span class='ocrx_word' id='word_1_333' title='bbox 786 2596 916 2645; x_wconf 80' lang='lat' dir='ltr'>degat:</span> <span class='ocrx_word' id='word_1_334' title='bbox 947 2605 1026 2632; x_wconf 88' lang='lat' dir='ltr'>tum</span> <span class='ocrx_word' id='word_1_335' title='bbox 1058 2607 1097 2634; x_wconf 89' lang='lat' dir='ltr'>ut</span> <span class='ocrx_word' id='word_1_336' title='bbox 1118 2611 1183 2648; x_wconf 90' lang='lat' dir='ltr'>per</span> <span class='ocrx_word' id='word_1_337' title='bbox 1197 2598 1296 2635; x_wconf 88' lang='lat' dir='ltr'>Con-</span> 
     </span>
     <span class='ocr_line' id='line_1_49' title="bbox 178 2647 1297 2695; baseline 0.001 -8"><span class='ocrx_word' id='word_1_338' title='bbox 178 2650 437 2687; x_wconf 78' lang='lat' dir='ltr'>firmationem</span> <span class='ocrx_word' id='word_1_339' title='bbox 466 2650 721 2695; x_wconf 80' lang='lat' dir='ltr'>confortatus,</span> <span class='ocrx_word' id='word_1_340' title='bbox 752 2650 895 2695; x_wconf 85' lang='lat' dir='ltr'>armis,</span> <span class='ocrx_word' id='word_1_341' title='bbox 926 2647 959 2682; x_wconf 75' lang='lat'>8&lt;</span> <span class='ocrx_word' id='word_1_342' title='bbox 990 2650 1134 2686; x_wconf 83' lang='lat' dir='ltr'>viribus</span> <span class='ocrx_word' id='word_1_343' title='bbox 1155 2651 1226 2688; x_wconf 86' lang='lat' dir='ltr'>sibi</span> <span class='ocrx_word' id='word_1_344' title='bbox 1258 2667 1297 2688; x_wconf 89' lang='lat' dir='ltr'>a-</span> 
     </span>
     <span class='ocr_line' id='line_1_50' title="bbox 179 2700 1297 2754; baseline 0.001 -14"><span class='ocrx_word' id='word_1_345' title='bbox 179 2703 308 2740; x_wconf 81' lang='lat' dir='ltr'>liunde</span> <span class='ocrx_word' id='word_1_346' title='bbox 338 2702 582 2754; x_wconf 82' lang='lat' dir='ltr'>suppeditatis</span> <span class='ocrx_word' id='word_1_347' title='bbox 610 2702 657 2739; x_wconf 87' lang='lat' dir='ltr'>ad</span> <span class='ocrx_word' id='word_1_348' title='bbox 687 2702 802 2740; x_wconf 86' lang='lat' dir='ltr'>fidem</span> <span class='ocrx_word' id='word_1_349' title='bbox 833 2700 989 2753; x_wconf 85' lang='lat' dir='ltr'>publice</span> <span class='ocrx_word' id='word_1_350' title='bbox 1019 2702 1267 2753; x_wconf 83' lang='lat' dir='ltr'>profitendam</span> <span class='ocrx_word' id='word_1_351' title='bbox 1286 2735 1297 2752; x_wconf 90' lang='lat'>,</span> 
     </span>
     <span class='ocr_line' id='line_1_51' title="bbox 179 2756 1297 2807; baseline 0.002 -15"><span class='ocrx_word' id='word_1_352' title='bbox 179 2770 224 2793; x_wconf 86' lang='lat' dir='ltr'>ac</span> <span class='ocrx_word' id='word_1_353' title='bbox 254 2756 528 2793; x_wconf 74' lang='lat' dir='ltr'>defendendam</span> <span class='ocrx_word' id='word_1_354' title='bbox 559 2765 712 2807; x_wconf 78' lang='lat' dir='ltr'>paratus</span> <span class='ocrx_word' id='word_1_355' title='bbox 741 2757 812 2801; x_wconf 82' lang='lat' dir='ltr'>sit3</span> <span class='ocrx_word' id='word_1_356' title='bbox 842 2765 921 2792; x_wconf 86' lang='lat' dir='ltr'>tum</span> <span class='ocrx_word' id='word_1_357' title='bbox 954 2757 1066 2792; x_wconf 87' lang='lat' dir='ltr'>etiam</span> <span class='ocrx_word' id='word_1_358' title='bbox 1099 2765 1137 2792; x_wconf 84' lang='lat' dir='ltr'>ut</span> <span class='ocrx_word' id='word_1_359' title='bbox 1164 2756 1211 2793; x_wconf 84' lang='lat' dir='ltr'>ad</span> <span class='ocrx_word' id='word_1_360' title='bbox 1242 2759 1297 2794; x_wconf 88' lang='lat' dir='ltr'>in-</span> 
     </span>
     <span class='ocr_line' id='line_1_52' title="bbox 180 2808 1299 2860; baseline 0.001 -15"><span class='ocrx_word' id='word_1_361' title='bbox 180 2810 243 2848; x_wconf 85' lang='lat' dir='ltr'>siti</span> <span class='ocrx_word' id='word_1_362' title='bbox 273 2809 380 2846; x_wconf 83' lang='lat' dir='ltr'>nobis</span> <span class='ocrx_word' id='word_1_363' title='bbox 411 2808 522 2847; x_wconf 86' lang='lat' dir='ltr'>hostis</span> <span class='ocrx_word' id='word_1_364' title='bbox 552 2809 706 2847; x_wconf 80' lang='lat' dir='ltr'>insidias</span> <span class='ocrx_word' id='word_1_365' title='bbox 734 2809 979 2860; x_wconf 77' lang='lat' dir='ltr'>detegendas,</span> <span class='ocrx_word' id='word_1_366' title='bbox 1010 2808 1042 2844; x_wconf 73' lang='grc'>8(</span> <span class='ocrx_word' id='word_1_367' title='bbox 1065 2808 1299 2860; x_wconf 79' lang='lat' dir='ltr'>repellendas</span> 
     </span>
     <span class='ocr_line' id='line_1_53' title="bbox 182 2861 1300 2914; baseline -0.001 -13"><span class='ocrx_word' id='word_1_368' title='bbox 182 2863 229 2901; x_wconf 85' lang='lat' dir='ltr'>sit</span> <span class='ocrx_word' id='word_1_369' title='bbox 258 2862 410 2899; x_wconf 82' lang='lat' dir='ltr'>fortior:</span> <span class='ocrx_word' id='word_1_370' title='bbox 453 2876 496 2900; x_wconf 89' lang='lat' dir='ltr'>ac</span> <span class='ocrx_word' id='word_1_371' title='bbox 527 2864 689 2914; x_wconf 86' lang='lat' dir='ltr'>denique</span> <span class='ocrx_word' id='word_1_372' title='bbox 731 2876 798 2914; x_wconf 90' lang='lat' dir='ltr'>per</span> <span class='ocrx_word' id='word_1_373' title='bbox 828 2863 1116 2900; x_wconf 82' lang='lat' dir='ltr'>Sacramentum</span> <span class='ocrx_word' id='word_1_374' title='bbox 1147 2861 1300 2900; x_wconf 83' lang='lat' dir='ltr'>Ordinis</span> 
     </span>
     <span class='ocr_line' id='line_1_54' title="bbox 185 2915 1301 2967; baseline -0.001 -14"><span class='ocrx_word' id='word_1_375' title='bbox 185 2928 301 2967; x_wconf 86' lang='lat' dir='ltr'>supra</span> <span class='ocrx_word' id='word_1_376' title='bbox 329 2925 468 2952; x_wconf 85' lang='lat' dir='ltr'>ceteros</span> <span class='ocrx_word' id='word_1_377' title='bbox 498 2915 690 2964; x_wconf 68' lang='lat' dir='ltr'>elevatus,</span> <span class='ocrx_word' id='word_1_378' title='bbox 735 2926 775 2953; x_wconf 86' lang='lat' dir='ltr'>nt</span> <span class='ocrx_word' id='word_1_379' title='bbox 818 2915 1070 2953; x_wconf 81' lang='lat' dir='ltr'>ecclesiastica</span> <span class='ocrx_word' id='word_1_380' title='bbox 1103 2917 1237 2952; x_wconf 82' lang='lat' dir='ltr'>munia</span> <span class='ocrx_word' id='word_1_381' title='bbox 1266 2931 1301 2952; x_wconf 89' lang='lat' dir='ltr'>e-</span> 
     </span>
     <span class='ocr_line' id='line_1_55' title="bbox 181 2968 1302 3020; baseline -0.001 -14"><span class='ocrx_word' id='word_1_382' title='bbox 181 2977 358 3016; x_wconf 83' lang='lat' dir='ltr'>xerceat,</span> <span class='ocrx_word' id='word_1_383' title='bbox 401 2982 444 3004; x_wconf 84' lang='lat' dir='ltr'>ac</span> <span class='ocrx_word' id='word_1_384' title='bbox 473 2968 715 3007; x_wconf 75' lang='lat' dir='ltr'>Sacramenta</span> <span class='ocrx_word' id='word_1_385' title='bbox 743 2969 827 3006; x_wconf 81' lang='lat' dir='ltr'>aliis</span> <span class='ocrx_word' id='word_1_386' title='bbox 856 2970 1070 3020; x_wconf 83' lang='lat' dir='ltr'>dispenset.</span> <span class='ocrx_word' id='word_1_387' title='bbox 1122 2969 1302 3015; x_wconf 79' lang='lat' dir='ltr'>Accedit,</span> 
     </span>
     <span class='ocr_line' id='line_1_56' title="bbox 182 3020 1303 3074; baseline 0 -16"><span class='ocrx_word' id='word_1_388' title='bbox 182 3022 285 3073; x_wconf 88' lang='lat' dir='ltr'>qnod</span> <span class='ocrx_word' id='word_1_389' title='bbox 315 3021 348 3057; x_wconf 79' lang='lat'>8&lt;</span> <span class='ocrx_word' id='word_1_390' title='bbox 377 3023 488 3058; x_wconf 83' lang='lat' dir='ltr'>ceteri</span> <span class='ocrx_word' id='word_1_391' title='bbox 521 3020 717 3070; x_wconf 82' lang='lat' dir='ltr'>homines,</span> <span class='ocrx_word' id='word_1_392' title='bbox 747 3036 968 3074; x_wconf 83' lang='lat' dir='ltr'>quanquam</span> <span class='ocrx_word' id='word_1_393' title='bbox 1000 3024 1190 3060; x_wconf 87' lang='lat' dir='ltr'>internum</span> <span class='ocrx_word' id='word_1_394' title='bbox 1221 3023 1303 3059; x_wconf 82' lang='lat' dir='ltr'>ani-</span> 
     </span>
     <span class='ocr_line' id='line_1_57' title="bbox 183 3074 1303 3126; baseline 0.001 -14"><span class='ocrx_word' id='word_1_395' title='bbox 183 3089 260 3112; x_wconf 78' lang='lat' dir='ltr'>mae</span> <span class='ocrx_word' id='word_1_396' title='bbox 290 3074 528 3126; x_wconf 77' lang='lat' dir='ltr'>signaculum</span> <span class='ocrx_word' id='word_1_397' title='bbox 561 3087 632 3112; x_wconf 88' lang='lat' dir='ltr'>non</span> <span class='ocrx_word' id='word_1_398' title='bbox 663 3075 842 3123; x_wconf 86' lang='lat' dir='ltr'>videant,</span> <span class='ocrx_word' id='word_1_399' title='bbox 872 3085 1013 3113; x_wconf 88' lang='lat' dir='ltr'>norunt</span> <span class='ocrx_word' id='word_1_400' title='bbox 1034 3086 1187 3123; x_wconf 82' lang='lat' dir='ltr'>tamen,</span> <span class='ocrx_word' id='word_1_401' title='bbox 1218 3076 1303 3126; x_wconf 86' lang='lat' dir='ltr'>qni·</span> 
     </span>
     <span class='ocr_line' id='line_1_58' title="bbox 184 3128 1303 3180; baseline 0 -14"><span class='ocrx_word' id='word_1_402' title='bbox 184 3142 275 3166; x_wconf 85' lang='lat' dir='ltr'>nam</span> <span class='ocrx_word' id='word_1_403' title='bbox 304 3130 376 3166; x_wconf 87' lang='lat' dir='ltr'>sint</span> <span class='ocrx_word' id='word_1_404' title='bbox 405 3129 452 3165; x_wconf 83' lang='lat' dir='ltr'>iis</span> <span class='ocrx_word' id='word_1_405' title='bbox 480 3128 735 3165; x_wconf 85' lang='lat' dir='ltr'>Sacramentis</span> <span class='ocrx_word' id='word_1_406' title='bbox 766 3128 846 3165; x_wconf 89' lang='lat' dir='ltr'>Deo</span> <span class='ocrx_word' id='word_1_407' title='bbox 889 3128 1132 3180; x_wconf 85' lang='lat' dir='ltr'>peculiariter</span> <span class='ocrx_word' id='word_1_408' title='bbox 1174 3141 1303 3166; x_wconf 89' lang='lat' dir='ltr'>conse-</span> 
     </span>
    </p>
   </div>
   <div class='ocr_carea' id='block_1_2' title="bbox 185 3263 1306 3353">
    <p class='ocr_par' dir='ltr' id='par_1_6' title="bbox 185 3263 1306 3353">
     <span class='ocr_line' id='line_1_59' title="bbox 237 3263 1305 3309; baseline 0.001 -12"><span class='ocrx_word' id='word_1_409' title='bbox 237 3268 286 3302; x_wconf 55' lang='lat' dir='ltr'>(a)</span> <span class='ocrx_word' id='word_1_410' title='bbox 316 3264 437 3296; x_wconf 72' lang='lat' dir='ltr'>Scottis</span> <span class='ocrx_word' id='word_1_411' title='bbox 465 3264 498 3296; x_wconf 93' lang='lat' dir='ltr'>in</span> <span class='ocrx_word' id='word_1_412' title='bbox 527 3264 586 3296; x_wconf 79' lang='lat' dir='ltr'><strong>IV.</strong></span> <span class='ocrx_word' id='word_1_413' title='bbox 614 3264 705 3297; x_wconf 77' lang='lat' dir='ltr'>Dist.</span> <span class='ocrx_word' id='word_1_414' title='bbox 724 3264 786 3296; x_wconf 81' lang='lat' dir='ltr'>Vt.</span> <span class='ocrx_word' id='word_1_415' title='bbox 812 3276 870 3308; x_wconf 85' lang='lat' dir='ltr'>qn.</span> <span class='ocrx_word' id='word_1_416' title='bbox 897 3265 961 3297; x_wconf 79' lang='lat' dir='ltr'>ult.</span> <span class='ocrx_word' id='word_1_417' title='bbox 1002 3263 1070 3297; x_wconf 81' lang='lat' dir='ltr'>(lici</span> <span class='ocrx_word' id='word_1_418' title='bbox 1100 3277 1195 3309; x_wconf 80' lang='lat' dir='ltr'>posse</span> <span class='ocrx_word' id='word_1_419' title='bbox 1224 3277 1305 3298; x_wconf 88' lang='lat' dir='ltr'>con-</span> 
     </span>
     <span class='ocr_line' id='line_1_60' title="bbox 185 3309 1306 3353; baseline -0.001 -8"><span class='ocrx_word' id='word_1_420' title='bbox 185 3309 306 3350; x_wconf 80' lang='lat' dir='ltr'>cedit,</span> <span class='ocrx_word' id='word_1_421' title='bbox 329 3310 642 3345; x_wconf 80' lang='lat' dir='ltr'>Circnxncisionem</span> <span class='ocrx_word' id='word_1_422' title='bbox 667 3310 853 3346; x_wconf 76' lang='lat' dir='ltr'>contulisse</span> <span class='ocrx_word' id='word_1_423' title='bbox 872 3311 1137 3353; x_wconf 74' lang='lat' dir='ltr'>characterem3</span> <span class='ocrx_word' id='word_1_424' title='bbox 1163 3310 1220 3346; x_wconf 84' lang='lat' dir='ltr'>sed</span> <span class='ocrx_word' id='word_1_425' title='bbox 1233 3314 1306 3347; x_wconf 81' lang='lat' dir='ltr'>An-</span> 
     </span>
    </p>
   </div>
   <div class='ocr_carea' id='block_1_3' title="bbox 1044 63 1660 108">
    <p class='ocr_par' dir='ltr' id='par_1_7' title="bbox 1044 63 1660 108">
     <span class='ocr_line' id='line_1_61' title="bbox 1044 63 1660 108; baseline -0.003 0"><span class='ocrx_word' id='word_1_426' title='bbox 1044 63 1310 108; x_wconf 85' lang='lat' dir='ltr'>DISSERT.</span> <span class='ocrx_word' id='word_1_427' title='bbox 1340 65 1372 107; x_wconf 92' lang='grc' dir='ltr'>Ι.</span> <span class='ocrx_word' id='word_1_428' title='bbox 1406 64 1534 108; x_wconf 88' lang='lat' dir='ltr'><strong>CAP.</strong></span> <span class='ocrx_word' id='word_1_429' title='bbox 1556 64 1660 108; x_wconf 85' lang='lat' dir='ltr'><strong>XII.</strong></span> 
     </span>
    </p>
   </div>
   <div class='ocr_carea' id='block_1_4' title="bbox 1345 140 2500 3184">
    <p class='ocr_par' dir='ltr' id='par_1_8' title="bbox 1354 140 2474 289">
     <span class='ocr_line' id='line_1_62' title="bbox 1354 140 2474 195; baseline 0.004 -14"><span class='ocrx_word' id='word_1_430' title='bbox 1354 145 1473 191; x_wconf 83' lang='lat' dir='ltr'>crati,</span> <span class='ocrx_word' id='word_1_431' title='bbox 1504 144 1537 180; x_wconf 87' lang='lat'>&amp;</span> <span class='ocrx_word' id='word_1_432' title='bbox 1567 145 1613 180; x_wconf 87' lang='lat' dir='ltr'>ad</span> <span class='ocrx_word' id='word_1_433' title='bbox 1643 159 1712 192; x_wconf 87' lang='lat' dir='ltr'>ea,</span> <span class='ocrx_word' id='word_1_434' title='bbox 1750 155 1837 195; x_wconf 83' lang='lat' dir='ltr'>quae</span> <span class='ocrx_word' id='word_1_435' title='bbox 1864 149 1955 185; x_wconf 79' lang='lat' dir='ltr'>sunt</span> <span class='ocrx_word' id='word_1_436' title='bbox 1983 140 2106 182; x_wconf 73' lang='lat' dir='ltr'>divini</span> <span class='ocrx_word' id='word_1_437' title='bbox 2135 141 2258 180; x_wconf 86' lang='lat' dir='ltr'>cultus</span> <span class='ocrx_word' id='word_1_438' title='bbox 2288 144 2346 182; x_wconf 86' lang='lat' dir='ltr'>vel</span> <span class='ocrx_word' id='word_1_439' title='bbox 2377 149 2474 186; x_wconf 83' lang='lat' dir='ltr'>reci-</span> 
     </span>
     <span class='ocr_line' id='line_1_63' title="bbox 1355 195 2474 249; baseline 0.003 -14"><span class='ocrx_word' id='word_1_440' title='bbox 1355 199 1518 249; x_wconf 78' lang='lat' dir='ltr'>pienda,</span> <span class='ocrx_word' id='word_1_441' title='bbox 1548 197 1608 236; x_wconf 78' lang='lat' dir='ltr'>vel</span> <span class='ocrx_word' id='word_1_442' title='bbox 1637 197 1722 236; x_wconf 82' lang='lat' dir='ltr'>aliis</span> <span class='ocrx_word' id='word_1_443' title='bbox 1750 196 1960 244; x_wconf 86' lang='lat' dir='ltr'>tradenda,</span> <span class='ocrx_word' id='word_1_444' title='bbox 1990 195 2179 248; x_wconf 78' lang='lat' dir='ltr'>spirituali</span> <span class='ocrx_word' id='word_1_445' title='bbox 2209 201 2379 248; x_wconf 81' lang='lat' dir='ltr'>potestati</span> <span class='ocrx_word' id='word_1_446' title='bbox 2409 200 2474 238; x_wconf 90' lang='lat' dir='ltr'>do-</span> 
     </span>
     <span class='ocr_line' id='line_1_64' title="bbox 1355 253 1457 289; baseline 0.01 -1"><span class='ocrx_word' id='word_1_447' title='bbox 1355 253 1428 288; x_wconf 80' lang='lat' dir='ltr'>nati</span> <span class='ocrx_word' id='word_1_448' title='bbox 1447 278 1457 289; x_wconf 92' lang='lat'><strong>.</strong></span> 
     </span>
    </p>

    <p class='ocr_par' dir='ltr' id='par_1_9' title="bbox 1345 302 2480 779">
     <span class='ocr_line' id='line_1_65' title="bbox 1411 302 2475 355; baseline 0.002 -14"><span class='ocrx_word' id='word_1_449' title='bbox 1411 304 1502 349; x_wconf 76' lang='grc'><strong>448.</strong></span> <span class='ocrx_word' id='word_1_450' title='bbox 1534 305 1657 341; x_wconf 88' lang='lat' dir='ltr'>Immo</span> <span class='ocrx_word' id='word_1_451' title='bbox 1686 303 1824 342; x_wconf 86' lang='lat' dir='ltr'>Doctor</span> <span class='ocrx_word' id='word_1_452' title='bbox 1856 302 2058 355; x_wconf 76' lang='lat' dir='ltr'>Angelicus</span> <span class='ocrx_word' id='word_1_453' title='bbox 2087 312 2156 341; x_wconf 86' lang='lat' dir='ltr'>art.</span> <span class='ocrx_word' id='word_1_454' title='bbox 2175 304 2211 342; x_wconf 89' lang='grc'>5.</span> <span class='ocrx_word' id='word_1_455' title='bbox 2241 303 2288 341; x_wconf 84' lang='lat' dir='ltr'>ad</span> <span class='ocrx_word' id='word_1_456' title='bbox 2305 304 2342 342; x_wconf 85' lang='grc'>5.</span> <span class='ocrx_word' id='word_1_457' title='bbox 2366 305 2475 343; x_wconf 75' lang='lat' dir='ltr'>indu-</span> 
     </span>
     <span class='ocr_line' id='line_1_66' title="bbox 1358 354 2476 409; baseline 0.001 -14"><span class='ocrx_word' id='word_1_458' title='bbox 1358 356 1524 395; x_wconf 81' lang='lat' dir='ltr'>bitanter</span> <span class='ocrx_word' id='word_1_459' title='bbox 1552 359 1705 404; x_wconf 71' lang='lat' dir='ltr'>asserit,</span> <span class='ocrx_word' id='word_1_460' title='bbox 1747 354 1849 407; x_wconf 78' lang='lat' dir='ltr'>quod</span> <span class='ocrx_word' id='word_1_461' title='bbox 1884 359 2063 408; x_wconf 68' lang='lat' dir='ltr'>quamvis</span> <span class='ocrx_word' id='word_1_462' title='bbox 2098 367 2183 409; x_wconf 74' lang='lat' dir='ltr'>post</span> <span class='ocrx_word' id='word_1_463' title='bbox 2219 356 2324 395; x_wconf 76' lang='lat' dir='ltr'>lianc</span> <span class='ocrx_word' id='word_1_464' title='bbox 2354 363 2476 396; x_wconf 64' lang='lat' dir='ltr'>vitam</span> 
     </span>
     <span class='ocr_line' id='line_1_67' title="bbox 1358 413 2475 458; baseline 0.003 -12"><span class='ocrx_word' id='word_1_465' title='bbox 1358 423 1439 446; x_wconf 85' lang='lat' dir='ltr'>non</span> <span class='ocrx_word' id='word_1_466' title='bbox 1468 419 1680 447; x_wconf 77' lang='lat' dir='ltr'>remaneat</span> <span class='ocrx_word' id='word_1_467' title='bbox 1710 414 1885 447; x_wconf 76' lang='lat' dir='ltr'>exterior</span> <span class='ocrx_word' id='word_1_468' title='bbox 1914 413 2065 458; x_wconf 81' lang='lat' dir='ltr'>cultus,</span> <span class='ocrx_word' id='word_1_469' title='bbox 2108 421 2292 449; x_wconf 71' lang='lat' dir='ltr'>remanet</span> <span class='ocrx_word' id='word_1_470' title='bbox 2334 421 2475 450; x_wconf 82' lang='lat' dir='ltr'>tamen</span> 
     </span>
     <span class='ocr_line' id='line_1_68' title="bbox 1345 461 2476 514; baseline 0.008 -19"><span class='ocrx_word' id='word_1_471' title='bbox 1345 461 1451 514; x_wconf 84' lang='lat' dir='ltr'>finis</span> <span class='ocrx_word' id='word_1_472' title='bbox 1480 462 1581 498; x_wconf 83' lang='lat' dir='ltr'>illius</span> <span class='ocrx_word' id='word_1_473' title='bbox 1610 462 1761 499; x_wconf 80' lang='lat' dir='ltr'>cultus.</span> <span class='ocrx_word' id='word_1_474' title='bbox 1806 462 1859 498; x_wconf 72' lang='lat' dir='ltr'>Et</span> <span class='ocrx_word' id='word_1_475' title='bbox 1889 462 1974 500; x_wconf 78' lang='lat' dir='ltr'>ideo</span> <span class='ocrx_word' id='word_1_476' title='bbox 2002 472 2087 512; x_wconf 80' lang='lat' dir='ltr'>post</span> <span class='ocrx_word' id='word_1_477' title='bbox 2117 463 2221 501; x_wconf 77' lang='lat' dir='ltr'>lianc</span> <span class='ocrx_word' id='word_1_478' title='bbox 2261 469 2385 502; x_wconf 60' lang='lat' dir='ltr'>vitam</span> <span class='ocrx_word' id='word_1_479' title='bbox 2415 479 2476 504; x_wconf 83' lang='lat' dir='ltr'>re-</span> 
     </span>
     <span class='ocr_line' id='line_1_69' title="bbox 1359 513 2476 571; baseline 0.004 -21"><span class='ocrx_word' id='word_1_480' title='bbox 1359 523 1496 551; x_wconf 79' lang='lat' dir='ltr'>manet</span> <span class='ocrx_word' id='word_1_481' title='bbox 1526 513 1765 560; x_wconf 69' lang='lat' dir='ltr'>character,</span> <span class='ocrx_word' id='word_1_482' title='bbox 1806 515 1858 553; x_wconf 61' lang='lat'>&lt;9³-</span> <span class='ocrx_word' id='word_1_483' title='bbox 1898 519 1938 553; x_wconf 79' lang='lat' dir='ltr'>in</span> <span class='ocrx_word' id='word_1_484' title='bbox 1982 515 2090 553; x_wconf 74' lang='lat' dir='ltr'>bonis</span> <span class='ocrx_word' id='word_1_485' title='bbox 2133 517 2187 554; x_wconf 81' lang='lat' dir='ltr'>ad</span> <span class='ocrx_word' id='word_1_486' title='bbox 2228 531 2365 555; x_wconf 84' lang='lat' dir='ltr'>eorum</span> <span class='ocrx_word' id='word_1_487' title='bbox 2393 519 2476 571; x_wconf 77' lang='lat' dir='ltr'>glo-</span> 
     </span>
     <span class='ocr_line' id='line_1_70' title="bbox 1359 566 2476 620; baseline 0.006 -17"><span class='ocrx_word' id='word_1_488' title='bbox 1359 571 1493 615; x_wconf 82' lang='lat' dir='ltr'>riam,</span> <span class='ocrx_word' id='word_1_489' title='bbox 1524 567 1574 606; x_wconf 68' lang='lat'>(9¹</span> <span class='ocrx_word' id='word_1_490' title='bbox 1603 570 1644 603; x_wconf 85' lang='lat' dir='ltr'>in</span> <span class='ocrx_word' id='word_1_491' title='bbox 1667 567 1784 603; x_wconf 85' lang='lat' dir='ltr'>malis</span> <span class='ocrx_word' id='word_1_492' title='bbox 1813 566 1869 603; x_wconf 82' lang='lat' dir='ltr'>ad</span> <span class='ocrx_word' id='word_1_493' title='bbox 1896 580 2032 605; x_wconf 85' lang='lat' dir='ltr'>eorum</span> <span class='ocrx_word' id='word_1_494' title='bbox 2051 573 2345 620; x_wconf 78' lang='lat' dir='ltr'>ignominiam,</span> <span class='ocrx_word' id='word_1_495' title='bbox 2377 576 2476 610; x_wconf 78' lang='lat' dir='ltr'>sicut</span> 
     </span>
     <span class='ocr_line' id='line_1_71' title="bbox 1359 619 2477 663; baseline 0.004 -5"><span class='ocrx_word' id='word_1_496' title='bbox 1359 623 1482 658; x_wconf 76' lang='lat' dir='ltr'>etiam</span> <span class='ocrx_word' id='word_1_497' title='bbox 1515 621 1700 657; x_wconf 79' lang='lat' dir='ltr'>militaris</span> <span class='ocrx_word' id='word_1_498' title='bbox 1728 619 1940 657; x_wconf 75' lang='lat' dir='ltr'>character</span> <span class='ocrx_word' id='word_1_499' title='bbox 1982 631 2167 660; x_wconf 76' lang='lat' dir='ltr'>remanet</span> <span class='ocrx_word' id='word_1_500' title='bbox 2209 627 2250 660; x_wconf 84' lang='lat' dir='ltr'>in</span> <span class='ocrx_word' id='word_1_501' title='bbox 2294 624 2477 663; x_wconf 73' lang='lat' dir='ltr'>militibus</span> 
     </span>
     <span class='ocr_line' id='line_1_72' title="bbox 1357 672 2478 727; baseline 0.004 -17"><span class='ocrx_word' id='word_1_502' title='bbox 1357 682 1440 724; x_wconf 78' lang='lat' dir='ltr'>post</span> <span class='ocrx_word' id='word_1_503' title='bbox 1471 672 1663 724; x_wconf 71' lang='lat' dir='ltr'>adeptam</span> <span class='ocrx_word' id='word_1_504' title='bbox 1692 677 1920 722; x_wconf 66' lang='lat' dir='ltr'>victoriam,</span> <span class='ocrx_word' id='word_1_505' title='bbox 1949 673 1997 713; x_wconf 61' lang='grc' dir='ltr'>Θ</span> <span class='ocrx_word' id='word_1_506' title='bbox 2019 677 2059 710; x_wconf 84' lang='lat' dir='ltr'>ia</span> <span class='ocrx_word' id='word_1_507' title='bbox 2080 674 2137 711; x_wconf 83' lang='lat' dir='ltr'>his</span> <span class='ocrx_word' id='word_1_508' title='bbox 2156 705 2166 721; x_wconf 90' lang='lat'><strong>‚</strong></span> <span class='ocrx_word' id='word_1_509' title='bbox 2195 680 2449 726; x_wconf 63' lang='lat' dir='ltr'>quiricerunt</span> <span class='ocrx_word' id='word_1_510' title='bbox 2466 709 2478 727; x_wconf 91' lang='lat'>,</span> 
     </span>
     <span class='ocr_line' id='line_1_73' title="bbox 1358 726 2480 779; baseline 0.004 -15"><span class='ocrx_word' id='word_1_511' title='bbox 1358 726 1414 764; x_wconf 68' lang='lat' dir='ltr'>acl</span> <span class='ocrx_word' id='word_1_512' title='bbox 1429 728 1622 778; x_wconf 72' lang='lat' dir='ltr'>gloriam,</span> <span class='ocrx_word' id='word_1_513' title='bbox 1653 728 1702 767; x_wconf 55' lang='grc' dir='ltr'><strong>ὠ</strong></span> <span class='ocrx_word' id='word_1_514' title='bbox 1723 731 1763 764; x_wconf 84' lang='lat' dir='ltr'>in</span> <span class='ocrx_word' id='word_1_515' title='bbox 1781 727 1839 764; x_wconf 76' lang='lat' dir='ltr'>his</span> <span class='ocrx_word' id='word_1_516' title='bbox 1856 757 1866 775; x_wconf 89' lang='lat'>,</span> <span class='ocrx_word' id='word_1_517' title='bbox 1897 730 1959 777; x_wconf 81' lang='lat' dir='ltr'>qui</span> <span class='ocrx_word' id='word_1_518' title='bbox 1980 737 2070 764; x_wconf 75' lang='lat' dir='ltr'>sunt</span> <span class='ocrx_word' id='word_1_519' title='bbox 2086 732 2172 765; x_wconf 66' lang='lat' dir='ltr'>victi</span> <span class='ocrx_word' id='word_1_520' title='bbox 2189 758 2199 775; x_wconf 90' lang='lat'>,</span> <span class='ocrx_word' id='word_1_521' title='bbox 2229 728 2285 765; x_wconf 78' lang='lat' dir='ltr'>ad</span> <span class='ocrx_word' id='word_1_522' title='bbox 2302 742 2480 779; x_wconf 83' lang='lat' dir='ltr'>poenam.</span> 
     </span>
    </p>

    <p class='ocr_par' dir='ltr' id='par_1_10' title="bbox 1356 779 2480 933">
     <span class='ocr_line' id='line_1_74' title="bbox 1411 779 2480 832; baseline 0.005 -15"><span class='ocrx_word' id='word_1_523' title='bbox 1411 780 1504 832; x_wconf 73' lang='grc'><strong>449.</strong></span> <span class='ocrx_word' id='word_1_524' title='bbox 1535 781 1623 818; x_wconf 80' lang='lat' dir='ltr'>lust.</span> <span class='ocrx_word' id='word_1_525' title='bbox 1652 779 1822 818; x_wconf 74' lang='lat' dir='ltr'>secundo</span> <span class='ocrx_word' id='word_1_526' title='bbox 1840 808 1850 818; x_wconf 92' lang='lat'><strong>.</strong></span> <span class='ocrx_word' id='word_1_527' title='bbox 1880 780 2006 818; x_wconf 84' lang='lat' dir='ltr'>Eccur</span> <span class='ocrx_word' id='word_1_528' title='bbox 2029 793 2099 818; x_wconf 88' lang='lat' dir='ltr'>non</span> <span class='ocrx_word' id='word_1_529' title='bbox 2121 783 2233 819; x_wconf 82' lang='lat' dir='ltr'>etiam</span> <span class='ocrx_word' id='word_1_530' title='bbox 2254 781 2480 823; x_wconf 79' lang='lat' dir='ltr'>Sacramen-</span> 
     </span>
     <span class='ocr_line' id='line_1_75' title="bbox 1357 833 2480 889; baseline 0.004 -19"><span class='ocrx_word' id='word_1_531' title='bbox 1357 841 1393 871; x_wconf 86' lang='lat' dir='ltr'>ta</span> <span class='ocrx_word' id='word_1_532' title='bbox 1423 835 1558 871; x_wconf 85' lang='lat' dir='ltr'>veteris</span> <span class='ocrx_word' id='word_1_533' title='bbox 1587 834 1678 885; x_wconf 82' lang='lat' dir='ltr'>legis</span> <span class='ocrx_word' id='word_1_534' title='bbox 1695 865 1705 882; x_wconf 83' lang='lat'>‚</span> <span class='ocrx_word' id='word_1_535' title='bbox 1735 848 1824 885; x_wconf 80' lang='lat' dir='ltr'>quae</span> <span class='ocrx_word' id='word_1_536' title='bbox 1853 843 1953 873; x_wconf 88' lang='lat' dir='ltr'>certe</span> <span class='ocrx_word' id='word_1_537' title='bbox 1974 835 2019 871; x_wconf 82' lang='lat' dir='ltr'>ad</span> <span class='ocrx_word' id='word_1_538' title='bbox 2037 833 2184 873; x_wconf 80' lang='lat' dir='ltr'>cultum</span> <span class='ocrx_word' id='word_1_539' title='bbox 2201 835 2377 874; x_wconf 82' lang='lat' dir='ltr'>divinum</span> <span class='ocrx_word' id='word_1_540' title='bbox 2395 851 2480 889; x_wconf 86' lang='lat' dir='ltr'>per-</span> 
     </span>
     <span class='ocr_line' id='line_1_76' title="bbox 1356 886 2149 933; baseline 0.003 -9"><span class='ocrx_word' id='word_1_541' title='bbox 1356 886 1552 933; x_wconf 81' lang='lat' dir='ltr'>tinebant,</span> <span class='ocrx_word' id='word_1_542' title='bbox 1583 888 1842 925; x_wconf 84' lang='lat' dir='ltr'>characterem</span> <span class='ocrx_word' id='word_1_543' title='bbox 1874 887 2149 926; x_wconf 76' lang='lat' dir='ltr'>conserebant?</span> 
     </span>
    </p>

    <p class='ocr_par' dir='ltr' id='par_1_11' title="bbox 1355 939 2481 1368">
     <span class='ocr_line' id='line_1_77' title="bbox 1410 939 2479 994; baseline 0.004 -17"><span class='ocrx_word' id='word_1_544' title='bbox 1410 940 1503 985; x_wconf 84' lang='grc'><strong>450.</strong></span> <span class='ocrx_word' id='word_1_545' title='bbox 1535 939 1746 992; x_wconf 84' lang='lat' dir='ltr'>Respondet</span> <span class='ocrx_word' id='word_1_546' title='bbox 1776 942 1815 979; x_wconf 82' lang='grc'>8.</span> <span class='ocrx_word' id='word_1_547' title='bbox 1845 941 2013 979; x_wconf 85' lang='lat' dir='ltr'>Thomas</span> <span class='ocrx_word' id='word_1_548' title='bbox 2042 950 2112 980; x_wconf 85' lang='lat' dir='ltr'>art.</span> <span class='ocrx_word' id='word_1_549' title='bbox 2134 955 2167 979; x_wconf 87' lang='grc' dir='ltr'>ι.</span> <span class='ocrx_word' id='word_1_550' title='bbox 2197 942 2244 980; x_wconf 83' lang='lat' dir='ltr'>ad</span> <span class='ocrx_word' id='word_1_551' title='bbox 2275 942 2312 981; x_wconf 80' lang='lat'><strong>3.</strong></span> <span class='ocrx_word' id='word_1_552' title='bbox 2330 973 2341 990; x_wconf 84' lang='lat'>,</span> <span class='ocrx_word' id='word_1_553' title='bbox 2379 943 2479 994; x_wconf 76' lang='lat' dir='ltr'>quod</span> 
     </span>
     <span class='ocr_line' id='line_1_78' title="bbox 1355 993 2475 1047; baseline 0.004 -16"><span class='ocrx_word' id='word_1_554' title='bbox 1355 993 1630 1031; x_wconf 68' lang='lat' dir='ltr'>Sacramenta</span> <span class='ocrx_word' id='word_1_555' title='bbox 1659 998 1798 1032; x_wconf 67' lang='lat' dir='ltr'>veteris</span> <span class='ocrx_word' id='word_1_556' title='bbox 1813 995 1911 1047; x_wconf 76' lang='lat' dir='ltr'>Iegis</span> <span class='ocrx_word' id='word_1_557' title='bbox 1931 1009 2011 1032; x_wconf 85' lang='lat' dir='ltr'>non</span> <span class='ocrx_word' id='word_1_558' title='bbox 2031 994 2228 1033; x_wconf 73' lang='lat' dir='ltr'>habebant</span> <span class='ocrx_word' id='word_1_559' title='bbox 2258 999 2295 1032; x_wconf 84' lang='lat' dir='ltr'>in</span> <span class='ocrx_word' id='word_1_560' title='bbox 2328 1010 2370 1034; x_wconf 83' lang='lat' dir='ltr'>se</span> <span class='ocrx_word' id='word_1_561' title='bbox 2398 1001 2475 1044; x_wconf 82' lang='lat' dir='ltr'>spi-</span> 
     </span>
     <span class='ocr_line' id='line_1_79' title="bbox 1355 1047 2476 1098; baseline 0.004 -14"><span class='ocrx_word' id='word_1_562' title='bbox 1355 1049 1541 1085; x_wconf 78' lang='lat' dir='ltr'>ritualem</span> <span class='ocrx_word' id='word_1_563' title='bbox 1571 1051 1752 1086; x_wconf 68' lang='lat' dir='ltr'>virtutem</span> <span class='ocrx_word' id='word_1_564' title='bbox 1782 1047 1836 1085; x_wconf 71' lang='lat' dir='ltr'>acl</span> <span class='ocrx_word' id='word_1_565' title='bbox 1878 1049 2053 1098; x_wconf 79' lang='lat' dir='ltr'>aliquem</span> <span class='ocrx_word' id='word_1_566' title='bbox 2095 1050 2345 1098; x_wconf 83' lang='lat' dir='ltr'>spiritualem</span> <span class='ocrx_word' id='word_1_567' title='bbox 2380 1049 2476 1098; x_wconf 75' lang='lat' dir='ltr'>effe-</span> 
     </span>
     <span class='ocr_line' id='line_1_80' title="bbox 1355 1101 2478 1152; baseline 0.003 -14"><span class='ocrx_word' id='word_1_568' title='bbox 1355 1110 1462 1138; x_wconf 74' lang='lat' dir='ltr'>ccum</span> <span class='ocrx_word' id='word_1_569' title='bbox 1492 1101 1767 1152; x_wconf 74' lang='lat' dir='ltr'>operandum:</span> <span class='ocrx_word' id='word_1_570' title='bbox 1805 1101 1855 1142; x_wconf 59' lang='grc' dir='ltr'>ἴθ’</span> <span class='ocrx_word' id='word_1_571' title='bbox 1893 1101 1978 1139; x_wconf 75' lang='lat' dir='ltr'>itleo</span> <span class='ocrx_word' id='word_1_572' title='bbox 2015 1105 2055 1139; x_wconf 82' lang='lat' dir='ltr'>in</span> <span class='ocrx_word' id='word_1_573' title='bbox 2094 1103 2169 1139; x_wconf 79' lang='lat' dir='ltr'>illis</span> <span class='ocrx_word' id='word_1_574' title='bbox 2198 1102 2478 1141; x_wconf 78' lang='lat' dir='ltr'>Sacramentis</span> 
     </span>
     <span class='ocr_line' id='line_1_81' title="bbox 1356 1154 2481 1206; baseline 0.002 -14"><span class='ocrx_word' id='word_1_575' title='bbox 1356 1169 1436 1192; x_wconf 83' lang='lat' dir='ltr'>non</span> <span class='ocrx_word' id='word_1_576' title='bbox 1454 1154 1723 1204; x_wconf 68' lang='lat' dir='ltr'>requirebatur</span> <span class='ocrx_word' id='word_1_577' title='bbox 1742 1155 1884 1206; x_wconf 80' lang='lat' dir='ltr'>aliquis</span> <span class='ocrx_word' id='word_1_578' title='bbox 1905 1155 2120 1204; x_wconf 79' lang='lat' dir='ltr'>spiritualis</span> <span class='ocrx_word' id='word_1_579' title='bbox 2141 1154 2354 1192; x_wconf 72' lang='lat' dir='ltr'>character</span> <span class='ocrx_word' id='word_1_580' title='bbox 2370 1187 2380 1204; x_wconf 80' lang='grc'>,</span> <span class='ocrx_word' id='word_1_581' title='bbox 2411 1157 2481 1194; x_wconf 73' lang='lat' dir='ltr'>sed.</span> 
     </span>
     <span class='ocr_line' id='line_1_82' title="bbox 1355 1207 2479 1260; baseline 0.001 -14"><span class='ocrx_word' id='word_1_582' title='bbox 1355 1222 1398 1246; x_wconf 72' lang='lat' dir='ltr'>sn</span> <span class='ocrx_word' id='word_1_583' title='bbox 1430 1208 1574 1247; x_wconf 66' lang='lat' dir='ltr'>relebac</span> <span class='ocrx_word' id='word_1_584' title='bbox 1604 1208 1651 1246; x_wconf 76' lang='lat' dir='ltr'>ibi</span> <span class='ocrx_word' id='word_1_585' title='bbox 1682 1209 1900 1260; x_wconf 80' lang='lat' dir='ltr'>corporalis</span> <span class='ocrx_word' id='word_1_586' title='bbox 1919 1207 2200 1254; x_wconf 80' lang='lat' dir='ltr'>Circumcisio,</span> <span class='ocrx_word' id='word_1_587' title='bbox 2229 1222 2352 1259; x_wconf 78' lang='lat' dir='ltr'>quam</span> <span class='ocrx_word' id='word_1_588' title='bbox 2375 1210 2479 1259; x_wconf 75' lang='lat' dir='ltr'>Apo·</span> 
     </span>
     <span class='ocr_line' id='line_1_83' title="bbox 1356 1260 2474 1315; baseline 0.001 -15"><span class='ocrx_word' id='word_1_589' title='bbox 1356 1263 1475 1300; x_wconf 79' lang='lat' dir='ltr'>stolus</span> <span class='ocrx_word' id='word_1_590' title='bbox 1504 1264 1756 1315; x_wconf 75' lang='lat' dir='ltr'>signaculum</span> <span class='ocrx_word' id='word_1_591' title='bbox 1785 1267 1973 1301; x_wconf 74' lang='lat' dir='ltr'>nominat</span> <span class='ocrx_word' id='word_1_592' title='bbox 2003 1260 2207 1300; x_wconf 82' lang='lat' dir='ltr'><strong>Rom.IV.</strong></span> <span class='ocrx_word' id='word_1_593' title='bbox 2241 1262 2328 1300; x_wconf 89' lang='lat' dir='ltr'>Vid.</span> <span class='ocrx_word' id='word_1_594' title='bbox 2359 1266 2474 1301; x_wconf 81' lang='lat' dir='ltr'>etiam</span> 
     </span>
     <span class='ocr_line' id='line_1_84' title="bbox 1357 1318 1909 1368; baseline 0.004 -15"><span class='ocrx_word' id='word_1_595' title='bbox 1357 1330 1424 1368; x_wconf 86' lang='lat' dir='ltr'>qu.</span> <span class='ocrx_word' id='word_1_596' title='bbox 1445 1331 1509 1366; x_wconf 73' lang='lat'><strong>72.</strong></span> <span class='ocrx_word' id='word_1_597' title='bbox 1538 1326 1607 1354; x_wconf 82' lang='lat' dir='ltr'>art.</span> <span class='ocrx_word' id='word_1_598' title='bbox 1626 1318 1662 1354; x_wconf 87' lang='lat'>5.</span> <span class='ocrx_word' id='word_1_599' title='bbox 1693 1318 1738 1354; x_wconf 90' lang='lat' dir='ltr'>ad</span> <span class='ocrx_word' id='word_1_600' title='bbox 1762 1318 1799 1356; x_wconf 79' lang='grc'>5.</span> <span class='ocrx_word' id='word_1_601' title='bbox 1817 1318 1880 1366; x_wconf 82' lang='grc' dir='ltr'>(α)</span> <span class='ocrx_word' id='word_1_602' title='bbox 1900 1343 1909 1355; x_wconf 87' lang='grc'>.</span> 
     </span>
    </p>

    <p class='ocr_par' dir='ltr' id='par_1_12' title="bbox 1357 1369 2486 1582">
     <span class='ocr_line' id='line_1_85' title="bbox 1413 1369 2485 1418; baseline 0 -11"><span class='ocrx_word' id='word_1_603' title='bbox 1413 1370 1504 1415; x_wconf 66' lang='grc'><strong>451.</strong></span> <span class='ocrx_word' id='word_1_604' title='bbox 1537 1370 1625 1408; x_wconf 81' lang='lat' dir='ltr'>Inst.</span> <span class='ocrx_word' id='word_1_605' title='bbox 1648 1374 1789 1408; x_wconf 83' lang='lat' dir='ltr'>tertio.</span> <span class='ocrx_word' id='word_1_606' title='bbox 1820 1371 1950 1418; x_wconf 81' lang='lat' dir='ltr'>Quare</span> <span class='ocrx_word' id='word_1_607' title='bbox 1979 1383 2051 1408; x_wconf 87' lang='lat' dir='ltr'>non</span> <span class='ocrx_word' id='word_1_608' title='bbox 2080 1369 2259 1408; x_wconf 78' lang='lat' dir='ltr'>omnibns</span> <span class='ocrx_word' id='word_1_609' title='bbox 2288 1383 2400 1407; x_wconf 82' lang='lat' dir='ltr'>novae</span> <span class='ocrx_word' id='word_1_610' title='bbox 2429 1369 2485 1408; x_wconf 78' lang='lat' dir='ltr'>le-</span> 
     </span>
     <span class='ocr_line' id='line_1_86' title="bbox 1357 1422 2486 1475; baseline 0.001 -15"><span class='ocrx_word' id='word_1_611' title='bbox 1357 1423 1412 1473; x_wconf 83' lang='lat' dir='ltr'>gis</span> <span class='ocrx_word' id='word_1_612' title='bbox 1443 1422 1696 1461; x_wconf 86' lang='lat' dir='ltr'>Sacrameutis</span> <span class='ocrx_word' id='word_1_613' title='bbox 1727 1424 1810 1461; x_wconf 78' lang='lat' dir='ltr'>haec</span> <span class='ocrx_word' id='word_1_614' title='bbox 1838 1426 1959 1463; x_wconf 84' lang='lat' dir='ltr'>virtus</span> <span class='ocrx_word' id='word_1_615' title='bbox 2002 1423 2249 1475; x_wconf 85' lang='lat' dir='ltr'>imprimendi</span> <span class='ocrx_word' id='word_1_616' title='bbox 2293 1422 2486 1461; x_wconf 79' lang='lat' dir='ltr'>characte-</span> 
     </span>
     <span class='ocr_line' id='line_1_87' title="bbox 1362 1475 2483 1529; baseline 0.003 -17"><span class='ocrx_word' id='word_1_617' title='bbox 1362 1489 1442 1513; x_wconf 89' lang='lat' dir='ltr'>rem</span> <span class='ocrx_word' id='word_1_618' title='bbox 1473 1478 1678 1528; x_wconf 80' lang='lat' dir='ltr'>competit3</span> <span class='ocrx_word' id='word_1_619' title='bbox 1720 1478 1932 1529; x_wconf 82' lang='lat' dir='ltr'>praesertim</span> <span class='ocrx_word' id='word_1_620' title='bbox 1963 1490 2052 1514; x_wconf 89' lang='lat' dir='ltr'>vero</span> <span class='ocrx_word' id='word_1_621' title='bbox 2080 1475 2333 1514; x_wconf 66' lang='lat' dir='ltr'>Eucharistiae</span> <span class='ocrx_word' id='word_1_622' title='bbox 2353 1507 2364 1525; x_wconf 86' lang='lat'>,</span> <span class='ocrx_word' id='word_1_623' title='bbox 2393 1491 2483 1529; x_wconf 82' lang='lat' dir='ltr'>quae</span> 
     </span>
     <span class='ocr_line' id='line_1_88' title="bbox 1362 1527 2243 1582; baseline 0.001 -17"><span class='ocrx_word' id='word_1_624' title='bbox 1362 1529 1438 1566; x_wconf 84' lang='lat' dir='ltr'>alia</span> <span class='ocrx_word' id='word_1_625' title='bbox 1470 1530 1715 1569; x_wconf 72' lang='lat' dir='ltr'>Sicramenta</span> <span class='ocrx_word' id='word_1_626' title='bbox 1743 1532 1782 1568; x_wconf 88' lang='lat' dir='ltr'>in</span> <span class='ocrx_word' id='word_1_627' title='bbox 1812 1532 1994 1582; x_wconf 83' lang='lat' dir='ltr'>dignitate</span> <span class='ocrx_word' id='word_1_628' title='bbox 2023 1527 2243 1580; x_wconf 69' lang='lat' dir='ltr'>praecellit?</span> 
     </span>
    </p>

    <p class='ocr_par' dir='ltr' id='par_1_13' title="bbox 1358 1581 2500 2809">
     <span class='ocr_line' id='line_1_89' title="bbox 1416 1581 2486 1634; baseline 0.001 -14"><span class='ocrx_word' id='word_1_629' title='bbox 1416 1582 1507 1627; x_wconf 70' lang='lat'><strong>452.</strong></span> <span class='ocrx_word' id='word_1_630' title='bbox 1541 1582 1760 1634; x_wconf 76' lang='lat' dir='ltr'>Respondeo</span> <span class='ocrx_word' id='word_1_631' title='bbox 1788 1585 1926 1621; x_wconf 88' lang='lat' dir='ltr'>iterum</span> <span class='ocrx_word' id='word_1_632' title='bbox 1956 1596 2045 1620; x_wconf 89' lang='lat' dir='ltr'>cum</span> <span class='ocrx_word' id='word_1_633' title='bbox 2075 1583 2115 1620; x_wconf 89' lang='lat' dir='ltr'>S.</span> <span class='ocrx_word' id='word_1_634' title='bbox 2146 1581 2319 1631; x_wconf 81' lang='lat' dir='ltr'>Thoma,</span> <span class='ocrx_word' id='word_1_635' title='bbox 2350 1584 2486 1621; x_wconf 86' lang='lat' dir='ltr'>nonni-</span> 
     </span>
     <span class='ocr_line' id='line_1_90' title="bbox 1359 1635 2500 1688; baseline 0.004 -18"><span class='ocrx_word' id='word_1_636' title='bbox 1359 1635 1390 1671; x_wconf 91' lang='lat' dir='ltr'>si</span> <span class='ocrx_word' id='word_1_637' title='bbox 1412 1649 1455 1671; x_wconf 85' lang='lat' dir='ltr'>ea</span> <span class='ocrx_word' id='word_1_638' title='bbox 1472 1635 1716 1673; x_wconf 75' lang='lat' dir='ltr'>Sacramenta</span> <span class='ocrx_word' id='word_1_639' title='bbox 1734 1637 1958 1688; x_wconf 88' lang='lat' dir='ltr'>imprimere</span> <span class='ocrx_word' id='word_1_640' title='bbox 1979 1636 2236 1673; x_wconf 81' lang='lat' dir='ltr'>characterem</span> <span class='ocrx_word' id='word_1_641' title='bbox 2257 1665 2267 1682; x_wconf 83' lang='lat'>,</span> <span class='ocrx_word' id='word_1_642' title='bbox 2289 1650 2377 1687; x_wconf 80' lang='lat' dir='ltr'>quae</span> <span class='ocrx_word' id='word_1_643' title='bbox 2399 1650 2500 1675; x_wconf 77' lang='lat' dir='ltr'>con--</span> 
     </span>
     <span class='ocr_line' id='line_1_91' title="bbox 1359 1687 2485 1741; baseline 0.002 -17"><span class='ocrx_word' id='word_1_644' title='bbox 1359 1687 1484 1725; x_wconf 82' lang='lat' dir='ltr'>ferunt</span> <span class='ocrx_word' id='word_1_645' title='bbox 1512 1697 1730 1741; x_wconf 70' lang='lat' dir='ltr'>potestatem</span> <span class='ocrx_word' id='word_1_646' title='bbox 1760 1688 1909 1741; x_wconf 85' lang='lat' dir='ltr'>aliquid</span> <span class='ocrx_word' id='word_1_647' title='bbox 1940 1688 2172 1739; x_wconf 83' lang='lat' dir='ltr'>recipiendi,</span> <span class='ocrx_word' id='word_1_648' title='bbox 2203 1687 2261 1724; x_wconf 80' lang='lat' dir='ltr'>vel</span> <span class='ocrx_word' id='word_1_649' title='bbox 2292 1688 2377 1726; x_wconf 82' lang='lat' dir='ltr'>aliis</span> <span class='ocrx_word' id='word_1_650' title='bbox 2408 1698 2485 1727; x_wconf 86' lang='lat' dir='ltr'>tra-</span> 
     </span>
     <span class='ocr_line' id='line_1_92' title="bbox 1358 1740 2486 1794; baseline 0.003 -18"><span class='ocrx_word' id='word_1_651' title='bbox 1358 1740 1473 1779; x_wconf 83' lang='lat' dir='ltr'>dendi</span> <span class='ocrx_word' id='word_1_652' title='bbox 1490 1772 1500 1790; x_wconf 86' lang='lat'>,</span> <span class='ocrx_word' id='word_1_653' title='bbox 1531 1742 1632 1794; x_wconf 82' lang='lat' dir='ltr'>quod</span> <span class='ocrx_word' id='word_1_654' title='bbox 1661 1743 1820 1794; x_wconf 85' lang='lat' dir='ltr'>pertinet</span> <span class='ocrx_word' id='word_1_655' title='bbox 1849 1742 1894 1779; x_wconf 86' lang='lat' dir='ltr'>ad</span> <span class='ocrx_word' id='word_1_656' title='bbox 1911 1742 2087 1779; x_wconf 89' lang='lat' dir='ltr'>divinum</span> <span class='ocrx_word' id='word_1_657' title='bbox 2103 1741 2278 1785; x_wconf 82' lang='lat' dir='ltr'>cultum3</span> <span class='ocrx_word' id='word_1_658' title='bbox 2307 1755 2395 1793; x_wconf 80' lang='lat' dir='ltr'>qnae</span> <span class='ocrx_word' id='word_1_659' title='bbox 2419 1755 2486 1794; x_wconf 88' lang='lat' dir='ltr'>po-</span> 
     </span>
     <span class='ocr_line' id='line_1_93' title="bbox 1359 1794 2486 1848; baseline 0.002 -17"><span class='ocrx_word' id='word_1_660' title='bbox 1359 1803 1468 1832; x_wconf 86' lang='lat' dir='ltr'>testas</span> <span class='ocrx_word' id='word_1_661' title='bbox 1499 1804 1537 1832; x_wconf 85' lang='lat' dir='ltr'>ut</span> <span class='ocrx_word' id='word_1_662' title='bbox 1567 1809 1680 1848; x_wconf 82' lang='lat' dir='ltr'>supra</span> <span class='ocrx_word' id='word_1_663' title='bbox 1710 1795 1944 1833; x_wconf 83' lang='lat' dir='ltr'>declaratum</span> <span class='ocrx_word' id='word_1_664' title='bbox 1975 1804 2028 1832; x_wconf 88' lang='lat' dir='ltr'>est</span> <span class='ocrx_word' id='word_1_665' title='bbox 2058 1808 2097 1832; x_wconf 90' lang='lat' dir='ltr'>n.</span> <span class='ocrx_word' id='word_1_666' title='bbox 2119 1794 2211 1840; x_wconf 81' lang='grc'><strong>445.</strong></span> <span class='ocrx_word' id='word_1_667' title='bbox 2242 1796 2387 1832; x_wconf 85' lang='lat' dir='ltr'>nonnisi</span> <span class='ocrx_word' id='word_1_668' title='bbox 2419 1809 2486 1846; x_wconf 82' lang='lat' dir='ltr'>per</span> 
     </span>
     <span class='ocr_line' id='line_1_94' title="bbox 1361 1848 2483 1900; baseline 0.002 -15"><span class='ocrx_word' id='word_1_669' title='bbox 1361 1848 1629 1900; x_wconf 80' lang='lat' dir='ltr'>Baptismum,</span> <span class='ocrx_word' id='word_1_670' title='bbox 1658 1849 2019 1895; x_wconf 79' lang='lat' dir='ltr'>confirmationem,</span> <span class='ocrx_word' id='word_1_671' title='bbox 2058 1848 2090 1883; x_wconf 77' lang='lat'>8&lt;</span> <span class='ocrx_word' id='word_1_672' title='bbox 2120 1848 2302 1885; x_wconf 88' lang='lat' dir='ltr'>Ordinem</span> <span class='ocrx_word' id='word_1_673' title='bbox 2334 1849 2483 1887; x_wconf 79' lang='lat' dir='ltr'>confer-</span> 
     </span>
     <span class='ocr_line' id='line_1_95' title="bbox 1359 1899 2484 1951; baseline 0.001 -13"><span class='ocrx_word' id='word_1_674' title='bbox 1359 1910 1420 1939; x_wconf 88' lang='lat' dir='ltr'>tur</span> <span class='ocrx_word' id='word_1_675' title='bbox 1437 1928 1446 1938; x_wconf 90' lang='lat'><strong>.</strong></span> <span class='ocrx_word' id='word_1_676' title='bbox 1478 1900 1721 1939; x_wconf 87' lang='lat' dir='ltr'>Eucharistia</span> <span class='ocrx_word' id='word_1_677' title='bbox 1741 1911 1870 1940; x_wconf 87' lang='lat' dir='ltr'>autem</span> <span class='ocrx_word' id='word_1_678' title='bbox 1890 1915 1964 1938; x_wconf 88' lang='lat' dir='ltr'>non</span> <span class='ocrx_word' id='word_1_679' title='bbox 1988 1901 2177 1951; x_wconf 88' lang='lat' dir='ltr'>imprimit</span> <span class='ocrx_word' id='word_1_680' title='bbox 2197 1899 2454 1939; x_wconf 82' lang='lat' dir='ltr'>characterem</span> <span class='ocrx_word' id='word_1_681' title='bbox 2472 1932 2484 1951; x_wconf 88' lang='lat'>,</span> 
     </span>
     <span class='ocr_line' id='line_1_96' title="bbox 1360 1952 2484 2007; baseline 0.002 -16"><span class='ocrx_word' id='word_1_682' title='bbox 1360 1955 1471 2007; x_wconf 86' lang='lat' dir='ltr'>quia,</span> <span class='ocrx_word' id='word_1_683' title='bbox 1503 1964 1540 1990; x_wconf 90' lang='lat' dir='ltr'>ut</span> <span class='ocrx_word' id='word_1_684' title='bbox 1568 1954 1741 1992; x_wconf 86' lang='lat' dir='ltr'>observat</span> <span class='ocrx_word' id='word_1_685' title='bbox 1770 1954 1810 1992; x_wconf 83' lang='lat' dir='ltr'><strong>S.</strong></span> <span class='ocrx_word' id='word_1_686' title='bbox 1841 1955 1980 1991; x_wconf 88' lang='lat' dir='ltr'>Doctor</span> <span class='ocrx_word' id='word_1_687' title='bbox 2010 1963 2079 1990; x_wconf 85' lang='lat' dir='ltr'>art.</span> <span class='ocrx_word' id='word_1_688' title='bbox 2100 1952 2139 1991; x_wconf 90' lang='grc'><strong>6.</strong></span> <span class='ocrx_word' id='word_1_689' title='bbox 2171 1983 2196 2001; x_wconf 77' lang='lat'>,‚</span> <span class='ocrx_word' id='word_1_690' title='bbox 2219 1966 2285 2003; x_wconf 89' lang='lat' dir='ltr'>per</span> <span class='ocrx_word' id='word_1_691' title='bbox 2316 1953 2386 1992; x_wconf 86' lang='lat' dir='ltr'>hoc</span> <span class='ocrx_word' id='word_1_692' title='bbox 2415 1956 2484 1993; x_wconf 85' lang='lat' dir='ltr'>Sa-</span> 
     </span>
     <span class='ocr_line' id='line_1_97' title="bbox 1362 2006 2485 2058; baseline 0.001 -14"><span class='ocrx_word' id='word_1_693' title='bbox 1362 2038 1387 2057; x_wconf 83' lang='lat'>„</span> <span class='ocrx_word' id='word_1_694' title='bbox 1417 2016 1653 2045; x_wconf 88' lang='lat' dir='ltr'>eramentum</span> <span class='ocrx_word' id='word_1_695' title='bbox 1685 2020 1755 2044; x_wconf 93' lang='lat' dir='ltr'>non</span> <span class='ocrx_word' id='word_1_696' title='bbox 1783 2007 1979 2045; x_wconf 83' lang='lat' dir='ltr'>ordinatur</span> <span class='ocrx_word' id='word_1_697' title='bbox 2010 2006 2124 2043; x_wconf 83' lang='lat' dir='ltr'>homo</span> <span class='ocrx_word' id='word_1_698' title='bbox 2153 2008 2197 2044; x_wconf 84' lang='lat' dir='ltr'>ad</span> <span class='ocrx_word' id='word_1_699' title='bbox 2220 2006 2366 2058; x_wconf 77' lang='lat' dir='ltr'>aliquid</span> <span class='ocrx_word' id='word_1_700' title='bbox 2391 2008 2485 2046; x_wconf 79' lang='lat' dir='ltr'>ulte-</span> 
     </span>
     <span class='ocr_line' id='line_1_98' title="bbox 1363 2059 2486 2112; baseline 0.002 -15"><span class='ocrx_word' id='word_1_701' title='bbox 1363 2091 1389 2110; x_wconf 78' lang='lat'>„</span> <span class='ocrx_word' id='word_1_702' title='bbox 1421 2062 1500 2098; x_wconf 84' lang='lat' dir='ltr'>rius</span> <span class='ocrx_word' id='word_1_703' title='bbox 1529 2061 1717 2112; x_wconf 86' lang='lat' dir='ltr'>agendum</span> <span class='ocrx_word' id='word_1_704' title='bbox 1737 2091 1748 2109; x_wconf 81' lang='lat'>,</span> <span class='ocrx_word' id='word_1_705' title='bbox 1778 2060 1839 2097; x_wconf 89' lang='lat' dir='ltr'>vel</span> <span class='ocrx_word' id='word_1_706' title='bbox 1868 2059 2132 2111; x_wconf 86' lang='lat' dir='ltr'>recipiendum</span> <span class='ocrx_word' id='word_1_707' title='bbox 2164 2061 2486 2110; x_wconf 80' lang='lat' dir='ltr'>inSacramentis‚</span> 
     </span>
     <span class='ocr_line' id='line_1_99' title="bbox 1364 2114 2491 2167; baseline 0 -15"><span class='ocrx_word' id='word_1_708' title='bbox 1364 2145 1390 2164; x_wconf 80' lang='lat'>‚‚</span> <span class='ocrx_word' id='word_1_709' title='bbox 1421 2128 1509 2152; x_wconf 86' lang='lat' dir='ltr'>cum</span> <span class='ocrx_word' id='word_1_710' title='bbox 1540 2115 1663 2166; x_wconf 88' lang='lat' dir='ltr'>potius</span> <span class='ocrx_word' id='word_1_711' title='bbox 1693 2116 1736 2152; x_wconf 86' lang='lat' dir='ltr'>sit</span> <span class='ocrx_word' id='word_1_712' title='bbox 1754 2114 1887 2167; x_wconf 81' lang='lat' dir='ltr'>fini5‚</span> <span class='ocrx_word' id='word_1_713' title='bbox 1916 2114 2276 2154; x_wconf 75' lang='lat' dir='ltr'>&amp;consummatio</span> <span class='ocrx_word' id='word_1_714' title='bbox 2304 2120 2491 2152; x_wconf 74' lang='lat' dir='ltr'>onmium.</span> 
     </span>
     <span class='ocr_line' id='line_1_100' title="bbox 1364 2168 2486 2220; baseline 0.001 -15"><span class='ocrx_word' id='word_1_715' title='bbox 1364 2198 1390 2217; x_wconf 79' lang='lat'>„</span> <span class='ocrx_word' id='word_1_716' title='bbox 1420 2168 1777 2206; x_wconf 64' lang='lat' dir='ltr'>Sacramentorum</span> <span class='ocrx_word' id='word_1_717' title='bbox 1795 2198 1805 2214; x_wconf 82' lang='lat'>‚</span> <span class='ocrx_word' id='word_1_718' title='bbox 1828 2176 1867 2205; x_wconf 88' lang='lat' dir='ltr'>ut</span> <span class='ocrx_word' id='word_1_719' title='bbox 1884 2168 2092 2219; x_wconf 83' lang='lat' dir='ltr'>Dionysius</span> <span class='ocrx_word' id='word_1_720' title='bbox 2108 2168 2197 2205; x_wconf 87' lang='lat' dir='ltr'>dicit</span> <span class='ocrx_word' id='word_1_721' title='bbox 2214 2182 2298 2220; x_wconf 75' lang='lat' dir='ltr'>cap.</span> <span class='ocrx_word' id='word_1_722' title='bbox 2317 2169 2353 2206; x_wconf 79' lang='lat'>5.</span> <span class='ocrx_word' id='word_1_723' title='bbox 2370 2168 2486 2207; x_wconf 82' lang='lat' dir='ltr'>Eccl.</span> 
     </span>
     <span class='ocr_line' id='line_1_101' title="bbox 1364 2220 2488 2272; baseline 0.002 -14"><span class='ocrx_word' id='word_1_724' title='bbox 1364 2251 1391 2271; x_wconf 91' lang='lat'>„</span> <span class='ocrx_word' id='word_1_725' title='bbox 1422 2220 1732 2270; x_wconf 71' lang='lat' dir='ltr'>Hierarclzioe&#39;&#39;‚</span> <span class='ocrx_word' id='word_1_726' title='bbox 1762 2222 1810 2260; x_wconf 86' lang='lat' dir='ltr'>Et</span> <span class='ocrx_word' id='word_1_727' title='bbox 1838 2235 1926 2259; x_wconf 89' lang='lat' dir='ltr'>cnm</span> <span class='ocrx_word' id='word_1_728' title='bbox 1949 2223 2021 2259; x_wconf 86' lang='lat' dir='ltr'>sibi</span> <span class='ocrx_word' id='word_1_729' title='bbox 2036 2220 2260 2272; x_wconf 78' lang='lat' dir='ltr'>objecisset,</span> <span class='ocrx_word' id='word_1_730' title='bbox 2294 2223 2488 2260; x_wconf 82' lang='lat' dir='ltr'>hominem</span> 
     </span>
     <span class='ocr_line' id='line_1_102' title="bbox 1365 2272 2490 2328; baseline 0.002 -16"><span class='ocrx_word' id='word_1_731' title='bbox 1365 2289 1432 2327; x_wconf 89' lang='lat' dir='ltr'>per</span> <span class='ocrx_word' id='word_1_732' title='bbox 1459 2275 1590 2313; x_wconf 78' lang='lat' dir='ltr'>omnia</span> <span class='ocrx_word' id='word_1_733' title='bbox 1618 2275 1861 2314; x_wconf 79' lang='lat' dir='ltr'>Sacramenta</span> <span class='ocrx_word' id='word_1_734' title='bbox 1900 2275 1984 2312; x_wconf 89' lang='lat' dir='ltr'>fieri</span> <span class='ocrx_word' id='word_1_735' title='bbox 2023 2276 2250 2328; x_wconf 79' lang='lat' dir='ltr'>participem</span> <span class='ocrx_word' id='word_1_736' title='bbox 2281 2272 2490 2314; x_wconf 64' lang='lat' dir='ltr'>sacerdotii</span> 
     </span>
     <span class='ocr_line' id='line_1_103' title="bbox 1364 2327 2490 2382; baseline 0 -16"><span class='ocrx_word' id='word_1_737' title='bbox 1364 2328 1526 2377; x_wconf 81' lang='lat' dir='ltr'>Christi,</span> <span class='ocrx_word' id='word_1_738' title='bbox 1547 2343 1603 2366; x_wconf 61' lang='lat' dir='ltr'>&gt;ex</span> <span class='ocrx_word' id='word_1_739' title='bbox 1633 2342 1707 2382; x_wconf 90' lang='lat' dir='ltr'>quo</span> <span class='ocrx_word' id='word_1_740' title='bbox 1737 2329 1954 2366; x_wconf 70' lang='lat' dir='ltr'>Sacerdotio</span> <span class='ocrx_word' id='word_1_741' title='bbox 1983 2327 2178 2366; x_wconf 83' lang='lat' dir='ltr'>character</span> <span class='ocrx_word' id='word_1_742' title='bbox 2198 2329 2490 2368; x_wconf 75' lang='lat' dir='ltr'>Sacramentalis</span> 
     </span>
     <span class='ocr_line' id='line_1_104' title="bbox 1366 2381 2490 2435; baseline 0.001 -15"><span class='ocrx_word' id='word_1_743' title='bbox 1366 2383 1564 2430; x_wconf 82' lang='lat' dir='ltr'>dimanat,</span> <span class='ocrx_word' id='word_1_744' title='bbox 1595 2384 1646 2420; x_wconf 87' lang='lat' dir='ltr'>ita</span> <span class='ocrx_word' id='word_1_745' title='bbox 1675 2384 1871 2435; x_wconf 84' lang='lat' dir='ltr'>respondet</span> <span class='ocrx_word' id='word_1_746' title='bbox 1900 2383 1948 2419; x_wconf 89' lang='lat' dir='ltr'>ad</span> <span class='ocrx_word' id='word_1_747' title='bbox 1984 2395 2036 2419; x_wconf 85' lang='lat'><strong>1.:</strong></span> <span class='ocrx_word' id='word_1_748' title='bbox 2066 2381 2141 2419; x_wconf 87' lang='lat' dir='ltr'>Per</span> <span class='ocrx_word' id='word_1_749' title='bbox 2169 2388 2310 2420; x_wconf 82' lang='lat' dir='ltr'>omnia</span> <span class='ocrx_word' id='word_1_750' title='bbox 2340 2383 2490 2421; x_wconf 82' lang='lat' dir='ltr'>Sacra-</span> 
     </span>
     <span class='ocr_line' id='line_1_105' title="bbox 1369 2435 2490 2487; baseline 0.001 -15"><span class='ocrx_word' id='word_1_751' title='bbox 1369 2445 1507 2474; x_wconf 80' lang='lat' dir='ltr'>menta</span> <span class='ocrx_word' id='word_1_752' title='bbox 1539 2437 1584 2481; x_wconf 75' lang='lat' dir='ltr'>fit</span> <span class='ocrx_word' id='word_1_753' title='bbox 1613 2435 1727 2474; x_wconf 79' lang='lat' dir='ltr'>homo</span> <span class='ocrx_word' id='word_1_754' title='bbox 1756 2441 1953 2487; x_wconf 72' lang='lat' dir='ltr'>particeps</span> <span class='ocrx_word' id='word_1_755' title='bbox 1982 2435 2194 2473; x_wconf 74' lang='lat' dir='ltr'>sacerdotii</span> <span class='ocrx_word' id='word_1_756' title='bbox 2229 2436 2368 2473; x_wconf 67' lang='lat' dir='ltr'>Christi</span> <span class='ocrx_word' id='word_1_757' title='bbox 2391 2467 2401 2484; x_wconf 83' lang='lat'>,</span> <span class='ocrx_word' id='word_1_758' title='bbox 2431 2446 2490 2474; x_wconf 77' lang='lat' dir='ltr'>ut-</span> 
     </span>
     <span class='ocr_line' id='line_1_106' title="bbox 1367 2487 2486 2541; baseline -0.001 -14"><span class='ocrx_word' id='word_1_759' title='bbox 1367 2499 1455 2540; x_wconf 80' lang='lat' dir='ltr'>pote</span> <span class='ocrx_word' id='word_1_760' title='bbox 1482 2494 1699 2541; x_wconf 76' lang='lat' dir='ltr'>percipiens</span> <span class='ocrx_word' id='word_1_761' title='bbox 1729 2491 1900 2537; x_wconf 64' lang='lat' dir='ltr'>ali-quem</span> <span class='ocrx_word' id='word_1_762' title='bbox 1932 2487 2120 2536; x_wconf 77' lang='lat' dir='ltr'>effectum</span> <span class='ocrx_word' id='word_1_763' title='bbox 2160 2491 2275 2541; x_wconf 82' lang='lat' dir='ltr'>ejus:</span> <span class='ocrx_word' id='word_1_764' title='bbox 2314 2503 2392 2526; x_wconf 82' lang='lat' dir='ltr'>non</span> <span class='ocrx_word' id='word_1_765' title='bbox 2422 2499 2486 2526; x_wconf 84' lang='lat' dir='ltr'>ta-</span> 
     </span>
     <span class='ocr_line' id='line_1_107' title="bbox 1370 2542 2491 2594; baseline -0.001 -14"><span class='ocrx_word' id='word_1_766' title='bbox 1370 2558 1464 2581; x_wconf 82' lang='lat' dir='ltr'>men</span> <span class='ocrx_word' id='word_1_767' title='bbox 1497 2557 1567 2594; x_wconf 83' lang='lat' dir='ltr'>per</span> <span class='ocrx_word' id='word_1_768' title='bbox 1608 2548 1744 2582; x_wconf 79' lang='lat' dir='ltr'>omnia</span> <span class='ocrx_word' id='word_1_769' title='bbox 1775 2544 2050 2582; x_wconf 66' lang='lat' dir='ltr'>Sacramenta</span> <span class='ocrx_word' id='word_1_770' title='bbox 2093 2543 2236 2593; x_wconf 77' lang='lat' dir='ltr'>aliquis</span> <span class='ocrx_word' id='word_1_771' title='bbox 2277 2542 2491 2593; x_wconf 70' lang='lat' dir='ltr'>deputatur·</span> 
     </span>
     <span class='ocr_line' id='line_1_108' title="bbox 1364 2595 2489 2649; baseline -0.002 -14"><span class='ocrx_word' id='word_1_772' title='bbox 1364 2597 1419 2635; x_wconf 76' lang='lat' dir='ltr'>acl</span> <span class='ocrx_word' id='word_1_773' title='bbox 1448 2598 1650 2649; x_wconf 74' lang='lat' dir='ltr'>agendum</span> <span class='ocrx_word' id='word_1_774' title='bbox 1681 2598 1849 2649; x_wconf 59' lang='lat' dir='ltr'>aliquid,</span> <span class='ocrx_word' id='word_1_775' title='bbox 1880 2598 1936 2635; x_wconf 64' lang='lat' dir='ltr'>rel</span> <span class='ocrx_word' id='word_1_776' title='bbox 1956 2595 2251 2644; x_wconf 72' lang='lat' dir='ltr'>recipiendum,</span> <span class='ocrx_word' id='word_1_777' title='bbox 2281 2596 2382 2647; x_wconf 72' lang='lat' dir='ltr'>quozl</span> <span class='ocrx_word' id='word_1_778' title='bbox 2402 2609 2489 2645; x_wconf 81' lang='lat' dir='ltr'>per-</span> 
     </span>
     <span class='ocr_line' id='line_1_109' title="bbox 1364 2648 2491 2700; baseline -0.001 -12"><span class='ocrx_word' id='word_1_779' title='bbox 1364 2656 1492 2688; x_wconf 78' lang='lat' dir='ltr'>tineat</span> <span class='ocrx_word' id='word_1_780' title='bbox 1520 2651 1573 2689; x_wconf 73' lang='lat' dir='ltr'>atl</span> <span class='ocrx_word' id='word_1_781' title='bbox 1604 2653 1750 2689; x_wconf 77' lang='lat' dir='ltr'>cultum</span> <span class='ocrx_word' id='word_1_782' title='bbox 1780 2650 1991 2689; x_wconf 70' lang='lat' dir='ltr'>sacerdotii·</span> <span class='ocrx_word' id='word_1_783' title='bbox 2016 2648 2184 2687; x_wconf 70' lang='lat' dir='ltr'>Christi:</span> <span class='ocrx_word' id='word_1_784' title='bbox 2213 2649 2314 2700; x_wconf 70' lang='lat' dir='ltr'>quocl</span> <span class='ocrx_word' id='word_1_785' title='bbox 2333 2650 2491 2699; x_wconf 64' lang='lat' dir='ltr'>quidem.</span> 
     </span>
     <span class='ocr_line' id='line_1_110' title="bbox 1366 2702 2491 2757; baseline -0.002 -15"><span class='ocrx_word' id='word_1_786' title='bbox 1366 2709 1538 2757; x_wconf 79' lang='lat' dir='ltr'>exigitur</span> <span class='ocrx_word' id='word_1_787' title='bbox 1553 2705 1607 2743; x_wconf 75' lang='lat' dir='ltr'>ad</span> <span class='ocrx_word' id='word_1_788' title='bbox 1628 2705 1720 2755; x_wconf 81' lang='lat' dir='ltr'>lzoc,</span> <span class='ocrx_word' id='word_1_789' title='bbox 1750 2705 1850 2757; x_wconf 63' lang='lat' dir='ltr'>qual</span> <span class='ocrx_word' id='word_1_790' title='bbox 1867 2705 2181 2742; x_wconf 67' lang='lat' dir='ltr'>Sacramentum</span> <span class='ocrx_word' id='word_1_791' title='bbox 2210 2702 2491 2742; x_wconf 73' lang='lat' dir='ltr'>characterem</span> 
     </span>
     <span class='ocr_line' id='line_1_111' title="bbox 1367 2762 1596 2809; baseline 0.004 -13"><span class='ocrx_word' id='word_1_792' title='bbox 1367 2762 1596 2809; x_wconf 76' lang='lat' dir='ltr'>imprimat.</span> 
     </span>
    </p>

    <p class='ocr_par' dir='ltr' id='par_1_14' title="bbox 1369 2809 2493 3130">
     <span class='ocr_line' id='line_1_112' title="bbox 1423 2809 2493 2864; baseline -0.002 -14"><span class='ocrx_word' id='word_1_793' title='bbox 1423 2813 1517 2858; x_wconf 83' lang='grc'><strong>455.</strong></span> <span class='ocrx_word' id='word_1_794' title='bbox 1540 2814 1626 2851; x_wconf 79' lang='lat' dir='ltr'>inst.</span> <span class='ocrx_word' id='word_1_795' title='bbox 1648 2822 1789 2864; x_wconf 77' lang='lat' dir='ltr'>quarto</span> <span class='ocrx_word' id='word_1_796' title='bbox 1806 2839 1816 2850; x_wconf 93' lang='lat'><strong>.</strong></span> <span class='ocrx_word' id='word_1_797' title='bbox 1847 2812 1980 2849; x_wconf 81' lang='lat' dir='ltr'>Gratia</span> <span class='ocrx_word' id='word_1_798' title='bbox 2002 2809 2244 2848; x_wconf 82' lang='lat' dir='ltr'>sanctificans</span> <span class='ocrx_word' id='word_1_799' title='bbox 2274 2811 2396 2849; x_wconf 87' lang='lat' dir='ltr'>reddit</span> <span class='ocrx_word' id='word_1_800' title='bbox 2427 2810 2493 2848; x_wconf 87' lang='lat' dir='ltr'>ho-</span> 
     </span>
     <span class='ocr_line' id='line_1_113' title="bbox 1369 2863 2492 2912; baseline -0.003 -9"><span class='ocrx_word' id='word_1_801' title='bbox 1369 2867 1493 2903; x_wconf 86' lang='lat' dir='ltr'>mines</span> <span class='ocrx_word' id='word_1_802' title='bbox 1522 2868 1675 2904; x_wconf 81' lang='lat' dir='ltr'>idoneos</span> <span class='ocrx_word' id='word_1_803' title='bbox 1704 2867 1750 2903; x_wconf 82' lang='lat' dir='ltr'>ad</span> <span class='ocrx_word' id='word_1_804' title='bbox 1780 2879 1911 2903; x_wconf 88' lang='lat' dir='ltr'>vernm</span> <span class='ocrx_word' id='word_1_805' title='bbox 1944 2863 2089 2901; x_wconf 86' lang='lat' dir='ltr'>cultum</span> <span class='ocrx_word' id='word_1_806' title='bbox 2122 2865 2192 2901; x_wconf 65' lang='lat' dir='ltr'>Dei</span> <span class='ocrx_word' id='word_1_807' title='bbox 2211 2894 2221 2912; x_wconf 80' lang='lat'>,</span> <span class='ocrx_word' id='word_1_808' title='bbox 2265 2878 2336 2903; x_wconf 89' lang='lat' dir='ltr'>non</span> <span class='ocrx_word' id='word_1_809' title='bbox 2367 2874 2492 2901; x_wconf 83' lang='lat' dir='ltr'>antem</span> 
     </span>
     <span class='ocr_line' id='line_1_114' title="bbox 1371 2919 2488 2970; baseline -0.004 -14"><span class='ocrx_word' id='word_1_810' title='bbox 1371 2919 1564 2956; x_wconf 74' lang='lat' dir='ltr'>character</span> <span class='ocrx_word' id='word_1_811' title='bbox 1581 2949 1590 2966; x_wconf 89' lang='lat'>,</span> <span class='ocrx_word' id='word_1_812' title='bbox 1621 2921 1688 2970; x_wconf 87' lang='lat' dir='ltr'>qni</span> <span class='ocrx_word' id='word_1_813' title='bbox 1719 2921 1757 2956; x_wconf 89' lang='lat' dir='ltr'>in</span> <span class='ocrx_word' id='word_1_814' title='bbox 1787 2928 1911 2955; x_wconf 84' lang='lat' dir='ltr'>nostra</span> <span class='ocrx_word' id='word_1_815' title='bbox 1941 2919 2119 2956; x_wconf 82' lang='lat' dir='ltr'>sententia</span> <span class='ocrx_word' id='word_1_816' title='bbox 2141 2921 2253 2956; x_wconf 78' lang='lat' dir='ltr'>etiam</span> <span class='ocrx_word' id='word_1_817' title='bbox 2275 2921 2401 2970; x_wconf 88' lang='lat' dir='ltr'>impiis</span> <span class='ocrx_word' id='word_1_818' title='bbox 2420 2920 2488 2954; x_wconf 85' lang='lat' dir='ltr'>im-</span> 
     </span>
     <span class='ocr_line' id='line_1_115' title="bbox 1373 2970 2488 3024; baseline -0.002 -16"><span class='ocrx_word' id='word_1_819' title='bbox 1373 2974 1580 3023; x_wconf 78' lang='lat' dir='ltr'>primitur,</span> <span class='ocrx_word' id='word_1_820' title='bbox 1610 2972 1643 3006; x_wconf 79' lang='lat'>&amp;</span> <span class='ocrx_word' id='word_1_821' title='bbox 1676 2973 1713 3008; x_wconf 86' lang='lat' dir='ltr'>in</span> <span class='ocrx_word' id='word_1_822' title='bbox 1743 2974 1917 3022; x_wconf 70' lang='lat' dir='ltr'>apostatis</span> <span class='ocrx_word' id='word_1_823' title='bbox 1949 2982 2142 3021; x_wconf 84' lang='lat' dir='ltr'>remanet,</span> <span class='ocrx_word' id='word_1_824' title='bbox 2187 2975 2252 3024; x_wconf 87' lang='lat' dir='ltr'>qni</span> <span class='ocrx_word' id='word_1_825' title='bbox 2283 2981 2380 3009; x_wconf 87' lang='lat' dir='ltr'>certe</span> <span class='ocrx_word' id='word_1_826' title='bbox 2409 2970 2488 3019; x_wconf 77' lang='lat' dir='ltr'>apti</span> 
     </span>
     <span class='ocr_line' id='line_1_116' title="bbox 1372 3023 2488 3076; baseline 0 -16"><span class='ocrx_word' id='word_1_827' title='bbox 1372 3038 1448 3060; x_wconf 79' lang='lat' dir='ltr'>non</span> <span class='ocrx_word' id='word_1_828' title='bbox 1480 3034 1562 3062; x_wconf 72' lang='lat' dir='ltr'>sunt</span> <span class='ocrx_word' id='word_1_829' title='bbox 1593 3025 1638 3061; x_wconf 86' lang='lat' dir='ltr'>ad</span> <span class='ocrx_word' id='word_1_830' title='bbox 1671 3025 1823 3073; x_wconf 84' lang='lat' dir='ltr'>Deum,</span> <span class='ocrx_word' id='word_1_831' title='bbox 1869 3035 1906 3062; x_wconf 88' lang='lat' dir='ltr'>ut</span> <span class='ocrx_word' id='word_1_832' title='bbox 1938 3039 2004 3076; x_wconf 78' lang='lat' dir='ltr'>par</span> <span class='ocrx_word' id='word_1_833' title='bbox 2035 3036 2112 3074; x_wconf 78' lang='lat' dir='ltr'>est,</span> <span class='ocrx_word' id='word_1_834' title='bbox 2158 3027 2226 3064; x_wconf 82' lang='lat' dir='ltr'>rite</span> <span class='ocrx_word' id='word_1_835' title='bbox 2259 3023 2488 3062; x_wconf 82' lang='lat' dir='ltr'>colendum:</span> 
     </span>
     <span class='ocr_line' id='line_1_117' title="bbox 1373 3079 2120 3130; baseline 0.004 -15"><span class='ocrx_word' id='word_1_836' title='bbox 1373 3091 1675 3129; x_wconf 78' lang='lat' dir='ltr'>supervacaneus</span> <span class='ocrx_word' id='word_1_837' title='bbox 1705 3092 1791 3130; x_wconf 67' lang='lat' dir='ltr'>ergo</span> <span class='ocrx_word' id='word_1_838' title='bbox 1820 3089 1870 3116; x_wconf 81' lang='lat' dir='ltr'>est</span> <span class='ocrx_word' id='word_1_839' title='bbox 1902 3079 2120 3118; x_wconf 83' lang='lat' dir='ltr'>character.</span> 
     </span>
    </p>

    <p class='ocr_par' dir='ltr' id='par_1_15' title="bbox 1426 3129 2495 3184">
     <span class='ocr_line' id='line_1_118' title="bbox 1426 3129 2495 3184; baseline -0.002 -16"><span class='ocrx_word' id='word_1_840' title='bbox 1426 3131 1519 3177; x_wconf 84' lang='grc'><strong>454.</strong></span> <span class='ocrx_word' id='word_1_841' title='bbox 1551 3131 1660 3184; x_wconf 60' lang='lat' dir='ltr'>Hesp.</span> <span class='ocrx_word' id='word_1_842' title='bbox 1691 3146 1779 3169; x_wconf 87' lang='lat' dir='ltr'>cum</span> <span class='ocrx_word' id='word_1_843' title='bbox 1813 3133 1994 3184; x_wconf 76' lang='lat' dir='ltr'>Angelico</span> <span class='ocrx_word' id='word_1_844' title='bbox 2022 3142 2093 3172; x_wconf 86' lang='lat' dir='ltr'>art.</span> <span class='ocrx_word' id='word_1_845' title='bbox 2124 3132 2162 3170; x_wconf 84' lang='lat' dir='ltr'><strong>G.</strong></span> <span class='ocrx_word' id='word_1_846' title='bbox 2205 3129 2249 3167; x_wconf 84' lang='lat' dir='ltr'>ad</span> <span class='ocrx_word' id='word_1_847' title='bbox 2283 3143 2347 3177; x_wconf 80' lang='lat'><strong>2.‚</strong></span> <span class='ocrx_word' id='word_1_848' title='bbox 2393 3129 2495 3179; x_wconf 56' lang='lat' dir='ltr'>quod</span> 
     </span>
    </p>
   </div>
   <div class='ocr_carea' id='block_1_5' title="bbox 2367 3196 2437 3233">
    <p class='ocr_par' dir='ltr' id='par_1_16' title="bbox 2367 3196 2437 3233">
     <span class='ocr_line' id='line_1_119' title="bbox 2367 3196 2437 3233; baseline -0.014 -13"><span class='ocrx_word' id='word_1_849' title='bbox 2367 3196 2437 3233; x_wconf 57' lang='lat' dir='ltr'>per</span> 
     </span>
    </p>
   </div>
   <div class='ocr_carea' id='block_1_6' title="bbox 1376 3265 2493 3360">
    <p class='ocr_par' dir='ltr' id='par_1_17' title="bbox 1376 3265 2493 3360">
     <span class='ocr_line' id='line_1_120' title="bbox 1377 3265 2493 3311; baseline 0.003 -13"><span class='ocrx_word' id='word_1_850' title='bbox 1377 3268 1506 3311; x_wconf 57' lang='lat' dir='ltr'>gelidis</span> <span class='ocrx_word' id='word_1_851' title='bbox 1524 3290 1535 3308; x_wconf 88' lang='lat'>,</span> <span class='ocrx_word' id='word_1_852' title='bbox 1576 3269 1672 3301; x_wconf 70' lang='lat' dir='ltr'>nulio</span> <span class='ocrx_word' id='word_1_853' title='bbox 1698 3270 1788 3303; x_wconf 73' lang='lat' dir='ltr'>lacto</span> <span class='ocrx_word' id='word_1_854' title='bbox 1813 3269 2038 3307; x_wconf 65' lang='lat' dir='ltr'>discrimine,</span> <span class='ocrx_word' id='word_1_855' title='bbox 2078 3265 2113 3299; x_wconf 87' lang='lat' dir='ltr'>id</span> <span class='ocrx_word' id='word_1_856' title='bbox 2138 3272 2241 3310; x_wconf 72' lang='lat' dir='ltr'>negat</span> <span class='ocrx_word' id='word_1_857' title='bbox 2268 3265 2308 3301; x_wconf 86' lang='lat' dir='ltr'>de</span> <span class='ocrx_word' id='word_1_858' title='bbox 2334 3268 2493 3302; x_wconf 79' lang='lat' dir='ltr'>omnibns</span> 
     </span>
     <span class='ocr_line' id='line_1_121' title="bbox 1376 3316 1913 3360; baseline 0.002 -14"><span class='ocrx_word' id='word_1_859' title='bbox 1376 3316 1608 3349; x_wconf 67' lang='lat' dir='ltr'>sacramentis</span> <span class='ocrx_word' id='word_1_860' title='bbox 1634 3318 1762 3350; x_wconf 65' lang='lat' dir='ltr'>veteris</span> <span class='ocrx_word' id='word_1_861' title='bbox 1790 3316 1913 3360; x_wconf 73' lang='lat' dir='ltr'>legis.³</span> 
     </span>
    </p>
   </div>
  </div>
 </body>
</html>
