2605 3624
699 93 778 139 DE
812 90 1109 135 MINISTRO
1143 88 1550 134 SACRAMENTI
1583 84 1854 130 ORDINIS.

120 178 247 214 etiwn
277 177 318 214 in
342 173 546 227 .Capuensi
574 170 759 221 plenaria
789 168 952 222 Synodo
980 167 1129 206 videtur
1156 177 1238 205 sm-

125 238 274 268 tutum.
317 229 366 269 Et
394 228 505 281 plura
534 223 691 275 allegari
736 233 880 276 possent
908 220 1050 260 similia
1091 221 1242 258 decreta

121 295 247 335 usque
271 283 318 321 ad
347 282 422 320 duo
451 287 637 330 postrema
654 277 828 316 Concilia
859 277 1094 315 oecumenica
1113 304 1123 323 ,
1155 272 1244 311 Flo-

122 337 344 380 rentinum,
387 331 421 367 &
450 331 748 376 'Pridentinum3
791 343 956 383 quorum
1001 330 1173 380 primum
1204 328 1243 365 iu

120 387 295 426 Decreco
313 383 479 422 Unionis
509 392 590 437 post
610 393 830 423 enumerata
859 392 1001 435 septem
1018 381 1244 419 Sacramen-

121 448 188 486 ta,
231 437 341 477 Inter
370 437 482 484 liaec,
531 439 679 490 inquit,
721 443 801 475 triu,
837 445 956 483 suut,
995 435 1242 485 baptismus,

121 490 380 545 confirmatio
397 522 407 540 ‚
437 494 485 531 (θ’
518 491 626 529 Ordo
648 521 657 537 ,
687 504 777 542 (μαι)
805 490 1084 528 characterem
1169 491 1243 524 im-

120 548 296 596 primunt
324 548 365 582 in
395 548 538 582 anima
575 544 822 583 indelebilem
841 574 852 592 ,
898 542 1001 580 unde
1030 547 1070 579 in
1100 540 1245 579 eadem

121 610 294 648 persona
314 611 395 636 non
416 602 659 636 reiterantur
674 624 684 636 .
715 597 986 635 Tridentinum
1003 604 1130 633 autem
1147 594 1244 633 Sess.

119 650 207 689 Vll.
239 666 322 690 cau.
341 665 379 704 9.
410 651 581 690 callidem
627 651 716 690 fidei
746 652 959 688 doctrinam
989 648 1060 687 sub
1089 647 1246 685 arinthe-

123 706 236 742 matis
266 719 422 757 poenam
452 704 678 743 credendam
708 705 898 757 proponit.
921 701 1051 740 Recol.
1071 714 1158 753 quae
1187 701 1246 738 di-

119 765 179 796 cta
207 767 292 796 suut
322 758 422 796 Diss.
444 759 473 796 l.
502 772 588 810 cap.
612 771 672 796 12.

181 810 272 850 108.
301 810 490 863 Perquam
521 811 634 849 facile
665 811 788 859 foret,
818 809 916 849 hauc
947 809 1142 847 veritatem
1163 805 1247 859 plu-

118 864 256 913 ribus,
298 878 343 903 ac
371 866 483 904 certis
512 864 678 903 historia:
711 864 962 902 monumentis
992 861 1245 907 continuare,

117 917 262 970 quibus
296 918 531 965 ostenditur,
574 919 827 956 ordinationes
857 917 905 954 ab
935 915 1135 967 Episcopis
1167 913 1246 950 lue-

120 971 245 1009 reticis
263 1001 274 1019 ,
303 969 554 1010 schismaticis
572 1001 583 1019 ,
612 972 827 1009 simoniacis
845 1000 856 1018 ,
886 978 998 1020 atque
1027 980 1247 1005 excommu-

120 1024 258 1062 nicatis
287 1024 402 1061 factas
423 1053 434 1071 ,
480 1037 717 1076 quamquam
761 1025 841 1061 sine
869 1022 990 1060 dubio
1025 1021 1154 1058 vetitas
1173 1049 1183 1067 ,
1215 1018 1247 1055 8<

117 1075 274 1115 illicitas
296 1106 306 1124 ,
351 1077 466 1115 fuisse
496 1086 622 1114 tamen
654 1077 800 1114 validas
829 1075 1043 1127 judicatas,
1086 1088 1130 1111 ac
1161 1086 1248 1124 pro-

119 1137 248 1182 pterea
281 1130 444 1168 minime
474 1130 648 1175 iteratas3
678 1139 790 1182 atque
820 1132 872 1167 sic
902 1129 1093 1166 ordinatos
1123 1125 1183 1164 vel
1210 1127 1247 1165 iu

120 1183 200 1220 suis
228 1183 410 1234 gradibus
451 1192 716 1231 conservatos,
762 1182 820 1220 vel
851 1182 897 1220 ad
934 1194 1128 1219 summum
1159 1192 1242 1216 suo·

119 1248 208 1273 rum
243 1236 433 1274 Ordinum
463 1237 644 1274 exercitio
673 1238 838 1289 privatos
860 1265 870 1282 ‚
909 1243 1021 1286 atque
1049 1234 1097 1270 ad
1126 1231 1245 1270 solam

119 1286 262 1328 laicam
294 1292 605 1328 communionem
635 1291 824 1329 redactos.
853 1288 1001 1326 Verum
1031 1285 1160 1325 abhis
1190 1299 1247 1322 re-

119 1343 315 1381 censendis
343 1356 408 1381 nos
444 1343 625 1382 absterret
654 1345 774 1382 nimia
817 1343 988 1380 materiae
1017 1341 1125 1392 copia
1143 1365 1153 1377 .
1197 1338 1247 1376 Et

121 1396 280 1448 insuper
308 1396 561 1444 adversariis,
589 1399 620 1435 si
649 1400 717 1450 qui
748 1405 856 1443 suut,
886 1395 1093 1433 admodum
1124 1391 1245 1430 multa

120 1458 332 1501 suppetunt
361 1449 538 1502 exempla
565 1450 846 1488 ordinationum
865 1479 874 1497 ,
904 1462 993 1501 quae
1024 1449 1166 1485 iteratae
1188 1446 1244 1484 di-

119 1511 286 1540 cuntur.
315 1501 363 1541 Et
392 1512 494 1542 tanta
523 1512 576 1541 est
605 1502 742 1542 harum
772 1516 900 1540 rerum
931 1501 1140 1540 obscuritas
1160 1530 1170 1547 ,
1203 1507 1243 1536 ut

117 1555 236 1593 facile
264 1557 399 1595 nonsit
424 1556 615 1594 evidenter
634 1557 829 1595 ostendere
846 1586 855 1603 ,
888 1555 983 1593 hanc
1006 1555 1244 1592 iterationem

118 1607 261 1648 factam
292 1609 438 1657 fuisse,
480 1618 546 1647 aut
586 1619 737 1662 propter
778 1610 946 1647 defectus
976 1610 1015 1646 in
1054 1608 1241 1654 materia,

118 1661 153 1697 ἃ
186 1663 335 1712 forma,
373 1662 433 1701 vel
464 1663 667 1702 intentione
697 1664 890 1709 ministri,
939 1671 1002 1699 aut
1034 1661 1244 1698 iterationes

119 1714 208 1753 illas
237 1728 310 1753 non
341 1715 456 1754 fuisse
486 1729 594 1754 veras
623 1716 957 1754 Sacramentorum
989 1713 1213 1752 collationes
1231 1743 1241 1762 ,

116 1767 181 1805 sed
210 1767 402 1820 simplices
429 1767 714 1807 benedictiones
735 1799 745 1817 ,
783 1782 870 1821 quae
901 1768 1044 1806 fiebant
1074 1780 1140 1819 per
1170 1767 1243 1804 im-

115 1821 339 1871 positionem
359 1835 542 1860 manuum
561 1852 571 1869 ,
603 1835 673 1860 uon
693 1822 1019 1860 Sacramentalem
1038 1850 1049 1869 ,
1078 1820 1141 1858 sed
1165 1833 1240 1857 cae-

118 1873 400 1921 remonialem3
443 1884 508 1914 aut
536 1877 693 1914 demum
722 1877 836 1914 fuisse
874 1874 1083 1928 aliquando
1112 1887 1177 1926 per
1207 1875 1240 1911 i-

115 1937 351 1978 gnorantiam
380 1938 547 1967 erratum
562 1956 572 1967 .

175 1992 262 2032 ιος).
293 1981 543 2021 Doctissimus
564 1981 742 2021 Mon-inus
773 1982 834 2020 De
863 1995 970 2020 sacr.
1000 1981 1174 2019 ordinat.
1198 1978 1238 2018 P.

112 2031 180 2070 Ill.
211 2033 348 2072 Exerc.
367 2035 416 2073 V.
447 2037 660 2084 fusissime,
691 2047 804 2088 atque
820 2036 927 2073 solita
946 2048 1025 2073 suae
1055 2034 1238 2072 eruditio·

107 2086 170 2124 nis
197 2086 431 2126 abnndantia
461 2091 536 2140 egit
564 2088 629 2127 De
657 2102 765 2127 sacr.
794 2089 969 2127 ordinat.
999 2091 1236 2126 iteratione.

108 2137 159 2177 Et
188 2153 276 2192 cap.
301 2154 335 2179 r.
365 2141 530 2190 fatetur,
578 2141 676 2180 hanc
708 2145 907 2182 materiam
937 2140 1140 2180 difficilem
1169 2139 1237 2178 ad-

109 2193 268 2232 modum
298 2208 404 2243 esse,
449 2205 563 2248 atque
591 2195 717 2233 allatis
747 2195 924 2247 Magistri
963 2196 1234 2233 sententiarum

109 2245 236 2283 verbis
267 2247 305 2284 in
326 2246 394 2285 IV.
425 2248 522 2286 Dist.
544 2248 675 2285 XXV.
705 2249 886 2285 dicentis:
916 2247 1021 2284 hcine
1051 2250 1236 2296 quoestio-

109 2308 204 2336 uem
219 2299 455 2349 perplexam
474 2331 484 2349 ,
515 2313 565 2338 (ιο
584 2313 686 2351 pene
706 2299 950 2338 insolubilem
969 2298 1134 2352 faciunt
1154 2297 1237 2336 Do-

111 2359 265 2389 ctorum
295 2351 437 2402 verba,
466 2358 531 2404 qui
557 2356 774 2404 plcririmum
802 2353 1012 2392 dissentire
1032 2351 1233 2390 vitientur.

109 2402 288 2444 Moriuus
316 2407 443 2445 addit:
490 2407 579 2458 Ipse
608 2421 696 2445 vero
725 2406 962 2458 disputando
1004 2407 1119 2458 longe
1147 2418 1234 2456 per-

111 2457 332 2506 ptest-iorem
361 2459 528 2498 reddidit
548 2487 559 2499 .
592 2460 744 2499 Relatis
760 2465 868 2499 enim
885 2466 1138 2509 antiquorum
1159 2458 1235 2496 1³42-

109 2518 217 2549 trum
246 2511 295 2551 de
336 2511 413 2552 hac
448 2514 683 2563 difficultate
724 2514 884 2553 diversis
903 2544 913 2562 ‚
957 2515 1007 2555 (³)
1036 2517 1077 2551 in
1107 2516 1236 2564 specie

110 2569 324 2605 contrariis
365 2572 595 2616 sententiis,
639 2577 807 2620 quatuor
835 2568 1038 2615 dic-ersus,
1081 2567 1130 2607 Εἰ)
1160 2567 1235 2603 ali-

111 2618 273 2668 quando
301 2625 528 2658 contrarias
544 2621 762 2659 Doctorum
792 2627 852 2660 sui
882 2625 1069 2670 temporis
1098 2619 1146 2657 de
1167 2633 1235 2657 eii-

114 2682 205 2707 rum
237 2672 515 2711 conciliatione
555 2678 758 2724 opiniones
801 2676 976 2727 explicat
994 2689 1008 2719 ;
1049 2673 1119 2711 sed
1149 2685 1237 2724 φησι·

115 2726 250 2777 magis
279 2724 486 2777 probabilis
513 2731 590 2775 sit,
619 2741 708 2779 quoe
726 2727 872 2780 falsa,
901 2741 990 2779 φησι»
1021 2728 1074 2765 illi
1106 2731 1236 2779 magis

91 2777 306 2828 placeat,
351 2792 431 2817 non
461 2784 588 2831 aperit
610 2811 620 2828 ‚
663 2782 775 2818 veluti
806 2787 845 2819 in
875 2785 986 2819 trivio
1014 2780 1236 2828 haesitans,

115 2842 362 2882 quocumque
388 2832 506 2882 pedes
535 2835 693 2871 tulerim
711 2866 722 2882 ,
758 2848 804 2872 eo
834 2839 955 2872 iturus
974 2860 984 2872 .
1028 2833 1152 2872 Miror
1182 2835 1238 2871 vi*-

115 2895 202 2920 rum
234 2883 342 2937 longe
370 2887 630 2925 doctissimum
669 2887 731 2926 hic
761 2901 834 2926 non
873 2888 1043 2926 laudasse
1075 2887 1166 2925 felix
1197 2887 1237 2923 S.

116 2935 279 2976 Thomae
311 2939 508 2990 ingenium
527 2971 538 2989 ,
567 2942 633 2993 qui
666 2955 708 2979 ex
738 2953 899 2993 quatuor
930 2941 1150 2992 afflagisno
1181 2953 1239 2976 re·

111 2991 263 3028 censitis
292 2995 483 3032 sententiis
517 3003 587 3031 tres
616 2994 782 3033 breviter
811 2995 968 3048 quidem
988 3025 998 3039 ,
1028 2995 1091 3032 sed
1121 2993 1238 3031 solide

111 3043 321 3094 refutavit,
351 3056 606 3099 quartamque
621 3049 837 3100 adoptavit,
866 3063 983 3101 quam
1006 3048 1116 3085 modo
1132 3060 1234 3085 cont-

112 3099 279 3135 muniter
307 3112 439 3138 omnes
468 3109 592 3139 teuent
610 3127 620 3139 .
652 3101 742 3139 Vid.
772 3116 856 3153 sup.
888 3117 924 3139 n.
951 3114 1038 3138 102.

172 3164 260 3190 110.
293 3153 394 3191 ldem
417 3153 594 3192 Morinus
623 3163 702 3205 post
731 3154 952 3192 exhaustam
984 3154 1100 3191 variis
1128 3154 1238 3205 capi-

112 3202 217 3242 tibus
246 3207 474 3245 immensam
506 3209 728 3246 eruditiouis
758 3222 836 3245 suae
866 3209 1016 3258 copiam
1035 3237 1047 3253 ,
1084 3207 1234 3244 tandem

112 3272 198 3310 cap.
216 3259 255 3297 6.
285 3261 338 3299 ita
367 3262 527 3299 credidit
558 3275 664 3312 posse
692 3274 823 3299 onmes
850 3260 1095 3298 difficultates
1125 3258 1235 3308 tolli,

111 3311 412 3356 ordinationem
445 3324 588 3355 contra
631 3327 808 3354 canones
852 3314 1141 3354 ecclesiasticos
1158 3311 1236 3366 fa-

2292 85 2375 127 205

1310 176 1421 204 ctam
1446 167 1620 218 judicari
1650 170 1807 204 irritam
1827 196 1837 213 ,
1866 164 1916 207 ὠ
1936 163 2115 211 nullam,
2144 159 2336 211 quamdiu
2364 173 2433 200 ca-

1310 232 1435 256 nones
1455 224 1582 270 rigent
1597 250 1607 267 ,
1629 230 1668 256 ut
1687 222 1992 258 matrimonium
2007 248 2018 265 ‚
2047 218 2095 257 (y
2117 216 2405 254 absolutionem
2420 239 2434 254 .

1311 271 1364 309 Ut
1392 281 1516 309 autem
1548 274 1586 310 id
1630 272 1713 322 jure
1743 273 1904 323 po=nisse
1947 270 2111 323 judicari
2142 269 2273 322 probet
2322 281 2433 307 num.

1318 338 1378 363 ιο.
1396 353 1407 374 ,
1438 324 1484 362 ln
1505 324 1739 362 charactere
1755 355 1766 372 ,
1799 327 1919 377 inquit
1936 354 1947 372 ,
1977 333 2016 360 ut
2044 327 2085 361 in
2105 327 2239 374 quavis
2259 322 2345 360 alia
2366 334 2431 369 re,

1312 377 1388 416 duo
1425 378 1612 428 distingui
1655 378 1816 425 debent,
1858 381 1915 415 rei
1944 376 2191 423 substantia,
2235 377 2284 417 (J
2314 379 2434 413 virtus

1311 431 1485 484 agendi.
1518 429 1739 469 Clzaracter
1767 432 1891 468 semel
1919 435 2134 479 impressus
2162 430 2212 468 ab
2242 428 2432 468 Ecclesia

1311 498 1392 523 non
1419 483 1562 536 pendet
1592 484 1764 534 atnplizts
1783 513 1792 531 ,
1822 492 2026 531 perpetuus
2057 494 2142 529 est,
2171 485 2220 523 (9
2245 482 2429 521 indelebi-

1313 540 1377 577 lis:
1420 538 1489 577 sed
1517 542 1637 589 Ipsius
1666 541 1785 574 virtus
1816 535 2012 574 Ecclesiae
2048 541 2232 588 regimini
2273 535 2430 574 subdita

1313 601 1398 640 est,
1441 591 1493 630 ab
1521 605 1572 630 eu.
1601 590 1878 642 suspenditur,
1916 594 1974 626 itii
2003 598 2042 625 ut
2081 588 2176 626 ni'u'l
2204 599 2303 640 agat
2321 620 2330 636 ,
2361 599 2454 626 aut·

1314 659 1436 698 agere
1465 649 1616 695 possit,
1660 643 1836 696 quandiu
1864 642 1984 680 durat
2012 646 2215 691 suspensio
2233 668 2242 680 .
2286 642 2436 681 Deinde

1314 698 1507 738 nonnullis
1536 698 1661 736 allatis
1688 697 1978 736 canonistarum
2010 696 2293 733 auctoritatffbus
2311 724 2321 741 ,
2359 696 2436 732 col-

1314 753 1432 804 ligere
1462 767 1500 791 se
1530 765 1634 804 posse
1649 750 1852 789 arbitratus
1881 759 1959 798 est,
1989 752 2154 787 omnino
2185 760 2325 786 uorum
2355 761 2437 785 ηοπι

1316 819 1424 854 esse,
1455 805 1686 843 Ecclesiam
1702 803 1930 842 characteri
1959 803 2067 854 leges
2095 806 2320 850 imponere,
2351 805 2435 852 qui-

1315 858 1383 897 bus
1412 861 1564 897 violatis
1593 864 1711 897 virtus
1731 858 1817 910 ejus
1839 855 2028 894 hebescit.
2060 857 2114 894 Ac
2136 864 2261 908 postea
2283 858 2331 895 ita
2346 868 2436 895 con-

1314 912 1463 950 cludit:
1507 913 1548 950 Si
1577 916 1694 950 virtus
1737 910 2004 957 characteris,
2048 913 2131 960 [pso
2159 909 2307 956 tllaeso,
2351 912 2438 960 lege

1315 967 1593 1004 ecclesiaezstt'cci
1622 964 1807 1015 suspendi
1835 973 1991 1015 potest,
2034 971 2141 1001 recte
2180 963 2438 1015 Intelligitur,

1316 1033 1396 1069 qua
1425 1023 1582 1058 ratione
1602 1017 1874 1071 degradatus,
1904 1016 2140 1065 haereticus,
2169 1020 2439 1066 simoniacus,

1316 1073 1406 1110 licet
1435 1072 1712 1110 characterem
1734 1075 1774 1109 in
1797 1070 1983 1108 Ecclesia
2002 1074 2251 1119 acceperint,
2279 1071 2328 1111 (ἰν
2343 1083 2439 1108 con-

1316 1136 1472 1164 servent
1493 1156 1504 1174 ,
1547 1125 1644 1163 nihii
1673 1135 1813 1162 tamen
1844 1127 1885 1160 in
1918 1123 2135 1161 Ordinatos
2165 1137 2191 1160 η
2221 1137 2263 1162 se
2305 1133 2438 1162 trans-

1317 1183 1508 1227 mittant,
1539 1179 1663 1217 donec
1694 1191 1784 1216 cum
1815 1176 2004 1215 Ecclesia
2033 1181 2073 1214 in
2103 1181 2284 1229 gratiam
2313 1178 2439 1217 redte-

1315 1236 1422 1270 rint.
1454 1233 1548 1270 Haec
1566 1234 1624 1270 vir
1640 1231 1936 1277 eruditissimus,
1967 1232 2034 1282 qui
2056 1238 2183 1268 tamen
2214 1245 2354 1283 paucos
2384 1233 2443 1270 in-

1317 1287 1419 1325 venit
1447 1288 1504 1323 sui
1534 1287 1624 1323 novi
1654 1285 1867 1336 systematis
1895 1282 2186 1334 suffragatores.

1376 1352 1463 1378 111.
1491 1339 1591 1378 Nam
1622 1338 1844 1386 character,
1882 1337 1951 1389 qui
1982 1337 2031 1374 ab
2061 1337 2204 1375 Ordine
2232 1350 2339 1375 sacro
2370 1341 2441 1378 im-

1315 1394 1524 1445 primitur,
1573 1401 1613 1431 nt
1642 1392 1809 1431 vidimus
1851 1403 1939 1428 cum
1970 1389 2010 1428 S.
2042 1389 2192 1427 Thoma
2228 1391 2387 1430 Dissert.
2409 1393 2440 1431 l.

1314 1460 1423 1484 num.
1448 1445 1538 1485 566.
1557 1476 1566 1492 ,
1606 1450 1795 1496 importat
1824 1442 2046 1495 quamdam
2075 1447 2298 1495 potentium
2327 1449 2441 1497 spiri-

1315 1500 1465 1538 tualem
1495 1499 1728 1538 ordinatam
1761 1496 1816 1536 ad
1845 1510 1922 1545 ea,
1966 1510 2056 1548 quoe
2084 1506 2175 1534 suut
2212 1497 2330 1536 dic-ini
2359 1500 2439 1536 cul-

1313 1563 1404 1591 tus:
1434 1567 1508 1592 nou
1538 1566 1626 1605 ergo
1656 1552 1739 1591 haec
1770 1553 1960 1604 potentia,
1991 1564 2054 1589 seu
2089 1560 2124 1588 ut
2154 1550 2322 1602 loquitur
2353 1552 2439 1591 Mo-

1312 1608 1445 1652 rinus,
1486 1606 1571 1645 lzaec
1600 1611 1717 1645 virtus
1747 1603 1898 1658 agendi
1922 1605 2102 1656 ,suspendi
2133 1614 2274 1656 potest,
2305 1607 2374 1643 uisi
2406 1607 2439 1644 i-

1312 1675 1378 1713 pse
1398 1659 1594 1699 character
1615 1659 1866 1713 suspendatur
1882 1688 1892 1706 ,
1922 1660 1989 1710 qui
2012 1668 2135 1696 tamen
2156 1688 2166 1704 ,
2197 1659 2327 1697 eodem
2350 1672 2440 1697 ‹toti-

1311 1715 1439 1752 fitente
1456 1714 1636 1762 Morino,
1666 1713 1717 1751 ‹il›
1734 1711 1922 1750 Ecclesia
1952 1725 2032 1750 non
2062 1710 2206 1761 pendet
2234 1712 2437 1764 amplius.

1310 1769 1349 1805 ld
1370 1777 1485 1820 potest
1502 1768 1687 1806 declarari
1710 1766 1886 1819 exemplo
1907 1765 2161 1804 Eucharistiae
2179 1795 2190 1814 ,
2219 1765 2329 1818 cujus
2351 1780 2438 1804 cou-

1308 1821 1486 1860 ficiendae
1517 1830 1673 1873 potestas
1704 1829 1829 1873 utpote
1845 1833 1932 1872 quae
1963 1834 1985 1858 a
2014 1818 2231 1858 charactere
2267 1821 2440 1858 sacerdo·

1308 1875 1374 1913 tali
1405 1875 1616 1922 descendit,
1646 1888 1845 1926 nunquam
1878 1881 1994 1925 potest
2023 1873 2073 1910 ab
2103 1872 2278 1912 Ecclesia
2307 1874 2436 1910 aufer-

1308 1930 1370 1975 ri,
1400 1938 1464 1966 aut
1493 1928 1700 1980 suspendi.
1743 1927 1878 1979 Neque
1907 1926 2069 1964 adducta
2100 1925 2276 1978 exempla
2306 1926 2435 1978 poeni-

1307 1983 1435 2019 teutiae
1453 2012 1463 2029 ,
1493 1992 1557 2018 aut
1588 1981 1821 2019 matrimonii
1845 1983 1971 2031 ipsum
1989 1978 2122 2030 juvant
2142 1992 2150 2016 :
2181 1993 2270 2017 nam
2302 1980 2348 2017 ad
2366 1979 2435 2017 ab·

1306 2034 1528 2072 solutionem
1560 2035 1598 2079 iu
1627 2034 1831 2072 Sacerdote
1859 2045 1934 2070 non
1973 2031 2095 2070 solum
2127 2033 2338 2085 requiritur
2369 2047 2435 2084 po-

1306 2096 1414 2126 testas
1443 2086 1615 2135 ordinis,
1645 2088 1708 2126 sed
1739 2088 1852 2124 etiam
1879 2086 2194 2137 jurisdictionis,
2224 2101 2341 2139 quam
2360 2100 2436 2124 nou

1305 2141 1446 2190 habet,
1477 2142 1548 2179 nisi
1581 2143 1619 2179 in
1650 2153 1734 2178 suos
1763 2140 1958 2186 subditos,
1990 2148 2098 2190 prout
2127 2152 2244 2190 supra
2275 2140 2436 2177 Dissert-

1304 2194 1373 2234 Vl.
1403 2209 1488 2246 cap.
1516 2207 1575 2231 11.
1605 2193 1841 2230 declaratum
1874 2193 1966 2238 fuit,
1996 2193 2089 2243 quia
2105 2191 2292 2230 absolutio
2321 2192 2437 2229 datur

1304 2261 1371 2298 per
1402 2247 1557 2284 molum
1589 2244 1724 2295 judicii
1742 2274 1752 2291 ,
1782 2245 1884 2296 quod
1903 2245 2047 2281 nonnisi
2068 2245 2105 2281 iu
2126 2243 2295 2281 subditos
2326 2258 2435 2283 exer-

1303 2301 1380 2337 ceri
1413 2308 1551 2352 potcst.
1583 2299 1624 2336 In
1647 2298 1890 2336 matrimonio
1918 2306 2045 2335 autem
2075 2297 2195 2335 debet.
2216 2311 2327 2335 verus
2343 2310 2435 2335 con·

1302 2361 1442 2391 tractus
1472 2365 1693 2403 sponsorum
1725 2351 1879 2397 adesse,
1923 2352 1988 2388 cui
2026 2352 2235 2389 contractui
2282 2360 2436 2403 possunt

1301 2405 1392 2445 talia
1423 2404 1762 2457 impediment.·1ab
1785 2403 1959 2442 Ecclesia
1983 2405 2124 2454 apponi
2143 2435 2153 2452 ,
2184 2417 2275 2456 quae
2307 2406 2434 2456 ipsum

1305 2473 1454 2511 prorsus
1475 2461 1625 2497 irritum
1645 2458 1827 2503 reddam3
1859 2456 1926 2495 illo
1955 2466 2082 2495 autem
2109 2458 2243 2506 irrito,
2274 2457 2431 2496 nullum

1303 2512 1471 2563 amplius
1501 2511 1541 2550 fit
1571 2511 1862 2549 Sacramentum
1882 2537 1892 2549 .

1357 2569 1517 2613 Quaeres
1546 2569 1687 2612 tertio,
1718 2563 1810 2615 quid
1837 2564 2090 2603 sentiendum
2120 2568 2169 2602 sit
2193 2562 2240 2602 de
2268 2562 2433 2602 ordina-

1303 2619 1471 2657 tionibus
1503 2618 1738 2671 Anglicanis
1757 2617 1780 2654 ?

1364 2687 1451 2711 112.
1485 2671 1595 2724 Resp.
1613 2702 1623 2720 ,
1654 2671 1866 2718 aduobus,
1896 2670 2115 2724 &amplius
2146 2669 2300 2709 saeculis
2321 2685 2340 2708 a
2362 2670 2435 2708 Ca-

1304 2725 1454 2765 th.›licis
1497 2735 1624 2763 contra
1656 2725 1793 2775 Anglos
1825 2724 2071 2775 Episcopales
2103 2724 2173 2763 hac
2202 2724 2248 2762 de
2286 2737 2325 2761 re
2357 2723 2437 2762 dis-

1309 2783 1432 2831 putari
1451 2807 1461 2818 .
1490 2780 1749 2817 Controversia
1781 2787 1908 2815 autem
1939 2778 2097 2816 definita
2127 2787 2212 2815 tunc
2243 2777 2358 2815 fuisse
2379 2778 2437 2815 vi-

1307 2833 1467 2872 debatur
1484 2864 1493 2881 ,
1523 2832 1674 2884 quando
1694 2832 1764 2869 sub
1783 2830 1926 2882 Regina
1943 2830 2131 2869 catholica
2153 2829 2281 2869 Maria
2304 2860 2315 2878 ,
2343 2844 2436 2882 quae

1308 2885 1487 2925 liaeretico
1518 2885 1694 2923 Eduardo
1714 2885 1783 2923 Vl.
1813 2899 1910 2922 anuo
1938 2885 2051 2924 1555.
2084 2884 2246 2923 feliciter
2288 2897 2434 2921 succes-

1305 2942 1379 2989 sit,
1423 2939 1632 2992 lieginaldo
1662 2938 1752 2976 Polo
1779 2938 1976 2976 Cardiuali
1995 2969 2006 2987 ,
2044 2938 2078 2975 &
2109 2938 2216 2976 Sedis
2247 2936 2433 2987 Apostoli-

1307 3008 1362 3032 cae
1394 2994 1532 3046 Legato
1561 3002 1692 3044 agente
1714 3022 1725 3040 ,
1754 3005 1886 3030 omnes
1916 2991 2196 3044 Episcoporum
2226 2990 2428 3028 ordinatio-

1304 3061 1368 3086 nes
1398 3049 1507 3086 sactae
1534 3046 1604 3085 sub
1636 3046 1865 3097 praecedenti
1897 3059 2009 3098 regno
2024 3045 2194 3084 Eduardi
2225 3043 2340 3080 irritae
2363 3039 2431 3078 ha-

1304 3101 1396 3139 bitae
1427 3111 1539 3148 sunt,
1571 3101 1674 3152 iique
1705 3099 1913 3151 Episcopi,
1943 3101 2011 3151 qui
2042 3099 2176 3137 haeresi
2207 3095 2351 3144 ejurata
2380 3093 2429 3131 ad

1304 3155 1429 3193 sinum
1461 3155 1592 3192 matris
1624 3152 1808 3191 Ecclesiae
1841 3152 2023 3191 Romanae
2060 3151 2330 3198 confugerent,
2360 3146 2426 3183 de·

1303 3220 1381 3245 nuo
1422 3207 1627 3246 consecrati
1673 3207 1810 3255 fuere,
1859 3207 2038 3258 idemque
2081 3203 2223 3240 factum
2254 3209 2306 3236 est
2336 3211 2428 3236 cnm

1304 3260 1566 3315 Presbyteris,
1597 3260 1630 3297 8<
1662 3261 1868 3307 Diaconis,
1906 3261 1972 3310 qui
2002 3257 2050 3295 ab
2081 3255 2126 3291 iis
2156 3252 2357 3304 Episcopis
2387 3253 2427 3289 in

1304 3313 1442 3355 haeresi
1486 3329 1673 3356 manuum
1711 3314 1990 3367 impositionem
2034 3315 2285 3360 acceperant.
2328 3305 2429 3343 Cum

2303 3371 2371 3398 au-
