2605 3624
220 113 302 140 122

158 176 278 214 dum.
310 172 414 212 Adde
442 178 567 208 tamen
585 197 594 215 ,
626 179 669 204 ex
699 171 772 203 toto
800 170 974 202 contentu
1004 160 1105 200 haud
1133 159 1270 197 obscu-

159 241 200 267 re
229 239 439 278 apparere,
486 217 1035 260 doctissimuminnocentium
1079 227 1155 252 non
1184 221 1269 251 tan-

158 291 239 318 tum
269 287 492 324 externam,
532 275 596 312 sed
625 275 738 311 etiam
781 272 970 308 internam
1013 267 1182 320 aliquam
1213 268 1270 304 in-

156 334 361 371 tentionem
392 330 591 368 admittere
609 354 619 365 .
662 327 762 364 Nam
790 325 837 362 ad
867 322 1131 374 explicandam
1161 333 1270 358 suam

157 387 374 424 doctrinam
403 383 548 422 ibidem
591 381 767 433 proponit
793 392 923 416 casum
971 374 1160 425 alicujus,
1201 374 1272 425 qui

155 439 393 477 saracenum
414 444 544 488 rogat,
575 444 614 472 ut
643 448 680 472 se
710 433 897 484 baptizet.
929 429 1044 467 Porro
1063 429 1271 466 Saracenus

159 494 329 543 ignorat,
359 491 452 542 quid
480 491 527 528 sit
556 486 756 534 Ecclesia,
785 499 854 524 nec
871 483 989 522 credit
1019 494 1086 534 per
1115 482 1272 518 immer-

158 548 305 585 sionem
335 545 504 596 corporis
534 541 642 579 aliud
671 540 787 586 fieri,
829 551 947 590 quam
989 535 1072 584 ejus
1102 531 1270 571 madefa-

156 600 321 638 ctionem
340 628 352 646 ,
391 597 523 635 omnia
553 604 676 632 tamen
706 600 891 645 praestat,
937 602 1027 641 quac
1057 587 1106 625 ab
1137 584 1270 624 Eccle-

156 654 213 690 sia
242 653 281 690 in
297 651 487 702 baptismo
515 656 767 701 praestantur,
797 644 972 696 quamvis
1002 653 1072 677 non
1101 648 1204 690 gerat
1232 639 1270 679 in

155 714 285 744 mente
328 706 367 741 id
410 705 570 748 facere,
614 700 715 752 quod
758 698 849 736 facit
891 694 1090 733 Ecclesia.
1136 692 1271 729 Censet

155 768 283 797 autem
312 757 578 800 Innocentius,
624 751 798 790 validum
829 763 905 786 esse
944 747 1160 798 bapatisma
1199 744 1271 782 sub

157 812 219 850 his
247 811 395 848 duabus
425 805 706 847 conditionibus
724 834 734 852 ,
764 800 969 852 utforma
998 807 1193 845 servetur,
1223 798 1273 837 (9⁴

155 863 358 915 baptizare
387 860 568 900 intend-‘tt
586 885 595 896 .
624 857 681 894 Ne
698 858 812 907 igitur
831 854 1150 905 sapientissimum
1173 850 1274 887 hunc

154 916 380 955 Pontificem
409 915 483 953 sibi
511 911 765 950 contradicere
807 907 999 954 velimus,
1041 906 1092 942 ita
1122 903 1192 941 hoc
1221 912 1274 940 to-

155 980 239 1007 tuin
260 968 446 1020 explicari
465 963 679 1017 oportebit,
709 971 749 1000 nt
765 961 977 1012 baptismus
1006 959 1103 996 serio
1120 987 1130 1005 ,
1160 956 1194 993 &
1210 956 1275 994 de-

153 1023 233 1061 bite
262 1022 548 1059 administretur
577 1016 764 1064 exterius,
794 1013 928 1052 deinde
950 1021 990 1050 ut
1019 1011 1188 1048 minister
1217 1010 1276 1047 in-

153 1077 270 1114 terius
298 1074 413 1111 etiam
441 1070 635 1123 baptizare
676 1068 869 1115 intendat,
909 1066 1090 1118 quamvis
1116 1076 1191 1101 non
1220 1063 1277 1101 in-

153 1129 278 1166 tendat
308 1128 432 1164 facere
474 1125 578 1178 quod
608 1124 699 1161 facit
728 1119 929 1168 Ecclesia,
972 1118 1116 1158 scilicet
1144 1117 1278 1156 Sacra-

153 1189 327 1220 mentum
357 1179 528 1217 conferre
545 1207 556 1225 ,
583 1175 745 1228 ejusque
773 1173 979 1213 salutarem
994 1171 1170 1210 eflectum
1191 1182 1279 1223 pro-

153 1235 297 1274 ducere
313 1264 325 1282 ,
353 1246 446 1271 cum
467 1233 546 1284 ipse
565 1231 737 1282 ignoret,
762 1227 859 1280 quid
885 1227 933 1265 sit
953 1225 1127 1264 Ecclesia
1145 1254 1154 1272 ,
1184 1223 1279 1276 quid

157 1288 451 1327 Sacramentum
469 1315 480 1333 ,
506 1285 596 1336 quis
623 1282 705 1334 ejus
733 1281 911 1319 effectus:
955 1279 988 1315 ἃ
1016 1277 1279 1317 tantummodo

154 1342 306 1379 edoctus
333 1340 379 1377 sit
407 1339 453 1376 de
471 1338 628 1376 materia
645 1366 656 1384 ,
685 1336 836 1382 forma,
865 1332 1028 1384 aliisque
1056 1331 1279 1369 necessariis

156 1395 204 1432 ad
234 1392 534 1444 baptizandum.
565 1389 648 1428 Hoc
677 1389 816 1426 iterum
837 1385 1030 1437 colligitur
1060 1397 1107 1422 ex
1135 1383 1221 1423 aliis
1242 1397 1279 1420 e-

152 1446 302 1499 jusdem
319 1443 513 1482 Pontificis
529 1442 655 1482 verbis
675 1449 812 1493 quaest.
829 1439 868 1478 8.
886 1468 896 1486 ,
918 1439 986 1477 ubi
1007 1439 1148 1489 exigit,
1177 1436 1280 1488 quod

155 1500 329 1538 minister
358 1496 548 1542 voluerit,
578 1508 659 1532 non
679 1502 838 1530 tantum
855 1491 1075 1538 balneare,
1103 1490 1160 1528 rel
1188 1501 1280 1526 car-

153 1565 227 1591 nes
258 1551 395 1588 lavare
416 1578 428 1598 ,
457 1547 528 1586 sed
549 1547 780 1597 baptizare.
808 1546 986 1583 Ceterum
1015 1543 1101 1581 haec
1130 1543 1281 1594 scripsit

152 1605 390 1644 Innocentius
408 1632 419 1650 ,
448 1610 489 1640 ut
519 1602 689 1653 privatus
707 1599 810 1637 Juris
831 1599 1015 1648 interpres
1032 1625 1043 1643 ,
1073 1604 1279 1646 antequam

153 1660 203 1697 ad
230 1658 437 1697 Summum
479 1653 750 1693 Pontificatum
791 1649 1041 1695 eveheretur3
1089 1661 1211 1700 neque
1248 1648 1281 1685 i-

154 1713 258 1765 psius
272 1708 547 1749 Commentarii
564 1715 712 1759 partem
730 1706 957 1744 constituunt
973 1702 1069 1753 juris
1079 1701 1279 1739 Canonici.

215 1763 306 1811 246.
334 1763 411 1801 Ob.
438 1766 603 1814 quinto.
634 1760 767 1811 Aliqui
796 1758 979 1809 Episcopi
1007 1757 1049 1793 in
1078 1755 1193 1793 sacris
1207 1754 1281 1790 Or-

155 1816 420 1858 diuatiouibus
447 1822 702 1867 protestantur
724 1842 735 1860 ,
765 1825 802 1849 se
830 1809 986 1849 nullum
1016 1808 1281 1846 excommuni-

155 1880 287 1910 catum
317 1869 416 1909 velle
443 1868 491 1907 ad
518 1880 643 1909 ‚sacros
671 1865 833 1904 Ordines
871 1875 1121 1915 promovere3
1164 1860 1199 1897 8<
1226 1869 1281 1897 ta-

155 1938 248 1964 men
276 1931 424 1961 eertum
450 1929 532 1969 est,
575 1933 636 1958 eos
664 1931 816 1972 quoque
833 1947 843 1965 ,
885 1917 954 1968 qui
983 1916 1137 1953 fortasse
1173 1927 1282 1965 repe-

154 1980 321 2017 rirentur
350 1972 758 2014 excommunicationis
798 1969 955 2008 vinculo
996 1968 1157 2015 irretiti,
1206 1980 1282 2005 esse

155 2031 286 2069 valide
331 2029 557 2074 ordinatos,
596 2039 670 2065 nec
715 2023 834 2062 aliam
876 2023 1072 2061 incurrere
1100 2033 1281 2073 poenam,

158 2098 278 2138 quam
307 2081 591 2134 suspensionis.

217 2137 310 2188 247.
340 2135 452 2187 Hesp.
473 2164 486 2182 ,
526 2133 625 2171 hanc
653 2130 958 2184 protestationem
975 2160 986 2178 ,
1029 2142 1108 2167 esse
1136 2134 1282 2165 tantum

160 2189 522 2232 comminatoriam3
570 2186 604 2222 &
645 2185 732 2224 ideo
774 2185 887 2222 etiam
935 2182 1282 2221 excommunicatos

161 2245 309 2284 censeri
337 2241 465 2281 valide
493 2240 679 2278 ordinatos
701 2269 713 2287 ,
742 2239 836 2290 quia
863 2235 1078 2288 Episcopus
1106 2236 1284 2286 ignorans

162 2311 224 2337 eos
252 2295 321 2335 tali
349 2292 505 2334 vinculo
534 2306 610 2331 esse
638 2293 799 2330 irretitos
816 2321 827 2338 ,
869 2290 962 2341 ipsis
991 2290 1218 2335 materiam,
1249 2286 1284 2323 St

159 2352 328 2390 formam
354 2361 474 2386 sacrae
503 2345 764 2385 ordinationis
791 2355 881 2381 cnm
923 2342 1053 2381 debita
1081 2342 1289 2380 intentione

163 2403 334 2455 applicat
351 2427 362 2439 .
390 2401 504 2448 Quod
532 2401 562 2437 si
592 2398 692 2437 hanc
721 2398 971 2436 intentionem
999 2396 1196 2442 retineret,
1226 2407 1288 2432 eo-

163 2470 253 2495 rum
282 2454 477 2493 Ordinatio
505 2461 598 2491 esset
626 2450 763 2499 nulla,
806 2449 1131 2503 quemadmodum
1161 2448 1289 2485 decla-

164 2510 265 2548 ravit
292 2507 419 2546 Sixtus
439 2505 489 2543 V.
515 2519 689 2544 summus
718 2505 888 2543 Pontifex
930 2504 992 2541 die
1024 2502 1088 2548 24.
1117 2502 1290 2540 Januarii

166 2574 265 2601 aimo
300 2558 442 2607 1586„
484 2559 667 2596 referente
695 2557 879 2608 Prospero
914 2557 1102 2608 Fagnano
1129 2554 1218 2594 Lib.
1235 2554 1290 2592 «V.

171 2613 379 2654 Decretnl.
400 2612 441 2650 P.
458 2613 489 2650 1.
511 2625 596 2663 cap.
615 2609 711 2648 Tuoe
734 2609 920 2658 Litterae,
940 2610 1164 2648 Benedictus
1184 2608 1294 2646 XIV.

169 2669 242 2706 hac
272 2668 318 2706 de
348 2679 388 2704 re
416 2666 501 2703 {use
531 2666 605 2716 agit
635 2665 675 2702 in
706 2663 835 2702 Tract.
866 2662 929 2700 De
958 2663 1168 2714 Sacrificio
1189 2661 1298 2699 Mis-

170 2734 229 2762 sae
247 2750 259 2771 ,
287 2720 388 2760 Sect.
407 2732 443 2758 2.
475 2718 512 2770 §.
536 2732 600 2771 70.
617 2748 628 2767 ,
659 2717 692 2754 δι
722 2715 904 2766 resolvit,
932 2717 965 2756 si
993 2716 1207 2771 Episcopus
1229 2728 1294 2755 as-

167 2917 170 2919 ·
224 2877 272 2912 (a)
298 2873 464 2906 Ceterum
489 2871 581 2906 idem
607 2871 888 2918 sapientissimus
913 2870 1075 2905 Pontifex
1103 2869 1182 2904 Lib.
1207 2868 1304 2903 Vm.

181 2920 238 2954 De
267 2919 415 2963 Synodo
441 2919 590 2952 Diaeces.
628 2931 703 2963 cap.
735 2931 787 2952 11.
809 2941 819 2959 ‚
859 2919 984 2962 probat
1011 2915 1155 2962 quidem
1180 2927 1306 2949 eorum

175 2966 430 3011 Episcopornm
456 2964 700 3007 prudentiam,
738 2966 797 3009 qui
825 2965 890 2998 sub
924 2976 1025 3009 poena
1061 2963 1306 2996 excommuni-

177 3011 326 3046 cationis
352 3010 561 3054 praecipiunt
580 3031 590 3049 ‚
615 3022 658 3043 ne
686 3011 873 3054 quisquam
895 3010 1062 3043 canonico
1076 3006 1307 3053 impedimen-

176 3068 216 3092 to
240 3056 382 3091 irretius
419 3054 461 3089 ad
487 3054 635 3090 Ordines
673 3055 909 3100 suscipiendos
947 3054 1108 3088 accedere
1148 3051 1304 3093 audeat5

177 3116 236 3154 eos
262 3111 380 3136 antem
404 3099 655 3146 reprehendit,
678 3103 739 3145 qui
767 3103 903 3146 publice
930 3101 1166 3139 denuntiant,
1192 3111 1227 3132 se
1252 3100 1305 3131 in-

179 3151 376 3184 tentionem
401 3159 468 3182 non
494 3148 622 3180 habere
657 3146 841 3181 ordinandi
878 3149 1110 3192 irregulares,
1146 3146 1302 3178 censuris

180 3195 368 3230 innodatos
390 3216 401 3235 ,
439 3202 600 3227 carentes
627 3194 784 3237 legitimo
809 3195 1021 3238 patrimonio
1039 3214 1050 3233 ‚
1086 3196 1149 3225 &c.
1177 3192 1304 3236 Quam—

183 3255 279 3287 quam
303 3250 436 3290 autem,
463 3239 606 3280 subdit,
631 3242 888 3282 praesumendum
911 3243 958 3272 sit
975 3261 985 3279 ‚
1011 3243 1140 3272 unicum
1159 3239 1305 3285 ejusmo-

183 3290 224 3322 di
249 3290 533 3333 protestationum
571 3298 704 3329 scopum
729 3299 830 3325 esse,
870 3287 1071 3326 deterrere,
1109 3290 1162 3329 qni
1190 3287 1304 3330 aliquo

181 3342 226 3372 εκ
253 3337 447 3372 :nunciatis
478 3336 575 3373 vittis
600 3333 784 3374 laborans,
808 3333 855 3368 ad
872 3331 1024 3368 Ordines
1051 3334 1222 3378 sacrilege
1249 3344 1305 3367 su-

1032 78 1256 125 {SSER‘L
1278 78 1333 122 ΙΙ.
1367 78 1496 122 CAP.
1513 76 1615 122 Vn.

1335 166 1458 206 serat,
1504 170 1611 194 suam
1646 154 1891 193 intentionem
1919 167 2009 194 vere
2041 152 2215 206 alligasse
2243 155 2454 205 praemissae

1335 211 1617 263 protestationi,
1655 209 1943 247 Ordinationem
1971 221 2049 246 esse
2069 208 2308 253 iterandam3
2335 210 2365 245 si
2394 223 2459 246 ve-

1339 278 1382 302 ro
1408 263 1526 302 dubia
1544 293 1554 311 ,
1598 263 1631 299 8<
1659 264 1805 300 incerta
1834 270 2028 300 remaneat
2057 260 2239 312 Episcopi
2276 261 2458 309 intentio,

1338 330 1384 355 eo
1412 317 1512 369 quod
1543 329 1614 354 non
1643 317 1730 354 satis
1759 323 1925 363 constet,
1964 329 2040 366 qua
2069 324 2193 352 mente
2222 327 2306 351 eam
2335 324 2457 365 prote-

1340 372 1540 408 stationem
1568 370 1756 416 emiserit,
1787 382 1833 405 an
1862 367 1919 406 illi
1950 381 2080 405 revera
2109 382 2218 405 suam
2246 369 2459 419 aptaverit,

1340 423 1590 461 intentionem
1608 451 1619 469 ,
1646 421 1939 464 Ordinationem
1959 421 2030 460 sub
2057 421 2275 460 conditione
2304 434 2380 458 esse
2402 434 2461 459 re-

1341 475 1543 528 petendam
1575 474 1638 524 (a)
1657 498 1668 510 .

1395 526 1487 572 248.
1517 526 1610 576 Obj.
1639 534 1753 564 sexto
1781 538 1828 562 ex
1857 526 2023 566 ratione.
2065 526 2231 566 Primo.
2268 527 2392 565 Homo
2422 528 2460 566 in

1337 580 1660 618 administratione
1680 578 2010 617 Sacramentorum
2039 594 2120 618 non
2148 590 2202 618 est
2229 581 2301 618 uisi
2325 582 2461 618 instru-

1338 642 1508 673 mentum
1530 632 1630 680 Dei,
1660 632 1728 684 qui
1758 639 1810 668 est
1837 645 1953 669 causa
1980 633 2231 684 principalis;
2259 635 2321 671 sed
2342 636 2380 673 in
2403 636 2462 672 in-

1338 695 1547 726 strumento
1575 698 1650 724 non
1682 685 1888 736 requiritur
1912 684 2048 736 aliqua
2077 686 2250 723 intentio:
2279 700 2366 738 ergo
2387 688 2460 726 διο.

1339 740 1549 777 Praeterea
1566 770 1576 788 ,
1606 751 1681 776 non
1711 747 1832 790 potest
1862 736 2009 775 homini
2031 752 2108 776 esse
2129 747 2213 776 nota
2233 739 2386 777 intentio
2405 740 2462 778 al-

1341 795 1477 832 terius.
1507 793 1549 831 Si
1579 794 1691 843 igitur
1711 792 1869 829 intentio
1890 792 2056 830 ministri
2077 790 2292 843 'requiratur
2311 793 2357 830 ad
2378 807 2464 844 per-

1342 847 1546 885 fectionem
1577 846 1845 893 sacramenti,
1874 846 1943 897 qui
1971 846 2127 897 suscipit
2146 844 2433 884 Sacramentum
2450 877 2462 894 ‚

1340 914 1492 951 semper
1520 900 1682 947 anxius,
1726 898 1759 943 ὃς
1789 900 1953 937 incertus
1989 899 2086 946 erit,
2130 912 2178 936 an
2215 911 2302 937 vere
2331 898 2465 937 Sacra-

1342 962 1516 992 mentum
1559 953 1791 1005 susceperit3
1839 965 2006 1004 ermque
2048 952 2180 1003 aliqua
2219 952 2467 991 Sacramenta

1343 1008 1419 1046 sint
1447 1007 1494 1044 ad
1520 1005 1682 1043 salutem
1712 965 1941 1054 necffia,
1979 1004 2150 1043 homines
2179 1006 2259 1044 sine
2289 1019 2356 1043 sua
2384 1005 2467 1043 cul-

1345 1075 1396 1112 pa
1426 1068 1609 1113 perpetua
1636 1060 1808 1110 angustia
1828 1089 1839 1107 ,
1882 1068 1994 1111 atque
2021 1060 2209 1096 anxietate
2237 1059 2469 1097 cruciabun-

1346 1122 1433 1152 tur.
1468 1112 1598 1151 Tertio
1615 1142 1627 1161 ,
1654 1127 1745 1150 cum
1774 1121 1875 1150 tanta
1901 1114 1949 1150 sit
1977 1111 2157 1150 liumanae
2181 1112 2317 1150 mentis
2345 1113 2471 1150 imbe-

1345 1166 1511 1214 cillitas,
1555 1175 1594 1204 ut
1622 1179 1699 1204 non
1729 1167 1841 1217 possit
1867 1178 2019 1217 semper
2046 1165 2094 1202 ad
2124 1180 2194 1214 ea,
2235 1179 2325 1217 quae
2364 1168 2470 1216 agit,

1346 1220 1537 1258 attendere
1553 1250 1563 1267 ,
1586 1220 1751 1257 ministri
1770 1220 1886 1257 etiam
1906 1218 2162 1271 diligentIOres
2181 1217 2386 1271 aliquando
2406 1219 2473 1256 de-

1345 1273 1426 1311 bita
1455 1273 1638 1312 carebunt
1672 1273 1906 1321 intentione,
1949 1271 1983 1309 8<
2020 1272 2301 1310 frustrabuntur
2334 1271 2471 1309 Sacrae

1345 1336 1499 1365 menta.
1552 1326 1731 1376 Quarto,
1769 1334 1808 1362 ut
1837 1325 1996 1364 Sanctus
2034 1327 2268 1376 Augustinus
2309 1325 2401 1362 dicit
2434 1326 2475 1362 in

1346 1379 1500 1418 Praefat.
1528 1381 1576 1418 ad
1598 1378 1738 1418 Psalm.
1754 1377 1866 1416 XXI.
1880 1409 1890 1427 ,
1906 1378 2019 1430 fides
2039 1378 2170 1430 dirigit
2190 1381 2475 1422 intentionem,-

1345 1434 1410 1471 sed
1437 1433 1532 1471 fides
1561 1446 1635 1470 non
1665 1441 1718 1471 est
1759 1433 1969 1471 necessaria
2007 1432 2058 1470 ad
2084 1431 2325 1470 sacramenti
2367 1429 2474 1472 valo-

1346 1499 1451 1525 rem:
1483 1499 1570 1538 ergo
1599 1500 1668 1524 nec
1697 1487 1883 1524 intentio·

1406 1541 1497 1591 249.
1529 1539 1740 1590 Respondet
1768 1539 1946 1577 omnibus
1972 1538 2034 1577 his
2058 1537 2351 1578 difficultatibus
2380 1537 2475 1577 San-

1347 1601 1428 1630 ctus
1458 1592 1628 1630 Thomas
1658 1593 1697 1630 3.
1714 1592 1754 1630 P.
1784 1591 1928 1643 qu.64.
1957 1602 2027 1630 art.
2049 1591 2088 1630 8.
2118 1592 2206 1644 ἃς).
2236 1592 2285 1630 Et
2313 1592 2473 1644 quidem

1349 1645 1397 1682 ad
1432 1659 1465 1683 1.
1506 1645 1850 1692 lustramentum,
1891 1646 2046 1696 inquit,
2089 1649 2363 1682 inanimatum
2392 1658 2476 1683 non

1349 1696 1467 1735 habet
1493 1699 1676 1748 aliquam
1705 1701 1966 1735 intentionem
1981 1706 2161 1749 respectu
2180 1696 2344 1745 effectus
2360 1713 2375 1742 ‚·
2404 1697 2474 1735 sed

1349 1751 1433 1789 loco
1463 1754 1690 1789 intentionis
1719 1759 1777 1788 est
1804 1759 1964 1798 motus,
2000 1764 2075 1802 quo
2105 1759 2279 1788 moretur
2311 1763 2339 1787 a
2366 1754 2476 1800 prin.-

1346 1805 1468 1854 ciptili
1488 1814 1635 1858 agente
1652 1831 1661 1843 .
1692 1803 1771 1842 Sed
1785 1807 2095 1841 instrumentum
2115 1807 2347 1841 animatum
2363 1834 2374 1853 ,
2402 1807 2478 1842 sic-

1349 1867 1391 1895 ut
1419 1868 1476 1896 est
1506 1861 1712 1905 minister,
1744 1870 1826 1895 non
1853 1857 1983 1895 solum
2013 1867 2215 1906 movetur,
2252 1857 2323 1895 sed
2350 1861 2485 1895 etiam-

1347 1911 1644 1962 quodammodo
1673 1919 1800 1948 movet
1819 1923 1862 1948 se
1879 1914 2031 1961 ipsum,
2060 1915 2300 1961 inquantum
2318 1914 2393 1948 suti
2414 1924 2477 1948 νο-

1352 1966 1505 2002 luntate
1535 1972 1663 2001 movet
1693 1962 1875 2001 membra
1903 1963 1959 2001 ad
1986 1963 2265 2014 operandum:
2306 1964 2357 2004 ξίν
2386 1963 2476 2002 ideo

1351 2021 1562 2067 requiritur
1591 2018 1678 2069 ejus
1707 2020 1900 2064 intentio,
1934 2029 2014 2067 qua
2041 2030 2085 2054 se
2112 2016 2298 2069 subjiciat
2327 2020 2474 2067 princi-

1349 2072 1432 2121 pali
1461 2073 1625 2122 agenti,
1654 2078 1695 2106 ut
1723 2070 1871 2107 scilicet
1891 2069 2074 2107 intendat
2081 2068 2233 2122 fucere
2249 2100 2260 2119 ,
2289 2070 2478 2123 quodfa-

1349 2128 1405 2163 «τῖε
1438 2123 1641 2171 Christus,
1671 2123 1721 2162 <9¹
1750 2121 1992 2163 Ecclesia«
2018 2142 2025 2149 ’

1407 2178 1500 2216 250.
1517 2177 1657 2215 Dices.
1688 2174 1791 2221 Quia
1820 2174 1934 2213 homo
1962 2177 2189 2216 annuntians
2218 2175 2380 2215 verbum
2403 2177 2478 2217 Dei

1348 2245 1426 2270 non
1454 2239 1506 2268 est
1535 2230 1607 2267 nisi
1636 2229 1958 2277 instrumentum,
1993 2229 2101 2268 nulla
2129 2232 2168 2269 in
2197 2244 2240 2268 eo
2269 2232 2481 2283 requiritur

1352 2285 1533 2327 intentio:
1564 2295 1651 2334 ergo
1677 2283 1822 2334 pariter
1849 2284 1888 2321 in
1916 2283 2198 2336 dispensatione·
2220 2283 2483 2324 sacramento-

1356 2352 1443 2377 rum
1460 2337 1532 2375 δερ.
2232 2355 2236 2359 -

1412 2392 1503 2430 251.
1533 2389 1668 2442 Resp.,
1696 2388 1820 2428 latum
1848 2403 1926 2429 esse
1944 2390 2149 2430 discrimen
2166 2421 2176 2440 ,
2206 2392 2298 2444 quia
2318 2391 2482 2431 verbum

1355 2445 1432 2484 Dei
1461 2442 1795 2491 non-conficitur,
1824 2443 1888 2481 sed
1907 2443 2030 2482 solum
2049 2446 2318 2489 annuntiatur;
2348 2445 2483 2483 Sacra-

1358 2507 1486 2537 menta
1514 2507 1640 2536 autem
1666 2511 1691 2534 a
1721 2497 1895 2534 ministro
1922 2497 2207 2542 conficiuntur3
2236 2498 2338 2535 unde
2357 2511 2485 2535 neces-

1359 2553 1460 2591 saria
1487 2560 1540 2590 est
1568 2550 1749 2598 intentio,
1790 2557 1832 2587 ut
1859 2550 2047 2598 materia,
2084 2549 2120 2585 &
2155 2551 2279 2588 forma
2306 2551 2486 2589 determi-

1359 2614 1497 2644 nentur
1525 2605 1573 2643 ad
1601 2617 1678 2642 esse
1706 2602 2019 2651 sacramentale,
2056 2615 2147 2641 cum
2184 2617 2228 2642 ex
2257 2617 2294 2642 se
2323 2606 2396 2644 sint
2425 2605 2485 2643 in*

1360 2659 1572 2698 differentia
1589 2684 1600 2696 .
1631 2656 1722 2694 Vid.
1738 2671 1838 2708 sup.
1865 2671 1905 2695 n.
1925 2655 2018 2702 224.
2050 2655 2107 2708 (b)
2125 2682 2136 2694 .

1415 2713 1509 2753 252.
1538 2711 1599 2750 Ad
1632 2711 1875 2760 secundum,
1896 2709 2155 2761 dicendum,
2193 2711 2349 2764 inquit,
2385 2709 2488 2764 quod

2359 2770 2437 2806 cir·
2465 2779 2483 2791 v·

1374 2868 1575 2912 scz‘piendos
1601 2879 1636 2902 se
1661 2868 1816 2911 accingit
1837 2887 1886 2899 ω.
1905 2868 2127 2902 nihilominus
2154 2875 2263 2902 tamen
2279 2889 2290 2909 ‚
2316 2880 2389 2902 cum
2411 2879 2494 2912 prae-

1376 2917 1507 2948 dictam
1530 2919 1814 2958 protestationem
1830 2915 2057 2948 ordinationi
2082 2919 2282 2959 praemittit,
2307 2917 2491 2949 innumeris

1376 2963 1546 3004 scrupulis
1561 2982 1572 3001 ,
1592 2967 1633 2994 U*
1649 2964 1754 2994 animi
1767 2962 2002 2994 anxietatibus
2018 2966 2232 2995 occasionem
2246 2964 2370 3005 praebet
2383 2982 2391 2990 -
2416 2959 2491 2991 Un-

1372 3006 1415 3039 de
1441 3002 1640 3050 concludit,
1663 3010 1820 3050 praestctri
1845 3012 1978 3041 omnino
1997 3029 2010 3049 ,
2035 3016 2070 3042 ut
2086 3007 2281 3052 Episcopus
2305 3021 2324 3040 α
2346 3017 2491 3049 genera-

1374 3055 1401 3086 li
1439 3055 1500 3087 illa
1535 3057 1787 3097 protestatione
1824 3055 2016 3088 abstineat.
2058 3052 2154 3088 Idem
2191 3063 2289 3088 antea
2324 3050 2490 3084 docuerat

1372 3099 1458 3133 Nat.
1481 3100 1681 3134 Alexander
1707 3101 1762 3134 De
1790 3100 1946 3135 Sacram.
1973 3105 2009 3136 in
2034 3100 2159 3147 genere
2184 3111 2257 3144 cap·
2275 3109 2306 3141 7·
2332 3108 2430 3130 num·
2458 3098 2491 3130 3-

1372 3145 1508 3190 Regula
1537 3159 1566 3180 1.

1392 3237 1398 3245 .
1422 3194 1470 3232 (b)
1496 3193 1662 3239 'Theologi
1688 3193 1861 3228 Catholici
1888 3195 1980 3228 inter·
2013 3206 2049 3229 se
2082 3205 2150 3228 non
2172 3189 2315 3224 omnino
2347 3201 2492 3222 consen-

1372 3246 1466 3272 nunt
1492 3239 1529 3273 in
1553 3238 1821 3283 determinanda
1846 3243 1981 3276 actione
2006 3238 2158 3276 ministri
2176 3259 2185 3267 .
2226 3236 2344 3280 Aliqui
2371 3237 2462 3269 enim
2479 3258 2492 3277 ,

1371 3293 1410 3318 ut
1436 3285 1626 3331 Cajetanus
1653 3289 1684 3321 in
1713 3285 1745 3322 3.
1760 3288 1796 3320 Ρ.
1821 3288 2046 3333 qu.64.1art-
2063 3297 2119 3325 1ο,
2144 3285 2176 3315 &
2200 3283 2404 3316 Dominicns
2432 3284 2494 3317 So-

1372 3338 1410 3369 to
1434 3333 1472 3368 in
1497 3332 1559 3370 IV.
1585 3334 1723 3372 Dist.1.
1749 3346 1809 3379 qu.
1836 3335 1869 3372 5.
1895 3342 1962 3369 art.
1992 3344 2023 3366 1.
2061 3327 2253 3378 quamdam
2277 3341 2350 3365 esse
2375 3330 2498 3365 volunt
