2605 3624
3 2642 7 2678 i

4 2706 8 2727 l

889 121 969 164 DE
1003 121 1335 164 SACRIFICIO
1370 123 1601 166 MISSAE.
2278 138 2332 190 87

150 206 240 245 525.
271 205 318 244 Et
345 204 499 257 quidem
516 202 586 241 hoc
615 214 691 239 esse
710 199 889 238 omnibus
904 201 1100 239 sacrificiis
1122 214 1207 253 pro-

96 261 252 311 prium,
290 267 328 296 ut
357 260 431 295 siut
461 256 746 307 propitiatoria,
790 254 900 291 tradit
932 253 1130 306 Apus-‚olus
1157 255 1207 292 ad

95 314 216 351 Hebr.
239 311 287 348 V.
320 323 353 347 ι.
383 310 533 346 dicens:
566 308 710 345 Omnis
740 306 927 359 Pontifex
955 320 1008 344 ex
1037 307 1208 345 homini·

96 365 164 403 bus
191 370 414 411 assumptus
442 374 512 410 pro
541 359 759 399 hominibus
787 364 1034 399 constituitur
1061 365 1102 398 ia
1131 365 1177 398 iis
1195 391 1205 408 ‚

95 431 184 471 quae
211 425 300 455 sunt
328 414 383 452 ad
411 413 542 452 Deum
559 445 569 464 ,
600 424 638 452 ut
667 413 811 464 offerat
841 415 948 452 <lona
965 445 976 463 ,
1003 415 1054 454 (θ’
1083 419 1207 453 sacri-

83 471 192 525 ficia
219 482 288 519 pro
313 473 521 519 peccatis:
567 469 663 506 unde
694 478 817 520 postea
848 470 979 515 infert,
1010 467 1206 506 Christum

93 525 259 576 seipsum
288 523 466 560 obtulisse
493 535 562 575 pro
583 533 706 560 nostra
727 523 1001 575 redemptione,
1032 522 1122 574 quia
1137 522 1204 559 Sa-

92 577 226 616 cerdos
256 584 332 615 erat
350 601 362 614 .

147 628 240 668 526.
270 629 458 668 Praeterea
487 630 534 668 ad
552 629 646 669 lianc
676 640 917 682 peccatorum
947 629 1203 666 remissionem

92 697 133 724 se
161 683 290 721 altaris
317 683 553 722 sacrificium
597 686 794 722 instituisse
825 687 901 735 ipse
928 682 1097 720 Christus
1127 683 1204 719 Do-

92 737 221 776 minus
247 737 426 785 ostendit,
467 738 622 789 quaudo
651 737 837 789 Apostolis
864 737 987 774 dixit:
1035 734 1121 773 Hoc
1151 744 1208 772 est

91 803 231 841 corpus
259 803 420 839 meum,
448 790 552 841 quod
577 803 647 840 pro
676 789 775 828 vobis
803 791 921 828 (latur
944 790 1057 826 Iiucae
1076 788 1207 826 XXII.

99 857 183 895 ις),
225 843 259 880 8(
287 844 390 895 apud
420 843 579 881 Paulum
609 857 641 881 r.
667 843 839 881 Corinth.
870 842 940 880 XI.
971 842 1064 889 24„
1107 841 1208 892 quoti

89 896 277 946 prorobis
293 895 528 948 frangitur,
556 910 680 947 graece
701 895 919 944 κλώμενονς
948 894 1036 933 licet
1068 896 1105 931 in
1138 907 1202 931 no·

91 959 168 988 stro
196 949 346 1001 vulgato
374 949 584 995 habeatur,
627 947 729 998 quoii
755 960 825 997 pro
853 947 956 984 vobis
995 947 1175 985 tradetur
1195 973 1206 984 .

93 1003 154 1041 De
195 1002 315 1041 calice
349 1002 526 1041 similiter
552 1001 723 1039 Christus
763 1001 859 1038 (lixit
899 1001 1001 1052 apud
1031 1001 1206 1038 Lucam:

93 1054 173 1094 Hic
200 1063 257 1094 est
285 1055 396 1092 calix
433 1067 575 1092 novum
612 1061 899 1092 testamentum
941 1057 982 1090 ιή
1010 1057 1208 1103 sanguiue

91 1121 208 1156 meo,
250 1112 314 1159 qui
341 1120 412 1158 pro
440 1106 540 1146 vobis
556 1106 782 1159 fundetur,
819 1120 941 1157 graece
973 1105 1207 1156 ἐνχονᾶιιενον

90 1171 149 1200 est
185 1159 334 1209 effusus
348 1174 373 1206 ;·
403 1161 507 1213 quod
548 1170 696 1213 tempus
736 1162 976 1213 fnaeteritum
1019 1159 1208 1209 significat

89 1214 324 1254 sacrificium
354 1216 413 1253 sui
441 1215 632 1266 sanguinis
663 1216 701 1252 in
732 1216 812 1265 ipsa
841 1227 953 1252 coeua
969 1212 1067 1250 Patri
1092 1212 1206 1251 ›obla-

91 1277 174 1306 tum
203 1270 242 1306 iu
273 1268 532 1307 remissionem
572 1277 838 1320 peccatorum.
881 1266 958 1305 Ubi
991 1266 1205 1304 vnotandum

91 1329 145 1360 est
184 1334 261 1374 quo
292 1335 364 1370 ue,
402 1335 481 1360 non
518 1321 658 1360 dixisse
689 1320 887 1358 Christum
929 1321 975 1358 de
1016 1332 1206 1371 corpore,

90 1376 192 1427 quod
222 1336 322 1413 νοίῖἶπίς
350 1373 497 1423 cicitur,
539 1374 603 1413 sed
631 1375 730 1426 quod
759 1386 829 1422 pro
856 1373 964 1412 vobis
1005 1373 1142 1421 datur,
1172 1374 1207 1409 8<

90 1427 270 1466 similiter
297 1429 343 1466 de
362 1428 566 1479 sanguine,
592 1436 635 1465 ut
656 1426 952 1477 intelligeremus
969 1456 979 1474 ,
1011 1425 1093 1481 liaec
1115 1427 1208 1465 suis-

91 1494 130 1518 se
159 1481 240 1519 Deo
265 1480 392 1520 oblata
423 1483 460 1518 iu
487 1480 722 1519 sacrificium
750 1492 820 1532 pro
849 1479 982 1517 nobis.
1011 1480 1110 1517 Cum
1141 1494 1208 1517 au-

91 1542 166 1572 tem
210 1544 380 1573 nostrum
405 1534 540 1573 Missa-2
577 1533 810 1572 sacrificium
852 1531 951 1571 nihil
995 1533 1041 1570 sit
1062 1533 1174 1571 valiud
1196 1564 1207 1582 ,

88 1600 207 1638 quam
235 1585 345 1625 illius
372 1587 553 1627 sacrificii
584 1588 777 1639 repetitio,
812 1587 946 1624 eadem
978 1586 1124 1635 hostia,
1153 1596 1207 1624 at-

90 1653 164 1692 que
183 1640 286 1678 idem
315 1649 475 1680 astemus
503 1641 711 1689 Sacerdos,
740 1639 851 1691 cujus
876 1641 994 1677 nostri
1024 1639 1206 1696 Sacerdo-

88 1701 142 1731 tes
171 1706 246 1732 non
274 1702 358 1732 sunt
385 1707 639 1741 successores,
677 1694 741 1732 sed
770 1694 931 1731 ministri
961 1694 999 1730 in
1028 1706 1110 1742 ejus
1138 1707 1205 1730 nn-

89 1747 197 1784 mine
223 1745 449 1795 offerentes,
478 1747 675 1785 manifeste
700 1747 898 1797 sequitur,
928 1745 1060 1783 Missae
1090 1747 1205 1783 sacri-

89 1798 225 1838 ficium
255 1813 333 1837 esse
361 1813 449 1838 vere
490 1800 823 1852 propitiatorium.
858 1798 991 1845 Quam
1024 1800 1204 1837 rationem

92 1850 230 1904 allegat
258 1865 345 1891 mox
380 1854 494 1891 citata.
520 1853 693 1906 Synodus
723 1852 834 1890 'Prid.
865 1853 1065 1904 inquiens:
1114 1850 1207 1889 Una

91 1907 200 1943 enim
219 1936 230 1954 ,
250 1905 478 1958 -eailemque
505 1915 564 1944 est
594 1905 721 1943 hostia
738 1935 749 1952 ‚
777 1904 882 1942 idem
898 1918 1004 1942 nunc
1033 1904 1207 1954 offerens

89 1956 353 1997 sacerdotum
381 1963 599 1997 ministerio
618 1958 689 1998 &c.
711 1957 800 1997 Vid.
815 1958 1076 1997 Cateclrismus
1098 1958 1208 1997 Rom.

91 2009 133 2049 P.
155 2012 204 2049 lt.
231 2026 318 2064 cap.
347 2012 387 2058 4.
417 2027 454 2051 n.
486 2012 549 2063 76.
578 2027 658 2065 seq.

145 2064 238 2116 527.
268 2064 455 2104 Praeterea
483 2065 568 2104 ltaec
606 2065 748 2105 veritas
785 2077 834 2103 ex
859 2073 1047 2118 perpetua
1075 2065 1208 2103 Eccle-

89 2117 159 2157 siae
200 2119 469 2158 consuetudine
510 2120 652 2159 invicte
692 2117 904 2172 probatur.
946 2119 1045 2157 Nam
1081 2123 1210 2169 primo

89 2182 222 2209 omnes
250 2171 442 2224 liturgiae,
469 2182 652 2226 quotquot
680 2181 832 2221 extant,
861 2171 1091 2211 oblationem
1120 2186 1209 2212 con-

92 2226 209 2264 tinent
251 2238 321 2277 pro
362 2227 583 2265 remissione
631 2234 900 2278 peccatorum.
943 2225 1014 2264 llla
1040 2225 1173 2264 Jacobi
1196 2257 1208 2275 ,

93 2291 184 2330 quae
213 2279 480 2329 antiquissima
508 2288 585 2327 est,
615 2278 648 2315 8(
669 2277 919 2330 probabiliter
943 2282 1134 2329 genuinus
1162 2280 1209 2317 il-

93 2329 172 2368 lius
201 2330 372 2382 Apostoli
401 2332 538 2379 fietus,
570 2340 608 2369 ut
637 2329 748 2369 multi
767 2331 999 2382 opinantur,
1032 2331 1112 2369 lraec
1143 2331 1209 2370 ha-

93 2382 180 2422 bet:
232 2382 450 2432 Offerimus
478 2383 545 2422 tibi
573 2388 823 2422 incruentum
862 2383 1110 2437 sacrificium
1139 2399 1210 2436 pro

90 2440 267 2486 peccatis
295 2441 440 2476 nostris
457 2468 469 2486 ,
503 2438 554 2479 <9⁶
582 2441 819 2491 ignorantiis
847 2438 1005 2488 populi.
1035 2437 1208 2489 Longum

91 2499 184 2528 esset
213 2489 306 2529 alias
333 2492 375 2529 in
418 2492 589 2530 medium
619 2492 816 2544 proferre.
857 2491 1042 2529 Omittere
1082 2499 1209 2530 tamen

91 2555 170 2581 non
198 2556 396 2595 possumus
422 2545 517 2583 duas
544 2545 718 2597 liturgias
744 2543 905 2592 Basilii,
942 2543 978 2580 &
1006 2543 1210 2596 Chrysoto·

93 2595 182 2640 mi3
212 2597 252 2633 in
280 2600 446 2649 quarum
475 2599 600 2651 prima
629 2597 714 2637 haec
734 2597 940 2650 leguntur:
968 2596 1121 2650 Dignos
1148 2597 1208 2650 ef-

84 2646 175 2700 fiee
202 2660 302 2696 nos,
327 2653 394 2698 qui
407 2663 502 2699 puro
515 2650 632 2690 corde
652 2677 694 2690 ...
713 2649 936 2700 offeramus
962 2651 1208 2704 sacrificium

94 2698 168 2737 lioc
197 2701 456 2739 reverendum
482 2703 538 2740 act
566 2703 763 2742 abolenda
790 2703 937 2743 delicta
966 2714 1106 2743 nostra
1134 2704 1206 2743 &c.

95 2753 139 2791 In
168 2751 285 2790 altera
314 2767 404 2792 vero
432 2754 596 2794 Icloneos
637 2755 757 2795 redde
785 2756 840 2794 acl
887 2757 1099 2810 inferenda
1140 2759 1207 2797 tibi

95 2804 232 2854 dona,
258 2806 310 2846 <9⁶
328 2807 535 2861 sacrificia
560 2822 631 2861 pro
657 2813 830 2860 peccatis
857 2815 1029 2862 nostris,
1064 2813 1114 2854 (9·
1141 2826 1209 2864 ρο-

92 2858 173 2909 puli
201 2862 437 2912 ignorantiis
453 2887 465 2900 .

153 2913 246 2951 528.
274 2912 481 2952 Secundo.
521 2914 648 2954 Patres
683 2916 723 2955 in
765 2917 936 2955 eamdem
983 2922 1207 2959 sententiam

97 2968 347 3017 conspirant,
385 2976 424 3004 ut
452 2968 658 3020 Origenes,
700 2971 767 3022 qui
798 2971 912 3008 Hom.
933 2970 1040 3011 Xlll.
1070 2974 1108 3012 in
1139 2974 1211 3011 Le-

96 3019 165 3059 vit.
193 3019 240 3057 de
268 3018 356 3059 Jesu
370 3019 485 3060 Cristi
501 3025 858 3062 commemoratione
887 3024 1066 3076 loquens,
1094 3040 1212 3078 quam

149 3159 200 3196 (a)
226 3157 319 3190 Inter
353 3159 465 3192 multa
505 3159 701 3200 miracula,
737 3172 815 3206 quae
841 3161 958 3194 Sanct.
993 3162 1210 3206 Augustinus

102 3200 182 3234 Lib.
202 3204 320 3236 ΧΧΙΙ.
349 3203 488 3238 ΒεΟίυ.
509 3206 579 3240 Dei
597 3217 672 3251 cap.
690 3208 722 3241 8.
739 3208 772 3240 in
791 3207 1089 3241 confirmationem
1107 3208 1212 3243 Chri·

101 3246 224 3281 sii-mse
252 3250 430 3294 religionis
457 3264 516 3285 sua
543 3262 644 3286 aetate
671 3254 762 3287 facta
796 3261 978 3294 recenset,
1015 3253 1079 3287 hoc
1104 3255 1211 3289 etiam

103 3301 226 3325 narrat
261 3294 302 3328 de
336 3298 411 3331 viro
437 3299 638 3332 Tribunitio
664 3300 831 3343 Hesperio
850 3321 860 3339 ‚
896 3302 951 3342 ιμιὶ
987 3312 1059 3333 cum
1082 3302 1210 3334 doraum

109 3348 199 3371 snam
225 3344 401 3383 spii-ieiumi
414 3347 634 3392 malignorum
659 3349 865 3382 rimnoxiam
881 3349 1013 3389 perpeti
1027 3351 1210 3390 comperis-

1275 202 1400 238 facere
1430 202 1611 251 jubemur
1627 205 1664 241 in
1684 207 1870 247 sacrificio
1891 209 2140 250 Eucharistiae
2157 243 2167 260 ,
2200 212 2281 251 Ista
2301 224 2358 252 est
2376 246 2386 262 ‚

1275 255 1402 305 inquit
1423 284 1434 301 ,
1463 265 1792 296 commemoratio
1807 263 1890 298 sola
1910 292 1918 308 ‚
1949 278 2037 312 qua:
2055 268 2391 319 propiuwnjkicis

1274 306 1408 345 Deum
1443 306 1686 348 hominibus.
1716 313 1756 349 S.
1779 314 1948 364 Cyrillus
1977 319 2130 356 cuvoli.
2164 320 2208 358 V.
2241 321 2386 374 Mysta-

1274 362 1407 411 gogica
1427 370 1623 413 postquam
1643 363 1922 403 Eucharistiam
1944 373 2088 407 vocavit
2118 371 2271 410 liostian
2300 388 2386 424 pro-

1271 417 1513 464 pitiationis,
1544 416 1690 454 subdit:
1723 417 1918 455 Christum
1947 434 2014 468 pro
2045 429 2184 460 nostris
2213 433 2386 474 peccatis

1275 477 1501 505 mactatum
1535 468 1766 518 offerimus,
1797 482 1834 507 ut
1856 473 2053 521 (nimbis,
2083 477 2131 514 (ἵ)
2162 479 2236 515 illis
2265 494 2382 528 eum,

1272 525 1336 572 qui
1360 519 1662 573 benignissimus
1691 533 1770 571 est,
1800 530 2005 574 propicium
2033 527 2246 567 rcwlilamus
2269 559 2277 569 .
2311 534 2386 572 ΙΜ-

1274 588 1473 612 masceuus
1513 584 1641 613 autem
1672 577 1760 615 Lib.
1788 578 1856 616 lv.
1885 578 1949 616 De
1979 580 2071 631 file
2114 582 2266 621 ortlioil.
2303 599 2386 636 cap.

1278 627 1360 675 15„
1392 637 1589 681 postquam
1620 632 1841 678 monuisset,
1873 631 1943 670 hoc
1976 648 2052 670 esse
2066 647 2234 683 purum,
2263 638 2386 677 &iu-

1274 690 1480 718 cruentum
1511 683 1783 735 sacrificium,
1826 685 1926 735 quoi
1953 687 2005 723 ab
2035 697 2120 724 ortu
2148 690 2238 726 solis
2268 703 2388 739 usque

1275 734 1331 771 ad
1357 747 1547 773 occasum
1575 737 1644 773 sibi
1672 738 1845 775 oblatum
1875 743 1949 788 iri,
1980 739 2177 780 Dominus
2204 756 2273 792 per
2294 743 2391 782 Pro-

1274 787 1438 838 plietam
1468 792 1482 839 (
1512 788 1751 829 Malachiam
1783 793 1796 839 )
1828 792 1952 841 (lixit,
1984 795 2139 843 subdit,
2168 810 2234 834 nos
2264 811 2330 848 per
2361 799 2391 835 i-

1277 855 1386 891 psum
1417 841 1559 880 morbis
1580 873 1589 890 ‚
1625 844 1929 899 otnnisariisque
1957 851 2147 886 immissis
2174 850 2392 889 calamita-

1274 893 1373 931 tibus
1401 900 1618 948 expurgari
1635 923 1646 935 .

1330 949 1422 999 529.
1452 949 1531 987 'Nec
1561 951 1688 989 miuus
1723 952 1860 990 diserte
1887 951 2015 991 Patres
2042 954 2151 995 latini
2183 957 2391 1007 praedicant

1274 1002 1453 1039 virtutem
1488 1003 1670 1042 sacrificii
1701 1005 1955 1045 Eucliaristici
1999 1009 2045 1046 :ul
2075 1010 2296 1049 remittenda
2326 1025 2391 1049 no-

1274 1063 1348 1091 stra
1378 1066 1529 1107 peccata
1548 1083 1557 1093 .
1599 1057 1699 1094 Nam
1730 1059 1770 1096 S.
1802 1060 2023 1099 Ambrosius
2054 1062 2140 1099 Lib.
2166 1064 2192 1100 l.
2236 1063 2301 1101 De
2328 1064 2391 1115 of-

1262 1106 1376 1158 ficiis
1405 1123 1490 1158 cap.
1511 1109 1577 1154 48.
1611 1109 1767 1159 Offert,
1814 1114 1936 1164 inquit
1954 1144 1964 1162 ,
2013 1114 2186 1153 Christus
2214 1122 2389 1168 seipsum.

1275 1165 1389 1210 quasi
1429 1162 1626 1199 Sacerdos
1657 1168 1670 1214 (
1705 1166 1742 1202 in
1782 1165 2022 1204 Eucliaristia
2053 1169 2095 1216 )‚
2139 1179 2178 1205 ut
2221 1180 2390 1218 peccata.

1274 1222 1412 1250 nostra
1440 1214 1636 1253 dimittat.
1665 1216 1706 1253 S.
1736 1217 1996 1270 Hieronymus
2024 1222 2063 1257 in
2092 1235 2177 1272 cap.
2207 1223 2236 1260 l.
2268 1224 2391 1274 Epist.

1273 1267 1321 1303 ad
1352 1266 1509 1304 Titum:
1539 1269 1582 1305 Si
1602 1270 1716 1306 laicis
1735 1299 1744 1316 ,
1776 1271 1926 1322 inquit,
1957 1277 2204 1322 imperatur,
2234 1284 2273 1311 ut
2302 1288 2393 1324 pro-

1273 1328 1358 1370 pter
1385 1324 1608 1359 orationem
1636 1321 1863 1360 abstineant
1893 1337 1935 1362 se
1964 1324 2014 1362 ab
2054 1339 2226 1364 uxorum
2263 1333 2391 1376 coitu,

1275 1373 1365 1424 quiri
1407 1374 1454 1411 (le
1483 1374 1680 1427 Episcopo
1721 1377 1973 1415 sentiendum
2002 1389 2082 1428 est,
2126 1385 2190 1431 qui
2227 1381 2395 1430 quotidie

1274 1439 1344 1477 pro
1372 1431 1478 1475 suis,
1521 1430 1724 1480 populique
1751 1435 1926 1480 peccatis
1963 1432 2137 1471 illibatas
2166 1433 2253 1472 Deo
2281 1434 2393 1472 obla-

1275 1489 1384 1517 turus
1424 1490 1483 1518 est
1525 1482 1745 1520 victimas?
1790 1485 1842 1520 Ac
1889 1485 2052 1536 denique
2089 1486 2129 1523 S.
2162 1488 2394 1539 Augustinus

1275 1534 1562 1580 Quaest.LV11.
1588 1537 1631 1573 in
1664 1536 1784 1574 Levit.
1814 1536 1862 1573 In
1892 1538 2050 1586 multis,
2082 1541 2234 1591 inquit,
2265 1544 2393 1578 sacri-

1262 1586 1376 1639 ficiis
1394 1616 1404 1634 ‚
1433 1600 1522 1637 quae
1539 1601 1609 1638 pro
1637 1594 1812 1639 peccatis
1849 1588 2119 1636 offerebantur
2136 1622 2146 1640 ‚
2178 1607 2301 1631 unum
2319 1593 2391 1632 hoc

1274 1650 1452 1677 nostrum
1481 1642 1728 1694 sacrificium
1756 1647 1859 1696 signi
1894 1650 2008 1682 catur
2028 1675 2039 1694 ,
2068 1649 2110 1683 in
2125 1659 2198 1697 quo
2229 1647 2391 1700 vera-fit>

1271 1698 1453 1731 remissio
1480 1704 1761 1744 peccatorum.

1329 1748 1420 1786 550.
1448 1748 1533 1786 Jam
1564 1762 1652 1787 vero
1681 1750 1751 1788 hoc
1778 1752 2014 1790 sacrificium
2053 1765 2130 1791 non
2158 1752 2284 1791 solum
2312 1768 2392 1793 esse

1273 1805 1586 1850 propitiatorium
1616 1816 1684 1854 pro
1710 1807 1896 1855 peccatis,
1929 1806 1991 1843 sed
2022 1807 2134 1844 etiam
2164 1810 2392 1858 impetrato-

1275 1858 1377 1891 rium
1406 1853 1571 1893 aliarum
1599 1857 1828 1907 gratiarum,
1860 1859 1994 1896 iisdem
2015 1862 2216 1898 momentis
2247 1863 2392 1900 evinci-

1275 1915 1336 1945 tur
1356 1937 1367 1954 ,
1396 1907 1540 1946 scilicet
1568 1911 1787 1947 auctoritate
1807 1911 2078 1962 liturgiarum,
2107 1914 2149 1952 in
2178 1915 2321 1965 quibus
2336 1929 2395 1952 sa-

1277 1959 1470 1998 crificium
1517 1961 1646 2000 offerri
1681 1963 1850 2011 dicitur,
1894 1977 1969 2002 uon
1999 1965 2122 2004 solum
2163 1979 2234 2018 pro
2262 1967 2394 2019 culpa-

1273 2026 1362 2051 rum
1394 2015 1643 2063 remissione,
1690 2016 1752 2053 sed
1781 2019 1894 2055 etiam
1923 2030 1993 2068 pro
2031 2033 2099 2070 spe
2127 2020 2268 2058 salutis
2289 2051 2300 2069 ,
2341 2022 2392 2062 (θ’

1275 2066 1560 2106 incolumitatis
1589 2077 1764 2118 nostroe,
1806 2084 1876 2122 pro
1905 2085 2024 2122 pace,
2061 2086 2132 2125 pro
2161 2076 2270 2126 copia
2313 2074 2395 2112 fru-

1272 2129 1429 2169 ctuum,
1456 2120 1578 2174 &pro
1605 2121 1691 2162 aliis
1719 2122 1996 2174 temporalibus
2024 2125 2134 2165 bouis
2151 2154 2160 2164 .
2205 2129 2391 2165 Audiatur

1277 2173 1567 2223 Tertullianus,
1597 2178 1664 2229 qui
1696 2177 1735 2214 iu
1751 2177 2001 2231 Apologetico
2029 2194 2114 2231 cap.
2136 2180 2200 2219 50.
2231 2181 2390 2232 loquens

1276 2227 1323 2265 de
1350 2227 1575 2267 Christianis
1615 2229 1862 2268 offerentibus
1904 2236 2130 2283 optimam,
2173 2234 2222 2272 <9⁶
2261 2235 2393 2284 majo-

1277 2292 1362 2318 rem
1379 2280 1551 2319 hostiam
1567 2312 1577 2330 ,
1605 2296 1742 2334 nempe
1757 2283 2059 2322 Eucharistieam
2080 2315 2090 2332 ‚
2119 2284 2227 2332 lVos,
2243 2287 2394 2337 inquie-

1276 2332 1367 2382 bat,
1408 2347 1478 2383 pro
1520 2335 1647 2372 salute
1677 2335 1968 2386 Imperatorum
1997 2336 2131 2375 Deum
2161 2341 2392 2377 invocamus

1275 2396 1472 2424 oeternum
1495 2417 1505 2435 ,
1549 2387 1684 2425 Deum
1714 2401 1873 2436 rerum,
1914 2391 1964 2430 Θ
1993 2389 2125 2428 Deum
2156 2395 2280 2429 vivum
2301 2417 2390 2430 ......

1275 2443 1400 2478 vitam
1417 2441 1491 2478 illis
1509 2442 1706 2490 prolixam
1726 2471 1736 2489 ,
1767 2445 1974 2492 imperium
1990 2457 2194 2492 securum,
2229 2444 2392 2483 domum

1277 2501 1434 2541 tutam,
1473 2498 1670 2532 exercitus
1686 2493 1849 2544 fortes,
1891 2506 2078 2534 senatum
2096 2498 2295 2549 fidelem,
2324 2512 2391 2548 po-

1277 2546 1410 2594 pulum
1438 2546 1599 2596 probum
1621 2577 1632 2594 ‚
1661 2547 1794 2586 orbem
1823 2553 1994 2600 quietum
2016 2579 2027 2598 ,
2057 2551 2105 2591 (9⁴
2134 2565 2392 2602 quoecumque

1277 2598 1471 2647 hominis,
1507 2601 1557 2640 (ἓν
1586 2599 1764 2638 Caesaris
1791 2611 1880 2640 vota
1908 2613 1998 2640 sunt
2020 2630 2029 2641 .
2073 2604 2120 2642 Et
2149 2606 2188 2641 S.
2219 2605 2391 2656 Cyrillus

1275 2651 1499 2704 Jerosolym.
1515 2653 1668 2692 Cateclt.
1686 2655 1735 2693 V.
1757 2654 2044 2708 Mystagogica:
2066 2657 2279 2707 Postquam
2297 2671 2393 2695 con-

1262 2705 1426 2757 fectum
1456 2716 1540 2754 est,
1567 2708 1719 2759 inquit,
1763 2709 1856 2747 illud
1883 2711 2087 2759 spirituale
2116 2710 2362 2763 sacrificium
2380 2742 2390 2759 ‚

1276 2760 1326 2800 ἴθ’
1354 2759 1418 2797 ille
1446 2760 1569 2798 cultus
1597 2764 1850 2806 incruentus,
1892 2775 2007 2812 super
2035 2767 2122 2814 ipsa
2151 2767 2394 2815 propitiatio-

1275 2816 1339 2850 nis
1368 2812 1520 2863 lzostt'a,
1547 2813 1801 2853 obsecramus
1822 2815 1954 2853 Deum
1983 2829 2052 2867 pro
2080 2822 2283 2855 communi
2313 2816 2394 2855 Ec-

1276 2867 1490 2905 clesiarum
1519 2880 1646 2917 pace,
1689 2881 1757 2918 pro
1785 2871 2074 2919 tranquillitate
2112 2870 2278 2919 mundi,
2324 2885 2393 2922 pro

1276 2919 1455 2972 regibus,
1502 2934 1571 2971 pro
1601 2921 1803 2970 militibus,
1840 2936 1910 2974 pro
1939 2928 2076 2971 sociis,
2106 2937 2174 2974 pro
2202 2931 2363 2977 aegrotis
2381 2955 2392 2973 ‚

1279 2973 1328 3013 <9⁶
1357 2972 1553 3026 afflictis,
1583 2975 1632 3015 (9¹
1661 2978 1703 3012 in
1731 2989 1894 3014 summa
1920 2990 1991 3029 pro
2019 2978 2199 3017 omnibus
2220 3009 2230 3028 ,
2259 2982 2324 3031 qui
2353 2991 2392 3017 e-

1278 3035 1375 3078 gent
1403 3028 1556 3066 auxilio
1582 3029 1646 3079 (a)
1665 3054 1676 3067 .

2248 3086 2338 3125 551.

1280 3173 1355 3206 see,
1392 3168 1527 3213 rogavit
1554 3168 1802 3214 Presbyter-os,
1837 3178 1873 3205 ut
1896 3172 2023 3217 aliquis
2048 3185 2158 3206 eorum
2183 3175 2245 3206 illo
2268 3182 2390 3214 purge-

1279 3221 1356 3253 ret,
1381 3217 1477 3262 cujus
1500 3218 1710 3250 orationibus
1733 3219 1895 3251 cederent
1912 3241 1921 3250 .
1948 3218 2107 3252 Perrexit
2131 3232 2211 3251 urnss
2230 3239 2241 3258 ,
2266 3218 2388 3249 obtulit

1278 3260 1326 3292 ihi
1344 3263 1555 3305 sacrificium
1579 3268 1734 3307 corporis
1760 3264 1896 3298 Christi
1916 3287 1926 3305 ‚
1952 3279 2052 3298 orans
2078 3274 2228 3307 quantum
2253 3266 2359 3304 potuit
2378 3281 2389 3299 ‚

1276 3312 1310 3338 ut
1334 3316 1490 3342 cessaret
1513 3312 1578 3343 illa
1614 3315 1772 3343 vexatio.
1809 3310 1884 3344 Deo
1909 3316 2064 3355 protinus
2101 3313 2285 3342 miserante
2311 3318 2388 3337 cns-

1278 3355 1385 3389 -mvit-
1411 3353 1489 3389 Non
1514 3366 1626 3399 pauca
1649 3355 1851 3402 hujusmodi
1877 3356 2046 3391 miracula
2071 3354 2248 3389 cntholicae
2266 3352 2389 3385 Eccle-
