2605 3624
820 126 898 171 DE
934 125 1220 170 BAPTISMI
1253 122 1683 167 NECESSITATE
1704 153 1714 164 .

107 211 226 266 gilius
253 211 355 266 Papa
383 213 424 252 in
451 223 518 250 sua
544 207 743 248 Constitut.
774 205 837 245 De
865 205 984 244 tribus
1017 204 1226 255 Capitulis.

108 267 183 306 Sed
211 266 279 307 alii
307 268 347 305 in
375 263 600 304 contrariam
634 269 778 313 partem
809 258 1014 310 abjerunt,
1055 258 1153 296 bene
1181 257 1227 295 de

109 333 240 359 eorum
267 318 388 358 salute
414 317 647 360 ominantes3
679 324 717 352 ut
746 313 787 351 S.
810 313 1032 352 Ambrosius
1062 313 1100 349 in
1128 312 1225 349 Ora-

106 368 207 413 tione‘
234 370 388 410 funebri
408 367 670 407 Valentiniani
700 367 889 419 junioris,
918 367 986 419 qui
1017 378 1104 404 cum
1135 374 1226 402 essct

107 423 425 471 catechumenus,
454 422 487 459 ἃ
517 421 754 474 baptismum
783 421 828 459 de
850 419 1026 458 manibus
1056 417 1225 469 ejusdem

103 479 145 518 S.
177 472 368 517 Ambrosii
396 477 563 528 recipere
591 484 773 526 cuperet,
804 473 1032 520 fraudibus,
1069 472 1103 508 8<
1134 473 1226 510 insi·

104 532 178 571 diis
204 529 423 582 Arbogastis
449 530 595 567 occisus
626 529 723 567 fuit.
772 527 885 565 Porro
915 526 997 564 hcec
1035 525 1107 563 sibi
1138 538 1225 563 con-

105 581 220 623 staria
248 596 322 622 non
351 592 462 622 suut.
491 582 611 620 Primi
641 583 746 620 enim
776 580 984 633 loquuntur
1013 579 1058 616 de
1091 579 1134 616 iis
1164 592 1226 616 ca·

103 636 364 686 techumenis,
405 637 475 689 qui
504 635 692 688 culpabili
727 634 957 686 negligentia
986 632 1224 685 baptismum

102 690 374 742 recipere-'uon
401 689 643 742 satagebant,
687 689 747 729 vel
777 690 852 726 suis
884 688 1069 740 perversis
1108 687 1226 723 mori-

100 741 173 782 bus
201 756 245 780 eo
273 758 311 782 se
339 743 513 795 indignos
544 743 774 782 reddebant.
818 740 897 779 Alii
939 752 1030 780 vero
1070 740 1116 777 de
1154 740 1225 788 iis,

99 797 170 849 qui
199 797 346 836 ardenti
374 797 561 836 desiderio
603 795 709 835 illius
748 795 943 834 obtinendi
989 792 1225 844 flagrabant,

101 849 167 888 sed
196 849 257 889 vel
286 850 627 889 Catechumenatns
656 849 827 900 legibus,
857 846 914 885 vel
947 846 1034 884 aliis
1062 845 1108 882 de
1138 860 1226 883 cau-

101 904 153 942 sis
181 904 355 956 impediti
385 906 466 942 sine
495 903 564 941 hoc
594 903 746 940 lavacro
773 900 1032 944 decedebant;
1070 898 1104 934 &
1133 912 1229 950 qnos

103 955 146 994 S.
176 955 406 1008 Augustinus
435 970 524 996 cum
567 956 723 1007 martyr'
762 969 801 991 us
842 953 1119 1005 comparabat,
1168 953 1228 990 in-

103 1010 239 1062 quiens
268 1010 356 1049 Lib.
374 1010 442 1048 lV.
471 1009 520 1047 cle
548 1008 653 1058 bapt.
682 955 768 1059 ως.
788 1018 874 1045 22.:
905 1037 931 1055 „
953 1006 1081 1044 Etiam
1112 1014 1226 1057 atque

106 1092 134 1111 „
163 1064 277 1101 etiam
306 1062 544 1101 considerans
576 1062 755 1109 invenio,
797 1073 872 1099 non
907 1069 1054 1098 tantum
1087 1061 1228 1110 passio·

105 1144 132 1164 „
160 1129 246 1153 nem
277 1128 346 1168 pro
374 1116 528 1154 nomine
557 1114 695 1153 Christi
729 1115 795 1163 id,
831 1114 935 1166 quod
965 1126 1009 1151 ex
1041 1113 1229 1164 baptismo

104 1197 132 1216 ,‚
160 1169 314 1217 deerat,
356 1168 562 1222 supplere,
604 1169 669 1206 sed
698 1169 812 1206 etiam
842 1167 986 1214 fidem,
1016 1167 1229 1204 conversio-

107 1251 135 1272 „
164 1235 329 1274 nemque
348 1223 498 1272 cordis,
527 1223 557 1263 si
588 1223 682 1260 forte
710 1222 759 1259 ad
787 1220 1059 1259 celebrandum
1090 1228 1230 1272 myste-

108 1303 136 1324 „
165 1276 267 1313 rium
295 1276 476 1328 baptismi
520 1278 560 1314 in
589 1276 770 1328 angustiis
799 1284 1014 1326 temporum
1057 1273 1231 1312 succurri

104 1356 132 1378 ‚‚
161 1341 235 1367 non
264 1338 405 1380 potest.
452 1329 586 1382 'Neque
616 1331 716 1368 enim
747 1329 842 1367 latro
872 1327 938 1366 ille
979 1339 1047 1379 pro
1076 1329 1228 1365 nomine

103 1410 132 1430 „
158 1381 300 1420 Christi
328 1383 536 1422 crucifixus
565 1393 644 1432 est,
673 1383 736 1421 sed
759 1396 828 1436 pro
846 1381 993 1419 meritis
1011 1381 1227 1419 facinorum

104 1462 132 1482 „
159 1448 338 1474 suorum:
366 1451 434 1475 nec
461 1438 554 1489 quia
582 1437 767 1485 credidit,
798 1449 927 1489 passus
947 1442 1026 1480 est3
1056 1434 1118 1473 sed
1134 1434 1228 1472 dum

99 1515 133 1537 „
163 1490 329 1539 patitur,
357 1490 552 1528 credidit²³
570 1517 585 1530 .

53 1585 62 1593 μ
159 1554 250 1594 229.
281 1542 338 1581 Ad
367 1547 550 1592 tercium,
579 1542 658 1596 jam
689 1556 803 1596 supra
834 1543 935 1581 Diss.
959 1542 1007 1580 Il.
1038 1556 1073 1581 c.
1092 1541 1130 1580 5.
1159 1541 1228 1579 ob-

100 1596 337 1634 servavimus
367 1595 679 1637 incohaerentiam
714 1597 754 1636 S.
783 1597 1001 1649 Cypriani,
1042 1595 1227 1633 aliorum-

101 1659 178 1700 que
206 1648 555 1701 rebaptizantium,
596 1652 664 1703 qui
695 1643 931 1688 modo‘haue
960 1648 1226 1698 gravissimam

100 1702 395 1741 controversiam
423 1704 472 1741 ad
510 1703 634 1743 ,solam
676 1702 908 1742 mutabilem
950 1701 1223 1752 disciplinam,

97 1754 212 1790 modo
239 1755 286 1793 ad
315 1756 535 1795 inconcussa
563 1757 654 1795 fidei
683 1756 858 1808 dogmata
897 1756 1086 1806 pertinere
1114 1753 1225 1791 doce-

99 1804 221 1845 bant.
251 1807 407 1847 Interim
437 1817 564 1848 tamen
593 1808 827 1861 principium
850 1808 1116 1846 firmissimum
1148 1815 1226 1845 erat

100 1859 203 1910 apud
233 1860 358 1912 ipsOS,
401 1862 637 1914 baptismum
679 1876 756 1900 esse
791 1863 839 1899 ad
876 1860 1038 1898 salutem
1066 1862 1225 1898 omnino

98 1914 380 1962 necessarium3
421 1915 456 1952 &
485 1925 560 1954 tota
590 1916 696 1954 illius
723 1914 986 1966 disputationis
1029 1911 1145 1950 moles
1185 1915 1224 1952 iu

99 1977 145 2002 eo
173 1976 277 2016 erat,
320 1982 367 2006 an
397 1968 633 2021 baptismum
671 1968 720 2006 ab
764 1967 952 2005 haereticis
993 1966 1101 2004 datus
1132 1975 1225 2003 esset

94 2030 210 2074 ‘verus
228 2046 238 2058 .
286 2020 364 2069 Qui
395 2036 527 2061 verum
559 2035 635 2060 esse
665 2021 873 2073 negabant,
903 2021 1036 2057 tinctos
1065 2018 1114 2056 ab
1145 2018 1224 2057 hae-

97 2073 225 2111 :seticis
253 2075 390 2113 iterum
418 2075 684 2128 baptizabant:
713 2083 926 2112 nontamen
949 2070 1138 2125 appellari
1159 2086 1225 2111 vo-

98 2122 228 2165 lebaut
243 2141 353 2176 vere,
381 2127 416 2165 ἃ
450 2130 605 2182 proprie
624 2127 926 2178 Rebaezptiznntes
943 2157 955 2175 ,
984 2135 1023 2163 ut
1052 2124 1223 2165 Diss.11.

101 2191 136 2217 c.
153 2179 194 2218 3.
230 2184 470 2229 notavimus3
513 2183 606 2234 quia
633 2182 838 2220 credebant
866 2195 903 2219 se
932 2181 1123 2232 baptizare
1152 2179 1220 2218 ho—

99 2233 223 2271 miues
244 2247 316 2272 non
343 2234 548 2287 baptizatos
564 2261 576 2273 .

158 2284 250 2324 230.
280 2287 338 2325 Ad
368 2298 479 2340 postr.
509 2289 616 2337 dico,
645 2288 841 2327 communi
869 2289 1045 2326 omnium
1065 2286 1223 2326 catholi-

90 2349 236 2377 ¹corum
264 2343 448 2381 sententia
477 2342 709 2394 baptismum
740 2356 815 2381 esse
843 2342 890 2380 ad
920 2340 1079 2379 salutem
1099 2342 1222 2379 omni-

99 2389 171 2451 bus
200 2395 453 2433 necessarium
475 2425 486 2444 ,
515 2396 578 2434 sed
609 2405 647 2433 ut
674 2396 841 2434 diximus
870 2409 984 2448 supra
1013 2409 1122 2433 num.
1151 2407 1221 2446 9.,

96 2451 170 2483 tria
198 2445 369 2486 distincta
398 2448 552 2488 [uerunt
569 2449 748 2502 baptismi
770 2463 905 2501 genera
923 2464 933 2495 3
963 2462 1126 2501 quorum
1145 2448 1223 2498 pri-

98 2510 211 2558 lnttS,
241 2499 274 2538 ἃ
303 2502 371 2553 qui
400 2502 500 2541 solus
527 2502 784 2542 characterem
815 2504 1034 2556 imprimit,
1072 2511 1123 2540 est
1152 2501 1221 2539 ba-

100 2556 259 2612 ptismus
276 2568 416 2607 aquoe5
445 2556 514 2595 alii
528 2557 604 2595 duo
617 2561 826 2609 sanguinis
843 2587 854 2606 ‚
883 2557 916 2592 8<
938 2560 1012 2594 coti
1029 2586 1039 2604 ,
1068 2569 1133 2594 seu
1154 2555 1221 2592 ‹le-

99 2601 258 2653 sideru,
286 2609 399 2646 etiam
427 2611 475 2648 ad
503 2609 919 2658 salutemsssufficiuut‚
960 2610 1113 2663 quando
1142 2609 1221 2661 pri-

97 2667 182 2716 mu?
210 2656 341 2697 haberi
369 2661 586 2702 nullatenus
612 2674 757 2717 potest.
786 2665 911 2716 Atque
931 2662 1002 2702 hoc
1022 2678 1128 2701 sensu
1159 2676 1222 2700 ac-

99 2711 276 2767 cipienda
305 2722 387 2751 sunt
413 2715 563 2768 objecta
591 2716 632 2756 S.
649 2718 852 2770 Augustini
881 2717 1018 2763 verba;
1048 2719 1116 2769 qui
1147 2729 1218 2754 non

98 2773 181 2799 stne
206 2776 318 2803 causa
346 2765 455 2806 illam
482 2769 653 2822 phrasim
695 2771 901 2820 adhibuit,
943 2770 1131 2822 baptismi¹
1167 2773 1218 2806 vc*-

97 2826 187 2852 cem
216 2819 383 2880 supplesl'
409 2821 495 2861 (9·0.
512 2852 525 2871 ,
567 2833 607 2862 ut
634 2824 896 2877 intelligamus
917 2855 928 2873 ‚
957 2826 1188 2876 martyrium
1206 2853 1217 2872 ,

98 2866 426 2929 &P‘Pultentiam
455 2887 530 2913 non
566 2876 801 2928 justificare,
843 2880 915 2917 nisi
958 2879 1114 2931 quando
1150 2878 1218 2916 ba-

96 2929 227 2983 ptismi
256 2922 545 2985 Sacramentum
574 2929 706 2968 haberi
741 2933 897 2983 nequit.
944 2931 1017 2969 Sed
1056 2932 1148 2984 quia
1180 2933 1217 2968 iu

95 2987 225 3026 pueris
255 2985 408 3015 rationis
436 2992 504 3017 usu
534 2983 748 3021 carentibus
778 2997 850 3021 non
888 2993 1005 3036 potest
1039 3000 1116 3022 esse
1145 2985 1216 3022 ali-

88 3028 197 3077 quod
226 3028 406 3082 baptismi
434 3031 688 3083 desiderium,
735 3049 778 3073 ac
807 3045 965 3085 votum,
1010 3039 1094 3075 ideo
1124 3038 1218 3089 ipsis

96 3091 170 3143 uon
197 3081 296 3120 alius
324 3083 520 3136 suffragari
551 3094 669 3138 potest
697 3083 931 3139 baptismus,
976 3091 1045 3128 nisi
1075 3104 1187 3142 aquae
1207 3120 1217 3138 ,

96 3139 163 3182 aut
189 3138 412 3189 sanguinis,
441 3139 595 3191 quando
623 3153 759 3191 nempe
787 3141 1009 3179 occiduntur
1030 3143 1068 3180 in
1087 3144 1220 3181 odium

2282 137 2362 177 ¹70

1296 202 1385 242 fidei
1415 201 1671 240 Christianae.
1714 199 1885 246 Quod-s}
1912 200 2032 253 aliqui
2063 197 2250 251 Theologi
2285 201 2415 239 inutili

1296 257 1444 294 eosdem
1474 266 1611 308 pueros
1640 252 1807 290 salvandi
1831 254 1952 290 studio
1967 255 2042 292 alia
2059 256 2313 305 excogitarunt
2334 269 2415 293 me-

1294 308 1380 358 dia,
1411 309 1460 347 ab
1491 309 1666 346 universo
1689 306 1764 343 sere
1785 305 1991 342 Doctorum
2021 318 2121 344 coetu
2151 316 2214 345 aut
2242 308 2416 346 confuta-

1295 365 1351 411 ti,
1381 371 1446 400 aut
1471 361 1604 400 saltem
1635 360 1768 397 deserti
1801 358 1934 395 suere.
1977 358 2188 397 Proescrtim
2219 370 2416 413 postquam

1295 416 1474 469 Synodus
1503 414 1614 454 Trid.
1644 413 1743 451 Sess.
1761 411 1828 449 Vl.
1857 425 1943 462 cap.
1965 410 2004 456 4.
2034 411 2206 449 desinivit
2224 443 2234 460 ,
2279 412 2417 463 justifi-

1295 470 1482 509 cationem
1510 476 1595 519 post
1624 465 1891 517 Ea'nngelt'um
1920 465 2215 515 promulgatum
2244 470 2327 504 sine
2357 469 2417 505 la,-

1295 536 1414 562 mzcro
1443 524 1779 574 regenerationis,
1808 527 1877 556 auc
1905 520 1992 570 ejus
2022 527 2106 554 roto
2122 516 2416 570 fiennon-pos-

1293 591 1363 616 se.
1392 576 1466 614 Sed
1494 576 1541 613 de
1570 574 1641 612 liae
1672 588 1711 611 re
1739 586 1896 624 agemus
1925 571 2109 610 inferius.

1349 630 1441 670 251.
1471 629 1561 667 Inst.
1591 629 1717 666 'bimis
1745 627 1914 677 durum,
1943 639 1987 662 ac
2014 625 2157 662 divinas
2186 623 2346 663 bonitati
2364 625 2417 663 in-

1293 685 1454 736 dignum
1475 683 1622 721 videtur
1637 711 1649 730 ,
1677 679 1940 735 omnimodam
1961 680 2127 717 statuisse
2149 678 2328 730 baptismi
2359 692 2421 715 ne-

1294 739 1532 784 cessitatem,
1561 750 1639 789 qua
1668 735 1788 788 posita
1818 734 1943 785 perire
1972 732 2108 770 debent
2139 732 2333 770 innumeri
2362 732 2422 770 in-

1295 791 1441 839 fantes,
1471 791 1540 842 qui
1570 788 1630 829 vel
1661 787 1769 826 fatali
1799 785 2033 826 naturalium
2063 798 2266 823 causarum
2295 785 2423 833 serie,

1296 844 1358 884 vel
1388 844 1567 891 incuria,
1608 850 1673 880 aut
1702 841 1916 892 ignorantia
1955 847 2184 892 parentum,
2223 839 2301 876 sine
2340 837 2422 876 ulla

1298 913 1366 938 sua
1394 898 1511 950 culpa
1538 897 1585 935 ad
1615 895 1686 934 hoc
1706 896 1998 934 Sacramentum
2019 894 2220 946 pervenire
2241 905 2315 931 non
2336 905 2422 944 pos-

1296 960 1410 990 sunt.
1766 976 1769 979 -

1352 1005 1444 1043 252.
1475 1004 1588 1056 Hesp.
1606 1033 1616 1052 ‚
1646 1002 1746 1042 hanc
1775 1000 2040 1041 difficultatem
2071 1000 2110 1039 in
2131 999 2424 1052 pelagianorum

1298 1057 1452 1097 officina
1482 1071 1681 1109 procusarn
1712 1057 1827 1094 fuisse
1863 1056 2004 1108 saepius
2031 1054 2073 1092 S.
2106 1054 2340 1101 Anaunion,
2385 1067 2425 1090 e-

1297 1111 1436 1164 jusque
1464 1110 1664 1162 discipulis
1692 1109 1883 1161 objectam
1900 1139 1911 1157 ,
1939 1118 2052 1161 atque
2072 1107 2219 1146 abilis
2250 1119 2322 1144 non
2351 1105 2424 1144 ali·

1297 1174 1353 1202 ter
1382 1164 1543 1202 solutam
1561 1194 1572 1211 ,
1610 1177 1728 1215 quam
1757 1162 2010 1213 confugiendo
2038 1175 2126 1199 cum
2157 1159 2198 1198 S.
2229 1159 2346 1197 Paulo
2375 1159 2425 1198 ad

1298 1216 1563 1257 inscrutabilia
1591 1215 1737 1267 judicia
1758 1215 1858 1262 Dei,
1887 1217 1956 1266 qui
1985 1214 2176 1251 Dominus
2205 1221 2284 1262 est,
2313 1213 2347 1248 8(
2378 1225 2424 1249 ex

1298 1271 1411 1323 cujus
1439 1271 1603 1322 gratuita
1619 1268 1881 1307 misericordia
1910 1267 2038 1315 venit,
2072 1274 2110 1303 ut
2139 1266 2279 1314 multi,
2310 1267 2426 1303 ctiam

1297 1338 1343 1364 ex
1372 1322 1624 1370 infidelibus,
1653 1331 1718 1361 aut
1746 1322 1877 1373 impiis
1898 1320 2210 1373 parentibusnati
2230 1349 2240 1368 ,
2270 1332 2338 1371 per
2358 1320 2426 1357 ba-

1296 1379 1428 1431 ptismi
1456 1376 1657 1416 lavacrum
1686 1376 1892 1427 regenerati
1922 1373 2140 1419 salventur3
2178 1386 2222 1412 ex
2253 1373 2426 1424 ejusdem

1296 1441 1423 1470 autem
1453 1430 1625 1483 justitia,
1658 1438 1696 1467 ut
1725 1429 1918 1468 innumeri
1948 1427 2015 1465 alii
2044 1443 2065 1466 a
2095 1441 2216 1464 massa
2246 1427 2427 1478 perditio-

1297 1487 1354 1523 nis
1389 1498 1463 1523 non
1487 1484 1726 1530 liberentur,
1757 1482 1790 1518 8(
1825 1483 1864 1520 in
1898 1490 2087 1518 aeternum
2120 1488 2304 1532 pereant.

1354 1539 1445 1577 235.
1475 1535 1568 1588 Obj.
1599 1544 1740 1587 quarto
1781 1545 1910 1574 contra
1951 1533 2205 1572 universalem
2237 1532 2424 1571 Ecclesiae

1296 1591 1604 1629 consuetudinem
1634 1588 1880 1639 baptizandi.
1911 1587 2081 1625 Thomas
2110 1587 2234 1624 aJesu
2263 1586 2427 1625 celebris

1297 1648 1334 1683 in
1364 1646 1517 1682 Oriente
1547 1642 1743 1693 religionis
1773 1654 1901 1694 praeco
1930 1640 2019 1679 Lib.
2050 1639 2136 1678 VII.
2180 1653 2278 1678 suor.
2316 1642 2424 1678 itine-

1295 1712 1382 1737 rum
1413 1712 1498 1748 cap.
1531 1697 1568 1734 5.
1612 1696 1768 1747 loquens
1796 1695 1842 1732 de
1870 1693 2053 1747 Cophtis,
2095 1694 2210 1731 refert
2252 1693 2302 1731 ab
2332 1695 2427 1746 ipsis

1293 1753 1440 1790 nonnisi
1471 1759 1547 1801 post
1566 1749 1630 1788 50.
1659 1750 1765 1797 dies,
1794 1747 1829 1784 δι
1858 1747 2011 1785 nonnisi
2041 1761 2063 1784 a
2091 1746 2324 1798 presbyteris
2354 1747 2424 1786 ba-

1295 1806 1429 1857 ptizari
1460 1803 1646 1850 infantes,
1676 1815 1746 1840 nec
1777 1814 1837 1839 eos
1866 1814 2028 1848 curare,
2063 1801 2093 1838 si
2123 1800 2268 1852 absque
2298 1800 2425 1852 bapti-

1295 1872 1377 1896 smo
1407 1858 1644 1904 moriautur,
1674 1856 1784 1894 sicuti
1814 1853 1899 1892 fieri
1929 1853 2022 1892 solet
2050 1855 2153 1905 apud
2181 1853 2426 1903 Calvinistas,

1295 1912 1363 1964 qui
1393 1912 1517 1962 potius
1545 1909 1734 1947 infantem
1754 1910 1833 1947 sine
1848 1908 2039 1960 baptismo
2059 1908 2156 1945 mori
2172 1907 2396 1959 permittunt
2413 1937 2426 1957 ,
2440 1938 2448 1944 .

1294 1978 1412 2016 quam
1442 1965 1568 2016 ipsum
1599 1977 1620 2000 a
1650 1962 1751 2001 laico
1780 1962 2000 2014 baptizari.
2029 1961 2134 1998 idem
2165 1962 2242 1998 fere
2273 1969 2427 1999 testatur

1294 2019 1336 2056 in
1365 2016 1642 2067 Descriptione
1685 2014 1858 2068 AEgyptt'
1899 2015 1959 2054 Jo.
1990 2013 2116 2053 Mich.
2145 2014 2425 2063 Wanslebius,

1294 2072 1362 2123 qui
1407 2070 1537 2108 Romae
1581 2069 1727 2121 ejurata
1756 2069 2063 2108 Lutheranorum
2106 2077 2203 2106 secta
2242 2068 2426 2106 Famitiae

1293 2125 1562 2164 Dominicauae
1592 2136 1733 2162 nomen
1762 2123 1897 2172 dedit,
1928 2122 1961 2159 &
1993 2121 2122 2175 plures
2150 2135 2264 2160 annos
2293 2124 2334 2160 in
2365 2123 2425 2158 ΙΕ-

1288 2188 1407 2235 gypto
1427 2188 1746 2216 commemoratus
1762 2189 1833 2226 est,
1861 2176 2025 2225 addens,
2054 2189 2092 2214 se
2108 2176 2244 2214 vidisse
2262 2177 2298 2212 in
2314 2175 2427 2226 AEgy-
2452 2219 2459 2226 ,

1290 2241 1357 2288 pto
1386 2234 1578 2270 unctiones
1606 2231 1691 2269 fieri
1723 2245 1837 2283 super
1867 2230 2027 2268 infantes
2054 2238 2249 2276 mortuos,
2278 2229 2423 2279 quibus

1289 2287 1504 2338 baptismus
1534 2285 1702 2337 suppleri
1725 2284 1972 2323 credebatur.
2004 2282 2115 2329 Quod
2138 2282 2253 2319 etiam
2276 2282 2313 2317 in
2334 2283 2422 2332 qui-

1289 2341 1451 2380 busdam
1482 2352 1613 2378 eorum
1643 2338 1855 2375 canonibus
1884 2337 2070 2374 contineri
2090 2334 2226 2372 fatetur
2248 2335 2327 2386 ipse
2350 2333 2425 2370 lie-

1288 2394 1490 2433 naudotius
1506 2419 1516 2430 .
1548 2391 1717 2429 Ulterius
1732 2389 1930 2442 Zagazabo
1949 2388 2153 2439 Presbyter
2169 2417 2180 2436 ,
2209 2389 2277 2440 qui
2297 2400 2341 2424 ex
2363 2387 2425 2423 IE-

1290 2448 1449 2499 thyopia
1481 2448 1516 2483 in
1534 2445 1770 2483 Lusitaniam
1803 2444 1924 2495 venit,
1954 2443 1993 2480 in
2014 2443 2090 2480 suis
2105 2441 2309 2493 colloquiis
2329 2454 2421 2478 cuin

1290 2502 1484 2540 Damiano
1512 2500 1557 2536 de
1579 2500 1678 2536 (3002
1709 2507 1856 2535 testatus
1876 2506 1954 2544 est,
1984 2496 2023 2534 in
2043 2493 2111 2533 illa
2126 2492 2298 2533 Ecclesia
2318 2507 2423 2532 com-

1291 2568 1448 2594 munem
1479 2567 1556 2590 esse
1585 2552 1826 2604 opinionem,
1859 2550 2022 2588 infantes
2049 2547 2281 2586 sanctificari
2311 2549 2348 2585 in
2378 2561 2424 2585 u-

1290 2618 1369 2647 tero
1398 2608 1531 2645 matris
1559 2618 1625 2658 per
1654 2605 1944 2643 Sacramentum
1962 2601 2215 2641 Eucharistiae
2246 2617 2267 2640 a
2298 2610 2419 2638 matre

1290 2671 1484 2714 receptum
1502 2690 1514 2709 ,
1564 2667 1602 2698 ut
1631 2657 1737 2696 nulla
1767 2657 1926 2710 proinde
1963 2665 2054 2695 esset
2082 2656 2263 2707 baptismi
2293 2668 2421 2693 neces-

1288 2717 1375 2754 sitas
1393 2741 1403 2753 .

1344 2769 1435 2814 254.
1467 2767 1675 2820 Respondet
1705 2765 1893 2804 Eusebius
1909 2763 2186 2810 Renaudotius,
2215 2763 2283 2815 qui
2314 2775 2419 2800 suin-

1287 2837 1380 2872 ma,
1411 2823 1445 2859 8<
1476 2820 1693 2861 incredibili
1724 2817 1921 2870 diligentia
1952 2817 2215 2855 Ecclesiarum
2244 2815 2416 2854 Orienta-

1285 2876 1385 2915 lium
1415 2878 1528 2924 ritus,
1559 2873 1865 2919 consuetudines,
1895 2871 1928 2907 8<
1958 2871 2241 2909 constitutiones
2271 2871 2419 2908 exami-

1286 2932 1416 2978 navit,
1447 2938 1675 2969 constantem
1706 2927 1744 2963 iu
1775 2927 1818 2963 iis
1848 2939 1924 2963 esse
1952 2926 2168 2978 opinionem
2198 2924 2243 2960 de
2264 2923 2418 2961 absolu-

1285 2993 1322 3022 ta
1350 2984 1531 3036 baptismi
1561 2982 1799 3024 necessitate3
1830 2979 1865 3016 8:
1895 2993 2034 3030 magna
2063 2979 2258 3016 severitate
2275 2991 2336 3015 eos
2355 2992 2415 3016 sa-

1287 3038 1474 3086 cerdotes,
1505 3035 1564 3074 vel
1597 3043 1764 3087 parentes
1795 3034 1952 3085 puniri,
1995 3045 2161 3084 quorum
2190 3030 2417 3083 negligentia.

1288 3090 1452 3130 infantes
1482 3092 1563 3129 sine
1590 3089 1781 3140 baptismo
1810 3095 1994 3139 pereunt.
2023 3085 2109 3124 Non
2140 3084 2298 3122 multam
2330 3096 2417 3135 pro-

1289 3153 1416 3195 pterea
1445 3145 1536 3183 dicit
1565 3143 1704 3181 mereri
1733 3140 1850 3180 fidem
1871 3140 2064 3179 Thomam
2092 3139 2216 3178 aJesu
2233 3167 2245 3186 ,
2273 3137 2416 3226 NJlVans·

2324 3203 2360 3226 e-

103 3270 132 3293 ‚s
154 3249 348 3298 discutere,
373 3269 454 3292 cnm
480 3259 649 3293 Dominus
676 3260 769 3292 Deus
796 3267 939 3298 noster,
964 3257 1222 3302 cnjus-judicia
1247 3261 1707 3309 nequeuntcomprehendij,
1734 3259 1826 3307 quod
1846 3258 2062 3295 sacerdotale
2078 3255 2316 3292 ministeriun»
2343 3253 2406 3282 im-

103 3317 132 3337 „
155 3297 250 3342 plere
275 3313 344 3338 non
368 3305 483 3351 potuit
503 3327 515 3347 ,
539 3318 610 3342 suae
636 3305 781 3352 justitiae
808 3305 1040 3339 reservaverit
1059 3307 1126 3339 διο.
