2605 3624
653 120 736 168 DE
771 118 1202 166 INVOCATIONE
1238 121 1434 166 TRIUM
1466 123 1902 175 PERSONARUM.

121 207 283 304 ssraefuit
311 203 492 247 Ecclesiae
521 209 602 256 post
638 203 807 240 medium
837 201 938 239 Soec.
961 199 1072 249 Xll.‚
1114 200 1148 237 &
1177 201 1243 239 Li-

153 277 209 301 ros
238 262 536 300 Sententiarum
564 255 738 306 scripsit.

178 316 265 368 196.
295 312 569 351 Verumtamen
598 310 630 346 si
660 307 881 359 hujusmodi
904 307 1102 345 ratiocinio
1130 305 1237 346 locus

117 369 246 417 detur,
276 367 387 404 etiam
414 363 494 402 dici
550 363 679 410 oterit,
707 361 836 400 valere
851 362 1086 413 baptismum
1106 365 1146 398 in
1168 374 1236 398 no-

116 426 227 460 mine
255 419 358 466 Det,
385 417 480 469 quia
508 377 614 454 lgeus
642 424 693 453 est
724 429 840 463 unus,
871 414 904 450 8<
935 416 1076 461 trinus3
1119 416 1235 453 etiam

117 479 159 514 in
187 476 346 512 nomine
373 469 541 521 Spiritus
569 473 722 517 sancti,
771 470 864 521 quia
893 469 1055 520 Spiritus
1085 478 1236 507 sanctus

117 527 327 568 necessario
356 525 536 576 importat
575 525 827 575 cognitionem
857 522 1003 569 Patris,
1044 521 1080 558 8<
1112 521 1234 571 Filii,

115 590 140 619 a
165 579 308 632 quibus
333 577 525 630 procedit.
556 575 759 628 Multoque
789 577 909 627 inagis
938 575 1080 613 valebit
1109 576 1236 628 bapti-

113 647 216 673 smus
247 633 399 671 mutatis
427 629 647 669 nominibus
678 630 816 678 Patris,
847 629 968 678 Filii,
1006 629 1040 666 &
1070 630 1235 680 Spiritus

111 687 252 734 sancti,
292 685 330 723 &
356 685 571 723 substitutis
598 683 684 722 aliis
711 683 936 724 nominibus
963 682 1234 732 innascibilis,

113 737 149 776 ἃ
167 743 378 793 genitoris,
408 737 507 778 verbi
523 767 533 786 ‚
563 740 773 789 imaginis,
802 737 863 776 vel
883 740 1007 789 geniti
1021 750 1038 780 ;
1066 746 1147 774 111111
1169 736 1235 774 tlo-

114 796 185 842 rti,
215 791 249 829 811
278 796 431 831 amoris
457 790 732 843 procedentis;
767 790 869 843 quod
899 799 1024 828 tamen
1053 798 1163 842 negat
1190 791 1234 828 S.

113 846 283 885 Thomas
313 847 351 886 3.
383 846 423 885 Ρ.
453 853 589 898 quaest.
610 844 676 883 66.
711 852 784 882 art.
807 844 844 881 5.
881 843 928 880 ad
953 857 988 894 7.
1029 843 1233 895 inquiens:

113 898 177 938 Aa
204 898 518 954 significandum
545 907 626 936 tres
646 897 845 935 Personas
874 900 915 934 in
931 896 1081 947 forma
1111 896 1236 948 bapti-

113 957 258 992 smatis
285 961 545 992 assumuntur
572 951 642 988 illa
671 954 862 998 nomina,
893 949 1028 1000 quibus
1057 962 1235 988 commu-

113 1011 203 1045 nius
230 1015 511 1045 consueverunt
539 1007 742 1042 nominari
773 1003 962 1042 Personae
991 1007 1033 1040 in
1064 1004 1132 1041 illa
1161 1006 1234 1041 lin-

111 1073 225 1113 gua;
269 1072 343 1098 nec
378 1063 421 1097 in
461 1058 552 1096 aliis
589 1056 814 1096 nominibus
849 1056 1056 1109 perficitur
1085 1057 1233 1096 Sacra-

111 1121 314 1151 mentum.
342 1112 563 1152 Dicendum
592 1121 643 1149 est
664 1113 801 1163 igitur,
827 1112 993 1148 minime
1014 1109 1130 1148 licere
1151 1125 1235 1150 ver-

109 1165 161 1205 ba
190 1165 258 1205 illa
286 1174 454 1215 mutare,
483 1179 571 1218 quae
592 1164 763 1204 Christus
793 1166 873 1217 ipse
901 1165 1138 1216 apertissime
1158 1167 1235 1204 suis

109 1218 320 1272 Discipulis
378 1221 604 1271 raescripsit5
633 1217 668 1255 8(
696 1217 839 1271 quibus
859 1217 1035 1256 Ecclesia
1056 1218 1236 1258 hactenus

111 1285 176 1312 usa
207 1274 299 1311 fuit.
368 1274 441 1312 nde
469 1272 697 1311 Dominicus
726 1272 814 1311 Soto
841 1273 1089 1324 gravissimus
1106 1272 1233 1311 Theo-

108 1325 217 1378 logus
246 1329 297 1366 ita
324 1325 599 1366 concludebat:
637 1356 662 1375 „
691 1325 752 1364 De
780 1326 1007 1378 baptismate
1037 1327 1077 1366 in
1107 1327 1232 1365 uomi-

108 1385 158 1419 110
186 1380 387 1419 Trinitatis
414 1379 632 1419 nullatenus
661 1380 825 1418 arbitror
854 1379 1107 1418 haesitandum
1126 1411 1136 1429 ,
1167 1381 1233 1420 sed

109 1433 324 1485 negandum
368 1447 517 1486 prorsus
558 1433 731 1473 validum
768 1447 872 1472 esse.
921 1433 1051 1481 Quare
1081 1434 1151 1486 ego
1177 1436 1231 1473 sic

106 1485 368 1538 baptizatum,
399 1501 473 1526 non
503 1486 575 1526 sub
603 1487 846 1536 conditione,
877 1497 917 1525 111
947 1489 985 1525 111
1017 1501 1055 1525 re
1084 1489 1232 1536 dubia,

106 1540 169 1578 sed
191 1539 359 1578 absolute
379 1548 559 1595 tauquam
575 1554 648 1579 non
669 1541 904 1593 baptizatum
920 1541 1181 1592 baptizarem.
1203 1545 1231 1563 ‘⁴

103 1591 150 1631 In
180 1591 248 1632 lv.
277 1593 389 1633 Sent.
415 1594 516 1634 Dist.
539 1593 577 1634 5.
607 1603 743 1647 quaest.
773 1609 841 1633 un.
869 1595 1004 1633 art.'6.

158 1659 254 1699 ⁹¹97·
280 1646 322 1686 Si
349 1656 478 1688 tamen
507 1650 546 1687 iu
579 1648 788 1701 prolatione
831 1650 949 1686 trium
976 1648 1232 1687 Personarum

105 1701 300 1753 corruptio
324 1700 578 1740 accidentalis
622 1700 850 1749 haberetur,
900 1700 960 1740 vel
992 1714 1036 1738 ex
1078 1703 1232 1740 defectu

106 1751 279 1804 linguas,
303 1752 369 1792 vel
398 1767 443 1791 ex
481 1755 673 1806 imperitia
702 1755 913 1802 sermonis,
958 1756 1114 1793 irritum
1155 1768 1231 1794 non

107 1805 216 1844 fieret
242 1805 554 1846 Sacramentum.
598 1806 706 1845 Unde
735 1809 836 1859 apud
867 1808 1100 1846 Gratianum
1131 1808 1230 1847 Dist.

106 1858 177 1897 JV.
217 1858 282 1898 De
309 1873 487 1900 consecr.
517 1875 604 1913 cap.
650 1860 879 1899 Retulerunt
910 1860 1071 1900 habetur
1099 1863 1229 1901 decre-

104 1919 186 1950 tum
217 1912 417 1952 Zachariae
448 1914 562 1967 Papae
591 1914 639 1952 ad
670 1915 942 1964 Bonifacium,
983 1929 1061 1969 quo
1091 1929 1230 1968 appro-

104 1964 214 2004 bavit
243 1967 479 2020 baptismum
507 1983 529 2006 a
558 1967 725 2020 quodam
746 1969 798 2006 im
832 1970 926 2005 erito
940 1968 997 2007 his
1019 1970 1145 2007 verbis
1165 1970 1232 2007 da·

105 2026 212 2058 tum:
242 2050 268 2069 „
298 2020 456 2074 Baptizo
485 2029 520 2059 te
549 2022 589 2060 in
620 2022 774 2060 nomine
796 1983 942 2069 13111111,
972 2021 1005 2058 81
1036 2022 1167 2070 Filia,
1197 2022 1233 2058 &

105 2071 472 2125 Spiritua‘Sancta.
500 2073 541 2113 Si
571 2082 721 2123 tamen,
751 2073 877 2112 subdit
899 2074 1118 2127 Pontffex,
1151 2075 1231 2124 ille,

106 2127 174 2178 qui
201 2126 430 2180 baptizavit,
460 2140 538 2166 non
567 2141 735 2166 errorem
766 2128 1028 2177 introducens,
1058 2138 1120 2167 aut
1151 2130 1232 2167 hae-

105 2180 249 2228 resim,
278 2181 342 2219 sed
371 2194 441 2234 pro
468 2180 548 2220 sola
576 2183 788 2234 ignorantia
810 2181 992 2219 Romanae
1010 2181 1232 2221 locutionis:

106 2230 358 2284 infringendo
393 2234 586 2286 linguam,
629 2249 673 2273 ea
711 2234 830 2273 verba
867 2234 1046 2284 dixisset,
1077 2239 1105 2257 ‘⁶
1154 2237 1231 2275 Sed

104 2298 198 2338 quae
228 2288 448 2326 mutationes
475 2288 673 2326 censendae
703 2290 778 2326 sint
798 2287 1062 2327 substantiales
1080 2319 1090 2337 ,
1121 2304 1230 2342 quae-

107 2350 199 2376 nam
227 2339 500 2389 accidentales,
529 2341 685 2380 uberius
713 2342 926 2395 disquirere
955 2342 1075 2382 solent
1103 2342 1231 2382 Theo-

107 2389 222 2444 logiae
251 2391 414 2433 Moralis
442 2393 707 2435 Tractatores.

159 2444 320 2494 Quaeres
349 2447 548 2498 secundo,
592 2462 648 2487 an
660 2448 798 2502 fuerit
834 2450 1053 2503 aliquando
1081 2454 1123 2489 in
1151 2455 1228 2504 pri-

105 2500 244 2538 mitiva
272 2498 462 2541 Ecclesia
502 2502 695 2541 collatum
732 2502 937 2555 baptisma
964 2509 1006 2544 in
1048 2506 1130 2543 solo
1160 2519 1230 2544 no-

107 2555 216 2592 mine
245 2552 336 2594 Jesu
365 2554 537 2605 Christi,
565 2560 720 2597 omissa
748 2571 966 2611 expressa,
1013 2559 1062 2600 ἐν
1091 2559 1230 2598 ‹listin-

111 2612 178 2641 cta
204 2618 467 2656 personarum
499 2609 709 2651 Trinitatis
738 2611 981 2651 mentione?

115 2669 120 2673 ·
170 2658 257 2710 198.
285 2660 326 2698 S.
347 2661 514 2702 Thomas
541 2666 584 2704 in
610 2664 718 2705 laud.
747 2667 887 2720 saepius
908 2675 1044 2720 quaest.
1060 2667 1125 2707 66.
1156 2675 1229 2706 art.

110 2707 150 2748 6.
180 2722 377 2765 postquam
404 2717 610 2767 docuisset,
640 2722 893 2759 necessariam
923 2734 999 2760 esse
1020 2722 1228 2760 invocatio·

109 2777 200 2801 nem
229 2764 422 2808 Trinitatis
463 2771 704 2812 sensibilibus
746 2773 897 2823 verbis,
943 2774 1082 2827 objicit
1124 2776 1226 2824 sibi,

108 2817 198 2855 Act.
221 2817 326 2859 tht.
350 2834 410 2861 12.
438 2823 537 2873 dici,
566 2827 667 2879 quod
697 2831 739 2866 in
767 2832 930 2867 nomine
958 2827 1052 2868 Jesu
1084 2816 1228 2868 Cizristi

108 2868 412 2931 baptizabantur
439 2879 535 2925 viri,
563 2892 614 2918 ac
634 2882 820 2921 mulieres
849 2883 986 2935 (quod
1016 2884 1158 2936 saepius
1188 2885 1227 2922 iu

107 2924 242 2961 lisdem
275 2925 433 2966 Actibus
462 2933 668 2982 reperitur3
712 2949 782 2973 nec
820 2935 935 2974 ullibi
980 2937 1227 2987 indicantur,

107 2977 306 3028 Apostolos
335 2979 538 3032 baptizasse
568 2988 608 3021 in
643 2992 806 3026 nomine
834 2987 989 3039 Patris,
1032 2991 1081 3031 <9
1111 2990 1227 3040 Filii,

107 3029 159 3070 (9·
189 3030 356 3081 Spiritus
385 3037 574 3084 sancti.)
620 3038 672 3076 lta
701 3049 827 3078 autem
864 3043 1085 3095 respondet:
1124 3074 1151 3093 „
1181 3057 1229 3082 ex

106 3085 265 3148 speciali
295 3086 433 3127 Christi
477 3089 705 3129 revelatione
734 3092 904 3144 Apostoli
944 3096 987 3135 in
1027 3097 1230 3148 primitiva

162 3217 211 3255 (a)
239 3218 308 3262 Qui
334 3219 370 3253 in
398 3221 457 3253 tv.
486 3221 576 3255 Dist.
602 3223 662 3256 tlt.
689 3231 812 3268 qurest.
835 3234 866 3256 2.
898 3224 978 3257 Non
1003 3229 1110 3261 audeo
1135 3230 1233 3262 ‹ilce-

112 3271 152 3292 τε
170 3281 182 3301 ,
221 3263 360 3309 inquit,
398 3269 485 3311 qnod
510 3269 701 3312 baptizatus
734 3270 840 3303 hodie
877 3273 913 3303 in
938 3276 1070 3306 nomine
1095 3274 1236 3308 Christi

116 3315 211 3341 esset
235 3308 449 3354 baptizatus,
487 3317 551 3347 sed
576 3328 636 3349 nec
662 3318 770 3350 audeo
796 3319 937 3357 (licere,
978 3320 1065 3362 quod
1089 3332 1153 3351 non
1179 3333 1236 3353 es-

113 3360 168 3387 set
192 3355 405 3402 baptizatus,
428 3364 507 3407 qnia
533 3373 597 3397 non
626 3365 702 3408 lego
718 3384 729 3404 ‚
771 3365 824 3397 ubi
841 3364 960 3408 suerit
986 3377 1026 3398 ca
1052 3366 1235 3409 dispensa-

2290 141 2373 194 167

1311 202 1487 241 Ecclesia
1518 206 1553 242 in
1583 208 1737 243 nomine
1757 209 1896 248 Christi
1928 210 2191 266 baptizabant,
2222 225 2260 256 ut
2291 234 2429 260 nornen

1309 256 1471 305 Christi,
1500 260 1602 310 quod
1632 270 1709 296 erat
1737 262 1908 300 odiosum
1940 265 2103 316 Jtutaeis,
2134 272 2167 307 ἀ
2188 272 2426 324 Gentilibus,

1310 308 1535 349 honorabile
1566 313 1784 350 redderetur
1814 329 1880 365 per
1911 316 2001 364 hoc,
2049 324 2149 371 quud
2179 326 2223 362 ad
2255 325 2336 376 ojus
2367 329 2427 365 in.

1304 365 1540 403 vocationem
1557 365 1722 418 Spiritus
1741 378 1893 405 sanctus
1921 370 2082 410 dabatur
2113 376 2148 411 in
2169 377 2369 428 baptismo.
2400 384 2427 404 ‘⁶

1304 417 1345 454 111
1374 430 1533 470 corpore
1562 419 1719 457 articuli
1748 419 1827 471 jain
1857 422 2025 471 dixerat,
2055 427 2084 462 si
2118 435 2429 478 priet·.·ru1ittatur

1304 469 1462 522 aliquod
1493 486 1624 511 eorum
1641 503 1651 521 ,
1680 487 1770 525 quae
1791 474 1962 513 Christus
1986 478 2145 516 instituit
2162 511 2171 527 ,
2201 484 2426 525 Sacramen-

1302 532 1383 562 tum
1414 524 1585 564 efficacia
1615 540 1767 576 carere,
1798 532 1872 565 nisi
1903 542 1955 566 ex
1985 534 2147 579 speciali
2168 533 2428 583 dispensati-J-

1303 589 1355 616 ne
1383 592 1492 630 eJus,
1523 585 1585 630 qui
1615 584 1797 618 virtutem
1829 595 1945 619 suam
1968 593 2240 624 sacramentis
2271 603 2348 626 non.
2369 595 2428 629 al-

1304 631 1438 684 ligavit
1453 658 1464 671 .
1494 633 1604 672 Hanc
1622 634 1795 685 Ange-lici
1816 634 2062 688 Praeceptoris
2082 644 2303 680 sententiam
2327 645 2425 682 111111-

1301 687 1352 733 ti,
1382 700 1590 739 gravesque
1620 687 1808 740 Theologi
1838 691 2006 742 amplexi
2039 703 2153 743 sunt,
2187 705 2224 732 ut
2254 695 2427 747 ejusdem

1303 738 1479 791 Angelici
1510 751 1722 794 praeceptor
1750 743 1929 782 Albertus
1961 744 2146 797 Magnus,
2176 748 2218 786 S.
2237 749 2429 789 Bonaven-

1303 800 1415 843 tura,
1443 794 1502 832 Jo.
1533 795 1585 834 D.
1614 795 1746 834 Scotus
1777 798 1839 848 (a)
1859 827 1869 846 ,
1912 812 2028 850 quem
2060 801 2232 840 Scotistae
2264 818 2428 856 sequun—

1304 855 1385 895 tur,
1415 847 1560 901 aliique
1590 858 1666 887 tam
1696 861 1865 899 veteres,
1895 866 2012 904 quam
2037 857 2281 895 recentiores.
2312 858 2430 897 Eam-

1303 899 1469 953 demque
1498 916 1571 941 non
1601 904 1651 941 ita
1683 904 1832 955 pridem
1864 904 2068 946 illustravit
2097 909 2172 947 Jos.
2198 911 2293 962 Aug.
2325 914 2428 960 Orsi,

1303 955 1370 1005 qui
1402 964 1528 1005 postea
1561 958 1599 995 in
1629 956 1913 1010 amplissimum
1943 960 1984 997 S.
2009 960 2052 999 R.
2083 962 2129 1000 E.
2158 964 2429 1004 Cat-‹linalium

1303 1016 1475 1045 senatum
1503 1019 1699 1064 cooptatus
1731 1012 1831 1060 fuit,
1877 1014 1916 1050 in
1949 1012 2117 1054 Dissert.
2148 1016 2254 1055 Hist.
2284 1018 2332 1056 <le
2361 1018 2430 1056 ba-

1301 1064 1446 1112 ptismo
1488 1066 1530 1100 in
1578 1069 1742 1103 nornine
1777 1065 1869 1102 Jesu
1910 1066 2026 1105 Cristi
2069 1070 2222 1116 {collato
2266 1071 2430 1110 Medtot.

1306 1114 1424 1163 1755.
1456 1116 1574 1162 1114.;
1604 1132 1721 1169 quain
1750 1119 1887 1157 deinde
1916 1122 2161 1162 confirmavit
2183 1126 2222 1164 in
2242 1123 2434 1164 Vintliciis

1303 1167 1477 1207 Dissert.
1507 1170 1555 1207 de
1593 1169 1700 1220 bapt.
1742 1175 1783 1208 in
1818 1177 1980 1211 nomine
2008 1175 2043 1212 J.
2078 1177 2120 1214 C.
2159 1191 2187 1214 a
2218 1177 2433 1217 Sorbonico

1302 1220 1479 1261 Doctore
1510 1222 1584 1274 (P.
1605 1223 1820 1274 Drouven)
1851 1225 2040 1279 objectis.
2071 1229 2278 1270 Florentiae
2314 1233 2434 1284 1755.

1303 1276 1342 1313 in
1371 1275 1410 1321 4.

1359 1342 1450 1382 199.
1480 1331 1657 1371 Attamen
1687 1345 1762 1371 non
1793 1347 1890 1372 unus
1921 1332 2101 1374 Drouven
2129 1335 2223 1377 huic
2255 1339 2433 1392 opinioni

1301 1384 1549 1432 contradixit,
1597 1386 1660 1424 sed
1691 1386 1866 1425 nonnulli
1895 1388 1963 1427 alii
2007 1389 2139 1429 fideles
2181 1391 2356 1444 alioquin
2386 1394 2432 1432 S.

1303 1435 1467 1475 Thomae
1499 1439 1720 1492 Discipuli,
1770 1449 1810 1478 ut
1839 1440 2034 1481 Melchior
2071 1445 2198 1483 Canus
2241 1445 2330 1483 Lib.
2363 1445 2434 1484 Vl.

1302 1488 1367 1527 De
1396 1491 1470 1529 loc.
1501 1491 1617 1530 theol.
1647 1508 1732 1544 cap.
1755 1494 1794 1531 8.
1824 1495 1871 1532 ad
1895 1509 1931 1546 7.
1978 1496 2091 1535 Vinc.
2120 1499 2347 1537 Contenson.
2391 1500 2434 1538 in

1306 1542 1439 1582 Theoi,
1470 1549 1635 1593 mentis,
1665 1547 1715 1586 Θ
1735 1546 1864 1584 cordis
1886 1548 1974 1586 Lib.
1991 1549 2059 1588 Vt.
2091 1550 2250 1589 Dissert.
2273 1551 2311 1590 5.
2341 1566 2432 1605 cap.

1303 1609 1370 1645 ·t.,
1420 1597 1535 1636 Doni.
1565 1597 1654 1636 Soto
1692 1601 1731 1637 in
1764 1599 1832 1637 IV.
1863 1600 2042 1640 Sentent.
2088 1603 2186 1643 Dist.
2210 1605 2246 1644 5.
2289 1617 2431 1657 quaest.

1303 1663 1370 1688 un.
1400 1659 1470 1689 art.
1492 1651 1531 1689 6.
1570 1653 1673 1704 (qui
1704 1661 1831 1690 tamen
1863 1652 1992 1702 addit,
2036 1657 2236 1707 probabile
2267 1659 2342 1697 sibi
2373 1661 2432 1697 vi-

1300 1704 1411 1752 deri,
1456 1705 1651 1757 Apostolos
1681 1720 1819 1744 nomen
1848 1707 1935 1745 Jesu
1966 1708 2104 1748 Christi
2150 1711 2330 1750 formulae
2360 1713 2431 1751 ba·

1301 1758 1432 1810 ptismi
1463 1759 1732 1807 admiscuisse,
1763 1760 1946 1799 dicentes:
1994 1762 2044 1799 In
2073 1769 2236 1804 nomine
2267 1765 2431 1816 Patris,

1300 1811 1350 1851 (θ’
1380 1809 1468 1848 Filii
1496 1812 1584 1863 ejus
1607 1810 1704 1849 Jesu
1736 1811 1902 1862 Christi,
1947 1815 1998 1855 Θ
2028 1815 2195 1865 Spiritus
2231 1824 2363 1858 sancti
2386 1822 2431 1869 ),

1300 1864 1428 1916 Hyac.
1457 1864 1576 1917 Serry
1607 1864 1719 1918 Disp.
1740 1867 1788 1904 ll.
1820 1866 1884 1905 De
1912 1881 2163 1910 sacrament.
2193 1871 2311 1911 Prael.
2334 1873 2401 1911 lV.
2419 1904 2430 1922 ‚

1298 1916 1333 1953 &
1363 1917 1430 1955 alii
1452 1918 1743 1968 contendentes,
1774 1920 2003 1972 Angelicum
2021 1922 2324 1977 Praeceptorem,
2353 1940 2433 1967 11011

1299 1968 1476 2010 absolute
1505 1971 1544 2009 id
1587 1971 1634 2009 de
1658 1972 1852 2026 Apostolis
1881 1977 2105 2024 asseruisse3
2133 1980 2198 2017 sed
2228 1981 2329 2020 facta
2357 1980 2435 2034 ily-⁷

1299 2023 1472 2075 potbesi,
1503 2024 1606 2077 quod
1626 2025 1796 2079 Apostoli
1824 2027 2104 2081 baptizaverint
2134 2034 2172 2071 in
2197 2033 2279 2072 solo
2306 2037 2433 2072 1101111·

1302 2092 1347 2117 ne
1376 2077 1462 2116 Jesu
1491 2079 1661 2128 Christi,
1704 2080 1866 2130 docere,
1909 2084 1950 2121 id
1979 2084 2029 2122 ab
2060 2086 2105 2123 iis
2143 2086 2228 2126 fieri
2258 2101 2335 2126 11011
2366 2101 2432 2140 po-

1298 2132 1436 2181 tuisse,
1462 2133 1538 2170 nisi
1567 2145 1612 2170 ex
1641 2133 1920 2186 dispensatione
1949 2138 2102 2186 divina,
2132 2154 2220 2192 quae
2251 2142 2343 2194 ipsis
2365 2155 2434 2194 per

1301 2185 1572 2224 revelationem
1601 2186 1836 2227 innotuerit.
1867 2189 1980 2228 Unde
2010 2191 2048 2230 in
2069 2193 2138 2230 IV.
2168 2194 2267 2233 Dist.
2291 2195 2327 2232 5.
2359 2209 2428 2245 qu.

1304 2252 1339 2278 1.
1368 2248 1441 2277 art.
1463 2240 1502 2278 5.
1544 2242 1772 2292 quaestiunc.
1806 2256 1841 2281 2.
1879 2244 1926 2282 ad
1957 2245 2019 2293 5.,
2061 2246 2182 2293 dicit,
2229 2248 2429 2298 Apostolos

1298 2292 1369 2331 hoc
1400 2294 1525 2331 tacere
1554 2307 1630 2332 non
1661 2297 1850 2345 potuisse,
1880 2301 1958 2334 nisi
1986 2311 2040 2335 ex
2055 2298 2268 2350 familiari
2298 2305 2430 2338 consi-

1298 2346 1349 2385 lio
1378 2346 1546 2397 Spiritus
1574 2351 1730 2386 sancti.
1761 2348 1873 2387 Unde
1903 2350 2041 2398 infert,
2072 2353 2173 2403 quod
2205 2352 2276 2390 hoc
2296 2357 2424 2392 etiam

1298 2400 1490 2438 Ecclesia
1519 2413 1626 2438 nunc
1654 2410 1805 2452 posset,
1842 2406 1876 2440 si
1904 2404 2078 2453 speciale
2115 2415 2359 2459 praeceptum
2399 2419 2429 2445 a

1297 2453 1446 2506 Spiritu
1475 2462 1616 2492 sancto
1645 2453 1831 2504 liaberet,
1880 2469 1962 2494 non
1998 2468 2134 2496 autern
2163 2465 2325 2511 propria
2355 2474 2429 2498 (zu-

1298 2512 1484 2546 ctoritate
1506 2534 1548 2546 ...
1577 2507 1627 2549 C'J
1656 2507 1775 2546 modo
1795 2523 1876 2547 non
1897 2520 1998 2549 esset
2015 2510 2257 2563 baptismus,
2287 2519 2320 2553 si
2342 2519 2427 2566 quis

1299 2565 1342 2601 in
1374 2560 1515 2600 Christi
1546 2565 1709 2600 nomine
1738 2562 1959 2615 baptizaret
1989 2565 2078 2606 &c.

1354 2629 1448 2655 ooo.
1477 2616 1531 2654 lta
1562 2624 1725 2654 mentem
1755 2616 1798 2655 S.
1829 2617 1996 2656 Thomae
2028 2619 2224 2671 explicant
2253 2633 2429 2660 110111110-

1298 2670 1347 2708 do
1388 2668 1495 2707 laud.
1526 2669 1794 2716 Drouvenius,
1841 2672 1905 2710 sed
1942 2674 2058 2711 etiam
2090 2673 2176 2711 Nat.
2210 2674 2427 2713 Alexander

1298 2723 1457 2762 Dissert.
1480 2722 1588 2762 thl.
1620 2724 1660 2762 in
1682 2723 1782 2763 Saec.
1809 2725 1874 2764 Ill.
1893 2755 1904 2774 ,
1935 2726 1969 2763 δε
1998 2728 2038 2765 111
2073 2726 2202 2765 leeol.
2233 2727 2430 2780 Dogrnat.

1298 2776 1454 2815 Morali
1485 2776 1574 2816 Lib.
1595 2777 1644 2815 ΙΙ.
1674 2791 1759 2830 cap.
1785 2791 1821 2817 1.
1851 2788 1921 2818 art.
1943 2779 1980 2818 5.
2012 2779 2045 2816 8<
2074 2780 2267 2820 J0.Vinc.
2298 2781 2427 2821 Patuz-

1295 2831 1330 2869 zi
1360 2832 1399 2870 in
1428 2829 1577 2869 Eilzica
1609 2829 1841 2871 Christiana
1882 2833 2014 2872 Tract.
2036 2834 2088 2872 X.
2125 2833 2168 2873 P.
2189 2835 2238 2873 11.
2277 2849 2364 2887 cap.
2386 2837 2427 2875 6.

1296 2884 1362 2923 Sic
1393 2886 1507 2924 etiam
1537 2883 1781 2937 hypothetice
1817 2885 1988 2938 loquitur
2016 2888 2280 2928 Catechismus
2311 2889 2424 2929 Rom.

1297 2936 1340 2976 P.
1362 2939 1409 2977 11.
1440 2953 1526 2991 cap.
1551 2953 1587 2977 2.
1616 2952 1656 2976 n.
1683 2939 1743 2977 15.
1774 2940 1967 2992 inquiens:
2014 2940 2128 2993 Quod
2156 2945 2190 2981 si
2219 2947 2346 2982 etiam
2376 2957 2424 2981 a·

1297 2992 1486 3044 liquando
1515 3001 1668 3042 tempus
1698 2991 1834 3044 fuisse
1870 2993 2082 3033 <licendum
2111 3004 2172 3035 est
2190 3028 2201 3045 ,
2250 3010 2340 3035 cum
2371 2997 2424 3033 A-

1295 3047 1436 3096 postoli
1480 3050 1522 3084 in
1558 3050 1720 3084 nomine
1762 3055 1923 3086 tantum
1953 3047 2122 3087 Domini
2150 3049 2242 3089 Jesu
2283 3050 2425 3088 Christi

1298 3098 1574 3151 baptizarent,
1622 3099 1661 3139 ιἰΖ
1689 3099 1852 3152 quidem
1881 3101 2051 3156 Spiritus
2093 3108 2228 3143 sancti
2269 3102 2422 3157 afflatu

2303 3171 2370 3195 eos

1297 3234 1350 3266 ἳίο
1374 3241 1554 3268 revocata.
1580 3231 1620 3268 1η
1646 3233 1711 3269 hoc
1735 3248 1814 3281 ergo
1839 3246 1921 3270 casu
1947 3243 2064 3281 reputo
2085 3237 2243 3276 dubium,
2269 3248 2310 3268 an
2337 3234 2420 3266 talis

1302 3282 1351 3312 sit
1375 3281 1586 3323 baptizatus.
1613 3283 1780 3316 Attamen
1807 3283 1842 3315 P.
1868 3286 1952 3318 Ant.
1979 3284 2146 3327 Hiqnaeus
2173 3284 2207 3316 in
2224 3284 2416 3328 Comment-

1301 3324 1443 3360 Scotum
1469 3327 1505 3360 in
1531 3330 1730 3373 negativam
1757 3331 1966 3362 sententiam
1984 3351 1994 3369 ,
2018 3341 2096 3374 quae
2115 3337 2166 3364 est
2186 3333 2416 3363 communiori

1296 3372 1411 3415 magis
1436 3373 1649 3408 inclinatum
1676 3375 1806 3415 fnisse,
1833 3373 2009 3410 contendit
2027 3397 2034 3404 ·
