2605 3624
178 123 258 162 160

114 228 142 248 „
172 209 298 235 sensus
325 193 358 229 δε
388 189 609 236 interiores,
657 186 691 223 8(
721 185 949 224 exteriores.
1007 185 1054 222 Et
1085 186 1167 222 ideo
1197 183 1226 220 si

113 281 140 299 „
170 259 285 286 totum
315 258 451 296 corpus
478 256 578 294 aqua
607 254 681 278 non
712 238 1017 293 possitpersundi
1035 268 1045 285 ,
1076 245 1228 290 propter

114 334 140 351 „
170 315 280 353 aquae
324 299 584 351 paucitatem,
622 293 679 332 vel
715 304 864 346 propter
908 291 1079 343 aliquam
1109 290 1228 328 aliam

113 348 140 405 „
169 367 322 392 causam
341 383 351 400 ,
380 360 522 402 oportet
551 358 663 401 caput
695 347 922 400 perfundere
940 376 950 393 ,
982 348 1018 382 in
1049 358 1126 397 quo
1149 358 1230 381 ma-

114 439 138 457 „
170 410 365 446 infestatur
397 405 632 457 principium
662 400 839 439 animalis
870 399 1022 436 -fitaest'

130 483 134 489 ·
173 464 260 500 152.
289 461 364 498 Ob.
394 457 566 495 secundo
585 483 593 494 .
625 454 1011 493 Trinaimmersioin
1040 450 1231 503 baptismo

111 515 161 553 ab
195 512 428 565 Apostolica,
479 513 596 548 immo
626 509 675 546 ab
720 509 836 558 ipsius
864 506 1002 544 Christi
1034 505 1230 542 traditione

112 570 303 607 descendit
321 593 331 604 .
362 567 401 603 ld
432 574 584 602 testatur
613 561 875 599 Tertullianus
897 558 960 596 De
989 560 1230 594 coronami-

110 623 186 660 litis
217 636 303 674 cap.
326 621 362 658 5.
396 617 636 656 Tertulliano
657 616 837 653 consentit
867 613 1124 662 Hieronymus
1140 623 1229 647 con-

107 685 165 715 tra
196 675 484 719 Luciferianos,
530 673 624 708 inter
653 668 896 713 traditiones,
943 678 1030 715 ‘7¹¹ae
1060 666 1229 700 auctori-

110 739 238 768 Tutein
266 732 423 777 scriptae
453 727 548 776 legis
578 728 888 770 usurpaverunt,
938 731 1121 767 reponens
1164 717 1228 752 tri-

108 798 200 822 nam
223 782 506 819 immersionem
523 804 534 815 .
564 775 724 815 Basilius
746 775 860 810 etiam
889 770 953 808 De
975 770 1119 820 Spiritu
1134 783 1229 807 san-

113 847 176 875 cto
206 851 290 887 cap.
317 849 380 885 27.
428 834 565 869 trinam
596 829 879 867 immersionem
911 825 1044 875 repetit
1072 836 1124 879 ex
1154 826 1227 859 mi-

109 895 221 928 nime
249 888 473 938 publicata,
502 885 549 924 ὁ)
581 894 741 920 arcanii.
770 878 1012 916 traditione.
1056 875 1227 914 nonnul-

109 944 164 982 los
193 944 286 980 alios
315 941 440 978 Patres
472 938 571 975 idem
614 942 815 973 asserentes
852 931 988 982 allegat
1019 931 1227 967 Gratianus

109 999 208 1036 Dist.
232 996 297 1033 lv.
328 993 374 1031 (le
405 999 627 1029 consecrat.
658 1002 744 1026 cau.
770 985 832 1038 78.
862 1000 941 1037 seq.
974 985 1042 1021 His
1058 985 1143 1021 addi
1163 997 1228 1035 po-

109 1060 177 1088 test
221 1048 543 1092 (Ihrvsostomus,
590 1043 658 1095 qui
704 1041 818 1078 Hom.
848 1038 912 1077 De
941 1037 1033 1091 fltle
1076 1039 1228 1090 inquit:

110 1094 308 1141 Oovnihus'
334 1102 538 1152 771Jsteriis
567 1097 666 1135 velut
707 1094 881 1146 sigillum
911 1097 1119 1142 imponens
1149 1090 1230 1129 Do-

106 1161 265 1203 minus,
313 1158 354 1192 in
383 1152 503 1191 tribus
546 1147 806 1189 mersionibus
848 1160 966 1197 uquae
996 1159 1117 1182 unum
1162 1144 1230 1182 ba,-

107 1214 255 1262 ptisma
288 1206 500 1256 Discipulis
528 1209 607 1243 suis
636 1201 826 1240 tradidit.
859 1202 899 1238 Id
930 1200 1056 1252 ipsum
1087 1212 1150 1237 nos
1166 1199 1229 1236 do-

109 1274 167 1303 cet
212 1261 432 1314 exemplum
463 1260 549 1298 Je’su
579 1257 747 1304 Christi,
795 1256 862 1308 qui
905 1255 943 1292 in
973 1254 1134 1291 Jordane
1164 1266 1230 1304 per

106 1318 393 1356 immersionem
424 1313 631 1366 baptizatus
668 1310 860 1354 creditur3
903 1308 1078 1360 quamvis
1109 1306 1230 1344 Picto-

106 1386 191 1418 res,
223 1370 385 1422 quibus,
418 1377 455 1406 ut
485 1367 607 1418 inquit
636 1364 843 1411 Horatius,
873 1359 1050 1412 quidlibet
1081 1361 1230 1397 ‹zuden-

109 1425 148 1462 <li
178 1436 334 1473 semper
361 1422 438 1471 fuit
467 1433 585 1470 aequa
626 1426 822 1469 potestas,
871 1429 957 1452 eum
1002 1423 1160 1451 stantem
1192 1415 1230 1451 in

107 1478 297 1523 flumine,
347 1467 380 1510 8(
409 1490 429 1512 a
460 1474 603 1511 Joanne
632 1486 731 1523 aqua
761 1469 959 1521 perfusum
1004 1466 1145 1505 soleant
1176 1481 1232 1504 re-

106 1539 336 1582 pra’sentare
355 1555 364 1565 .
409 1527 449 1565 Id
482 1536 664 1577 tanquam
694 1534 839 1562 certum
870 1522 1067 1572 supposuit
1095 1522 1233 1558 Conci-

107 1584 205 1623 lium
235 1581 501 1634 Celichytense
530 1577 764 1616 celebratum
797 1577 834 1612 iu
852 1575 990 1625 Anglia
1020 1586 1118 1610 anno
1139 1573 1231 1611 816.

108 1654 195 1677 can.
237 1645 451 1689 postremo,
499 1645 709 1685 proponens
752 1627 972 1679 exemplum
1002 1625 1139 1664 Christi
1185 1626 1230 1664 ad

106 1690 412 1730 confirmamlam
443 1689 585 1725 trinam
614 1684 898 1723 immersionem
918 1710 927 1719 .
985 1680 1101 1718 Nefas
1144 1694 1233 1732 ergo

108 1756 160 1784 est
189 1745 238 1783 ab
269 1744 338 1782 hac
370 1740 585 1795 Apostolica
615 1739 815 1776 traditione
845 1737 1041 1773 recedere.

170 1800 258 1838 153.
290 1797 402 1848 Resp.
421 1826 431 1842 ,
463 1795 560 1832 hanc
590 1792 830 1830 traditionem
861 1803 933 1827 non
965 1789 1153 1839 respicere
1174 1803 1231 1826 sa-

110 1862 307 1892 crosancta
336 1858 471 1888 nostrae
503 1845 710 1897 Religionis
739 1845 912 1895 dogmata
933 1873 943 1890 ,
973 1856 1060 1895 quae
1079 1856 1148 1879 nec
1178 1841 1233 1878 lo-

110 1919 157 1945 co
174 1936 184 1954 ,
216 1919 282 1943 nec
313 1912 481 1954 tempore
513 1901 653 1938 variari
674 1907 851 1951 possunt,
881 1897 945 1934 sed
965 1895 1232 1947 disciplinam,

110 1974 202 2012 qua:
234 1957 433 1996 mutationi
463 1955 627 1992 obnoxia
657 1962 735 1990 est.
783 1951 1073 1998 Quamobrem,
1107 1958 1144 1985 ut
1174 1962 1236 1986 su—

111 2015 241 2067 perius
269 2010 501 2049 ostendimus
531 2021 568 2045 n.
595 2006 681 2052 141.
713 2004 748 2041 8(
790 2019 867 2057 seq.
886 2034 896 2052 ,
946 2017 1022 2040 11011
1052 2015 1202 2053 semper
1223 2032 1234 2050 ,

112 2082 181 2106 nec
212 2067 382 2118 ubique,
427 2076 493 2100 nec
525 2063 562 2099 in
590 2059 771 2098 omuibus
814 2058 1108 2095 circumstantiis
1137 2057 1234 2093 trina

111 2121 309 2159 immersio
338 2116 510 2156 adhibita
540 2124 621 2153 est.
652 2115 801 2160 Immo,
831 2113 859 2148 si
882 2112 1072 2149 credimus
1101 2110 1236 2147 doetis-

112 2177 211 2212 simo
232 2173 488 2212 Dominicano
516 2169 594 2207 Jac.
625 2168 730 2206 Goar
760 2167 797 2204 in
813 2163 1054 2216 Eucbologio
1082 2176 1236 2216 graeco-

113 2241 204 2265 rum
233 2236 321 2264 nota
353 2225 417 2271 24.
451 2227 486 2261 iu
517 2221 753 2274 baptismatis
782 2219 953 2257 officium
974 2249 983 2267 ,
1022 2220 1095 2269 ipsi
1126 2218 1236 2255 Grae-

114 2284 151 2320 ci
182 2294 317 2334 pueros
347 2293 419 2318 non
441 2276 604 2315 totaliter
633 2288 743 2327 aquae
766 2275 1024 2323 immergunt,
1057 2286 1103 2308 ne
1124 2285 1235 2323 aquae

115 2337 228 2387 copia
256 2334 465 2371 obruantur
483 2362 493 2380 ,
542 2330 605 2368 sed
634 2329 799 2367 sedentes
843 2328 882 2364 111
921 2326 1142 2377 baptisterio
1171 2324 1238 2362 Sa-

116 2389 245 2427 cerdos
273 2397 329 2425 ter
357 2387 506 2438 capite,
555 2382 589 2420 8(
619 2392 693 2421 toto
735 2394 891 2432 corpore
920 2379 1067 2427 abluit,
1116 2378 1149 2414 ἃ
1179 2378 1239 2416 lu-

116 2452 233 2481 strat.
264 2442 364 2488 Quae
394 2437 625 2478 consuetudo
651 2435 868 2489 baptizandi
899 2433 1071 2471 homines
1101 2445 1171 2470 non
1199 2445 1240 2469 o-

117 2497 251 2535 mnino
272 2524 282 2542 ,
313 2494 373 2530 sed
404 2494 531 2530 media
551 2500 696 2528 tantum
717 2490 885 2541 corporis
907 2497 1011 2539 parte
1042 2501 1152 2539 aquae
1169 2487 1240 2524 im-

120 2562 265 2587 mersos
284 2577 294 2595 ,
337 2547 448 2583 etiam
481 2554 636 2596 apparet
666 2557 709 2581 ex
731 2543 885 2582 vetustis
913 2542 1046 2594 figuris
1078 2554 1243 2577 marmo-

118 2616 189 2650 re,
229 2600 288 2640 vel
320 2613 396 2637 aere
426 2599 644 2650 impressis,
675 2606 738 2634 aut
767 2597 926 2646 depictis
948 2625 959 2644 ,
990 2604 1029 2632 ut
1045 2595 1244 2632 ostendunt

118 2657 195 2695 Jos.
226 2656 448 2693 Vicecomes
477 2654 513 2689 in
537 2650 697 2688 Obserr.
718 2649 875 2686 Eccles.
906 2649 954 2687 de
982 2649 1167 2699 baptismi
1196 2651 1247 2685 ri-

121 2710 219 2748 tibus
251 2709 337 2746 Lib.
361 2706 428 2743 lV.
459 2705 542 2743 cad.
570 2719 658 2752 10.,
689 2704 745 2741 JO.
774 2704 1004 2754 Ciampinus
1036 2700 1123 2739 Ver.
1155 2701 1246 2738 silo-

121 2776 234 2801 num.
263 2761 304 2798 P.
326 2761 372 2798 ΙΙ.
404 2760 516 2797 Toni.
538 2758 615 2805 V.,
646 2757 680 2793 8(
707 2757 768 2794 Jo.
797 2755 1053 2794 „mabillonius
1082 2757 1121 2793 in
1153 2755 1247 2791 Mu-

125 2830 210 2856 saeo
241 2815 380 2852 Italico
409 2813 523 2852 Tom.
545 2813 575 2850 I.
605 2811 715 2849 Unde
744 2819 928 2862 apparet,
975 2817 1116 2861 caput,
1146 2808 1243 2859 qiod

123 2870 327 2924 praecipua
357 2877 409 2905 est
438 2867 604 2904 hominis
634 2879 746 2918 pars,
792 2865 906 2902 fuisse
935 2877 1036 2915 aqua
1070 2864 1246 2911 superin-

124 2926 209 2963 fusa
240 2922 471 2974 baptizatum
490 2947 499 2958 .
544 2920 677 2972 Neque
707 2917 825 2955 officit
856 2916 1076 2968 exemplum
1105 2913 1244 2952 Christi

126 2976 313 3023 Domini,
355 2976 444 3026 quia
475 2977 599 3026 primo
629 2972 696 3011 ille
737 2972 973 3024 baptismum
1003 2968 1155 3007 Joannis
1187 2981 1246 3004 su-

130 3180 219 3204 nova
245 3165 322 3210 ejus
347 3164 502 3209 Operum
527 3160 609 3195 edit.
634 3175 736 3206 ¹777·
764 3167 775 3201 )
807 3160 849 3195 ad
874 3161 1012 3195 Fratres
1041 3155 1251 3203 Lugdunen—

129 3228 184 3249 ses
211 3221 332 3247 contra
359 3211 450 3243 lianc
478 3210 713 3254 Hispanorum
728 3210 919 3242 novitatem
944 3207 1166 3239 vehementer
1190 3219 1251 3238 ex-

131 3259 299 3300 canduit,
338 3262 368 3290 &
397 3257 587 3301 Epistolam
614 3257 646 3288 S.
674 3255 831 3294 Gregorii
869 3263 908 3287 ut
933 3255 1065 3286 dubiam
1102 3252 1246 3295 rejecit,

131 3309 224 3354 qnia,
241 3318 317 3339 eam
346 3306 379 3337 in
396 3303 586 3348 Epistolari
613 3302 687 3346 ejus
716 3302 821 3334 Libro
849 3302 958 3338 Roma
985 3300 1049 3333 sihi
1068 3308 1250 3331 transmts-

133 3367 170 3390 so
195 3365 261 3388 non
288 3353 491 3386 invenerat.
517 3349 666 3384 Unicam
695 3349 930 3392 Hispanorum
957 3345 1164 3381 mersionem
1188 3345 1254 3380 ite-

926 102 1195 148 DISSERT.
1227 100 1303 145 III.
1338 100 1466 144 CAP.
1501 100 1576 144 VI.

1294 183 1431 233 scepit,
1461 194 1576 231 quem
1609 186 1733 232 postea
1761 177 1956 230 antiquari
1985 176 2133 217 voluit:
2163 176 2302 216 deinde
2317 180 2409 230 quia

1296 248 1362 272 suo
1391 233 1567 285 exemplo
1596 232 1712 272 solam
1744 232 1979 269 ablutionem
2001 232 2107 270 nobis
2130 245 2338 284 proponere
2360 233 2417 269 in-

1295 288 1440 336 tendit,
1470 302 1544 325 non
1575 296 1700 324 autem
1731 287 2011 334 determinare,
2049 286 2221 324 eamdem
2252 299 2319 338 per
2348 287 2422 323 im-

1296 344 1524 380 mersionem
1554 340 1637 377 fieri
1668 349 1864 392 oportere.

1362 395 1451 439 154.
1482 396 1569 432 Inst.
1602 394 1761 444 Antiqui
1794 392 1918 430 Patres
1960 392 2055 430 lianc
2098 392 2340 431 traditionem
2370 392 2422 429 ita.

1298 448 1345 485 ad
1362 448 1610 485 substantiam
1640 446 1818 497 baptismi
1849 448 2035 498 pertinere
2056 456 2262 498 putarunt,
2294 456 2332 484 ut
2353 445 2420 484 ba-

1298 502 1483 553 ptismum
1513 498 1694 536 collatum
1724 500 1804 535 sine
1833 501 1932 537 trina
1962 501 2144 538 mersione
2181 499 2332 538 nullum
2361 513 2420 537 es-

1300 568 1338 591 se
1380 553 1646 590 crediderunt.
1690 550 1790 588 Nam
1837 555 1965 600 primo
1994 555 2120 591 Canon
2150 553 2294 592 XLIX.
2325 556 2421 591 inter

1300 606 1555 657 Apostolicos,
1576 606 1643 655 qui
1662 605 1823 640 refertur
1843 618 1927 655 cap.
1952 619 2015 658 79.
2046 605 2109 644 De
2123 620 2300 645 consecr.
2319 607 2421 645 Dist.

1298 659 1367 697 IV.
1385 689 1395 707 ,
1425 672 1500 697 11011
1531 657 1654 696 solum
1687 659 1912 694 mersionem
1944 660 1982 695 111
2012 659 2228 709 baptismo,
2258 661 2320 698 sed
2338 659 2419 713 pla-

1297 726 1342 751 ne
1371 722 1519 750 ternam
1552 713 1599 749 ita
1633 712 1835 763 praecipit,
1869 719 2052 748 utcontra
2083 712 2341 752 inobedientes
2355 715 2420 751 de-

1297 767 1491 818 positionis
1520 779 1675 818 poenam
1705 766 1909 802 decernat.
1940 763 2121 800 Secundo
2149 765 2367 804 Concilium
2390 768 2422 806 I.

1297 819 1754 871 Constantinopolitanum
1774 831 1860 870 cap.
1885 832 1921 869 7.
1952 816 2252 866 Ειιηοηῑὶαηοε,
2275 819 2398 870 inquit
2413 850 2424 868 ‚

1299 877 1364 925 qui
1392 878 1432 911 in
1462 886 1589 910 unam
1619 872 1911 910 demersionem
1941 870 2192 921 baptizantur
2296 876 2423 922 primo

1297 927 1456 976 quidem
1485 926 1546 965 <lie
1579 925 1823 964 Christianos
1849 924 2037 976 jiicimus
2060 951 2131 962 .....
2151 924 2200 965 <9¹
2230 933 2323 961 tunc
2353 938 2423 963 eos

1296 980 1566 1031 baptizamus.
1598 979 1727 1018 Tertio
1749 979 1920 1029 Pelagius
1950 980 1999 1017 ll.
2030 980 2070 1017 111
2101 980 2208 1030 epist.
2238 978 2285 1016 ad
2315 978 2423 1016 Gau-

1297 1036 1464 1073 dentium
1496 1035 1717 1072 ssonosiacos
1746 1034 1926 1081 damnat,
1963 1033 2030 1084 qni
2061 1033 2176 1071 unica
2205 1033 2426 1070 immersio-

1299 1103 1347 1127 ne
1376 1088 1641 1141 baptizabant,
1673 1096 1814 1125 contra
1843 1086 2118 1138 evangelicum>
2146 1095 2388 1136 praeceptum
2408 1116 2419 1134 ,

1299 1156 1373 1195 quo
1404 1143 1654 1181 admonemur
1674 1172 1685 1190 ,
1729 1145 1770 1178 in
1799 1145 1961 1177 nomine
1995 1139 2201 1177 Trinitatis
2243 1144 2352 1177 trina
2381 1152 2421 1177 e-

1300 1200 1400 1234 tium
1432 1199 1628 1234 mersione
1657 1203 1844 1232 sanctum
1860 1194 2100 1243 baptismum
2131 1196 2421 1244 unicuiqueiri-

1300 1249 1442 1288 buere.
1489 1249 1644 1300 Quarto
1671 1248 1873 1287 Cornelius
1903 1247 2005 1300 Papa
2043 1261 2118 1286 una
2147 1261 2237 1285 cum
2256 1246 2423 1299 ‘Synodo

1304 1303 1475 1342 Romana
1504 1303 1719 1349 dubitavit,
1749 1302 2005 1339 Novatianum
2036 1300 2194 1339 inlecto
2223 1314 2290 1352 per
2322 1301 2425 1338 infu-

1300 1359 1445 1395 sionem
1476 1359 1706 1409 baptizatum
1738 1368 1824 1392 vere
1853 1355 2089 1407 baptismum
2119 1355 2332 1405 sucepisse:
2365 1355 2426 1391 in-

1299 1413 1381 1463 quit
1412 1413 1511 1448 enim
1543 1413 1580 1448 in
1626 1425 1691 1448 sua
1722 1411 1828 1461 epist.
1860 1409 1906 1446 ad
1936 1408 2109 1445 Gabium
2142 1406 2429 1444 Antiochenum

1303 1470 1316 1514 (
1349 1466 1448 1516 apud
1482 1465 1691 1502 Eusebium
1723 1463 1812 1500 Lib.
1831 1462 1900 1500 Vt.
1930 1460 2037 1499 Hist.
2067 1459 2181 1498 Eccl.
2211 1475 2297 1512 cap.
2319 1459 2424 1509 45.)

1300 1518 1498 1556 Situmen
1528 1516 1750 1570 hujusmodi
1781 1515 2022 1568 baptismum
2042 1517 2260 1567 suscepisse
2290 1513 2425 1552 dicen-

1304 1572 1376 1609 dus
1406 1583 1463 1608 est
1481 1599 1489 1608 .

1361 1627 1447 1663 155.
1479 1625 1591 1676 Resp.
1621 1625 1667 1662 ad
1696 1629 1895 1675 primum,
1926 1637 2110 1662 canonem
2141 1621 2253 1661 illum
2285 1620 2426 1673 (Apo-

1299 1680 1481 1716 stolicum
1497 1678 1640 1715 dictum
1659 1708 1669 1724 ,
1700 1692 1773 1715 non
1793 1687 1920 1715 autem
1950 1690 2038 1715 vere
2058 1676 2107 1713 ab
2126 1674 2315 1726 Apostolis
2335 1688 2427 1713 con-

1301 1732 1442 1770 fectum
1475 1733 1489 1780 )
1520 1745 1580 1768 eos
1612 1732 1753 1778 ferire,
1783 1732 1851 1782 qui
1882 1731 2044 1767 sormam
2074 1728 2255 1778 baptismi
2287 1729 2428 1765 vitian-

1300 1794 1378 1833 tes,
1423 1785 1696 1836 baptizabant,
1741 1797 1812 1821 non
1841 1786 1879 1821 111
1908 1783 2064 1820 nomine
2094 1781 2295 1820 Trinitatis
2313 1811 2323 1829 ,
2368 1781 2432 1819 sed

1303 1844 1344 1876 iti
1373 1849 1500 1876 morse
1533 1837 1702 1876 Christi:
1746 1837 1831 1874 liaec
1869 1837 1974 1874 enim
2017 1836 2143 1873 statim
2187 1835 2434 1872 subduntur:

1303 1891 1397 1931 ,Non
1427 1896 1534 1930 enim
1565 1892 1664 1929 dixit
1696 1890 1924 1929 Dominus:
1955 1894 1996 1927 in
2026 1899 2152 1927 morte
2182 1902 2277 1926 mea
2307 1888 2432 1938 bapti·-

1304 1957 1423 1991 zczte5
1452 1945 1521 1983 seit
1551 1955 1686 1983 euntes
1707 1945 1843 1982 docete
1871 1957 2012 1981 omnes
2025 1951 2164 1993 gentes
2183 1973 2194 1991 ,
2224 1941 2430 1992 baptizan-

1304 2009 1362 2038 tes
1391 2013 1457 2037 eos
1486 2004 1527 2036 in
1555 2003 1716 2036 nomine
1747 1997 1909 2043 Patris,
1938 1997 1988 2036 ἔθ’
2018 1995 2136 2042 Filii,
2179 1996 2228 2036 ὠ
2260 1996 2432 2047 Spiritus

1303 2057 1465 2091 sancti:
1496 2082 1521 2099 „
1543 2052 1672 2099 Quia,
1716 2052 1844 2102 inquit
1875 2049 1915 2087 S.
1947 2048 2115 2087 Thomas
2150 2049 2186 2087 3.
2218 2048 2260 2087 P.
2290 2058 2427 2100 quaest.

1305 2138 1330 2156 „
1361 2107 1426 2144 66.
1447 2115 1516 2144 art.
1539 2104 1577 2142 8.
1597 2136 1606 2152 ,
1638 2120 1658 2141 a
1688 2103 1882 2155 principio
1911 2104 2095 2140 nascentis
2125 2101 2310 2140 Ecclesia:
2340 2104 2429 2155 qui-

1306 2191 1331 2209 „
1360 2162 1448 2198 dam
1478 2160 1524 2197 de
1555 2158 1742 2196 Trinitate
1772 2156 1873 2195 male
1915 2156 2125 2195 sentiebant
2142 2156 2192 2194 ’'-
2234 2156 2313 2194 Vid
2332 2171 2428 2208 sup.

1307 2227 1412 2251 1111111.
1448 2212 1537 2251 158.

1367 2267 1452 2305 156.
1485 2267 1541 2304 Ad
1571 2264 1787 2303 secundum
1829 2265 1943 2313 dico,
1986 2278 2130 2303 canone
2175 2263 2242 2302 illo
2272 2263 2337 2315 ((1)
2368 2263 2436 2301 da-

1305 2335 1357 2360 1111
1385 2323 1430 2358 111
1459 2320 1789 2359 Eunomianorum
1819 2319 2008 2371 baptisma
2026 2348 2037 2367 ,
2076 2327 2117 2356 ut
2148 2319 2299 2356 irritum
2317 2349 2327 2365 ,
2359 2331 2434 2356 non

1307 2376 1468 2428 piaecise
1505 2383 1656 2426 propter
1702 2374 1944 2411 omissionem
1988 2375 2099 2411 trinae
2145 2373 2436 2419 immersionis,

1308 2430 1372 2467 sed
1404 2430 1517 2466 etiam
1535 2457 1546 2476 ,
1578 2428 1697 2464 immo
1712 2428 1911 2478 praecipue
1941 2435 2093 2478 propter
2112 2427 2356 2463 omissionem
2381 2426 2438 2461 in-

1313 2484 1520 2520 voci-tionis
1551 2481 1794 2518 sanctissimae
1826 2479 2053 2527 Trinitatis,
2083 2493 2200 2530 quan]
2233 2479 2345 2529 impii
2376 2476 2438 2515 illi

1311 2536 1481 2574 haeretici
1514 2547 1588 2572 non
1618 2533 1897 2571 admittebant.
1943 2533 1997 2570 lta
2026 2545 2092 2569 nos
2128 2532 2233 2568 docet
2264 2531 2440 2568 Theodo-

1313 2600 1412 2629 retus
1429 2590 1516 2627 Lib.
1540 2588 1605 2626 IV.
1624 2603 1708 2638 cap.
1727 2587 1764 2625 5.
1795 2585 1950 2623 Haeret.
1967 2583 2211 2636 fabularum
2244 2586 2438 2636 inquiens:

1316 2643 1542 2681 Eunornius
1572 2646 1703 2680 suncti
1734 2640 1984 2690 baptismatis
2012 2640 2142 2691 legem
2171 2640 2264 2676 olim
2296 2653 2322 2675 (ι
2355 2637 2435 2675 Do-

1317 2701 1426 2734 mino
1500 2697 1549 2736 <9⁴
1588 2696 1781 2745 Apostolis
1823 2692 2019 2731 traditam
2048 2697 2209 2740 evertit,
2253 2693 2302 2733 ἔθ’
2341 2704 2436 2728 con-

1316 2754 1489 2788 trariam
1520 2758 1656 2798 operte
1685 2751 1824 2786 sanxit
1861 2747 2023 2795 dicens,
2065 2760 2145 2784 non
2173 2755 2351 2797 oportere
2381 2754 2440 2783 ter

1317 2805 1427 2842 illum
1458 2807 1723 2855 initrtergere,
1768 2805 1833 2852 qui
1862 2800 2112 2851 baptizatur,
2150 2813 2223 2838 nec
2254 2804 2440 2838 invocare

1320 2856 1586 2903 Trinitatem,
1616 2855 1685 2893 sed
1713 2855 1837 2893 semel
1865 2854 2067 2905 baptizare
2097 2858 2137 2891 in
2161 2853 2302 2892 Christi·
2333 2864 2440 2891 mor-

1315 2921 1424 2948 tem.
1469 2910 1712 2961 Epiphanius
1741 2909 1856 2948 etiam
1888 2908 2046 2946 Hoeresi
2069 2908 2252 2946 LXXVI.
2282 2921 2347 2946 nos
2377 2907 2440 2943 do-

1315 2978 1400 3013 cet,
1430 2963 1687 3002 Eunomiauos
1708 2963 1916 3015 baptizasse
1931 2969 1973 3002 in
2000 2966 2162 3001 nomine
2177 2961 2256 3000 Dei
2285 2965 2439 2999 increa—

2335 3021 2386 3058 τι,

1317 3169 1397 3190 rum
1424 3157 1599 3202 improbat
1628 3155 1796 3190 Alcuinus
1820 3155 1923 3200 epist.
1951 3154 2098 3189 XCVII.
2125 3151 2166 3185 ad
2192 3148 2402 3182 Paulinum.

1363 3210 1407 3244 (a‘
1441 3205 1509 3246 Qui
1541 3218 1602 3236 11011
1631 3212 1681 3236 est
1709 3203 1860 3235 (ioncllii
1887 3195 2277 3243 Constantinopolitani-
2298 3204 2441 3237 genera-

1317 3252 1390 3292 115,
1429 3250 1484 3283 soti
1515 3253 1543 3281 :l
1567 3253 1655 3284 urim
1687 3250 1861 3288 Com-ilii,
1905 3258 1944 3281 ut
1971 3249 2062 3280 enim
2101 3242 2219 3286 probat
2248 3242 2325 3273 Nat,
2356 3240 2439 3273 Ale-

1322 3297 1453 3331 xander·
1481 3299 1509 3330 D
1564 3307 1628 3331 ert.
1658 3297 1860 3330 xxxviii.
1900 3296 1934 3327 in
1961 3296 2044 3325 Saec.
2073 3289 2132 3322 IV·
2153 3308 2163 3326 ‚
2204 3288 2340 3321 nonnisi
2367 3295 2439 3320 tres

1320 3347 1481 3380 Canones
1509 3357 1528 3379 a
1555 3347 1596 3379 ll.
1625 3343 1777 3389 generali
1804 3339 1945 3388 Synodo
1969 3336 2051 3374 editi
2076 3335 2170 3368 fuere
2189 3354 2198 3365 ·
