<?xml version="1.0" encoding="UTF-8"?>
<!DOCTYPE html PUBLIC "-//W3C//DTD XHTML 1.0 Transitional//EN"
    "http://www.w3.org/TR/xhtml1/DTD/xhtml1-transitional.dtd">
<html xmlns="http://www.w3.org/1999/xhtml" xml:lang="en" lang="en">
 <head>
  <title>
</title>
<meta http-equiv="Content-Type" content="text/html;charset=utf-8" />
  <meta name='ocr-system' content='tesseract 3.04.00' />
  <meta name='ocr-capabilities' content='ocr_page ocr_carea ocr_par ocr_line ocrx_word'/>
</head>
<body>
  <div class='ocr_page' id='page_1' title='image "./fratrispetrimari08gazzuoft/fratrispetrimari08gazzuoft_0172.png"; bbox 0 0 2605 3624; ppageno 0'>
   <div class='ocr_carea' id='block_1_1' title="bbox 152 115 1286 2898">
    <p class='ocr_par' dir='ltr' id='par_1_1' title="bbox 152 115 1270 1233">
     <span class='ocr_line' id='line_1_1' title="bbox 221 115 301 158; baseline -0.013 -2"><span class='ocrx_word' id='word_1_1' title='bbox 221 115 301 158; x_wconf 73' lang='lat'>152</span> 
     </span>
     <span class='ocr_line' id='line_1_2' title="bbox 156 179 1270 236; baseline -0.013 -6"><span class='ocrx_word' id='word_1_2' title='bbox 156 191 285 230; x_wconf 68' lang='lat' dir='ltr'>docet:</span> <span class='ocrx_word' id='word_1_3' title='bbox 335 217 362 235; x_wconf 80' lang='lat'>„</span> <span class='ocrx_word' id='word_1_4' title='bbox 390 194 469 224; x_wconf 84' lang='lat' dir='ltr'>tum</span> <span class='ocrx_word' id='word_1_5' title='bbox 500 182 592 236; x_wconf 84' lang='lat' dir='ltr'>quia</span> <span class='ocrx_word' id='word_1_6' title='bbox 636 182 671 222; x_wconf 92' lang='lat' dir='ltr'>in</span> <span class='ocrx_word' id='word_1_7' title='bbox 701 179 871 219; x_wconf 56' lang='lat' dir='ltr'>Pan-sione</span> <span class='ocrx_word' id='word_1_8' title='bbox 901 179 1038 218; x_wconf 79' lang='lat' dir='ltr'>Christi</span> <span class='ocrx_word' id='word_1_9' title='bbox 1068 181 1270 217; x_wconf 81' lang='lat' dir='ltr'>terminata</span> 
     </span>
     <span class='ocr_line' id='line_1_3' title="bbox 215 233 1267 291; baseline -0.01 -12"><span class='ocrx_word' id='word_1_10' title='bbox 215 250 301 280; x_wconf 82' lang='lat' dir='ltr'>sunt</span> <span class='ocrx_word' id='word_1_11' title='bbox 331 239 506 291; x_wconf 77' lang='lat' dir='ltr'>figuralia</span> <span class='ocrx_word' id='word_1_12' title='bbox 535 238 805 282; x_wconf 75' lang='lat' dir='ltr'>Sacramenta,</span> <span class='ocrx_word' id='word_1_13' title='bbox 836 235 974 285; x_wconf 82' lang='lat' dir='ltr'>quibus</span> <span class='ocrx_word' id='word_1_14' title='bbox 1005 233 1169 270; x_wconf 78' lang='lat' dir='ltr'>succedit</span> <span class='ocrx_word' id='word_1_15' title='bbox 1201 233 1267 269; x_wconf 84' lang='lat' dir='ltr'>ba-</span> 
     </span>
     <span class='ocr_line' id='line_1_4' title="bbox 157 287 1266 347; baseline -0.01 -14"><span class='ocrx_word' id='word_1_16' title='bbox 157 325 185 343; x_wconf 86' lang='lat'><em>„</em></span> <span class='ocrx_word' id='word_1_17' title='bbox 214 297 398 347; x_wconf 54' lang='lat' dir='ltr'>punitus,</span> <span class='ocrx_word' id='word_1_18' title='bbox 446 292 480 327; x_wconf 69' lang='lat'>8&lt;</span> <span class='ocrx_word' id='word_1_19' title='bbox 507 291 583 328; x_wconf 88' lang='lat' dir='ltr'>alia</span> <span class='ocrx_word' id='word_1_20' title='bbox 611 289 856 326; x_wconf 77' lang='lat' dir='ltr'>Sacramenta</span> <span class='ocrx_word' id='word_1_21' title='bbox 886 301 992 325; x_wconf 66' lang='lat' dir='ltr'>novat</span> <span class='ocrx_word' id='word_1_22' title='bbox 1023 287 1137 337; x_wconf 77' lang='lat' dir='ltr'>legis:</span> <span class='ocrx_word' id='word_1_23' title='bbox 1185 294 1266 322; x_wconf 84' lang='lat' dir='ltr'>tum</span> 
     </span>
     <span class='ocr_line' id='line_1_5' title="bbox 157 337 1268 398; baseline -0.011 -13"><span class='ocrx_word' id='word_1_24' title='bbox 157 377 183 395; x_wconf 81' lang='lat'>‚.,</span> <span class='ocrx_word' id='word_1_25' title='bbox 213 349 326 384; x_wconf 81' lang='lat' dir='ltr'>etiam</span> <span class='ocrx_word' id='word_1_26' title='bbox 355 347 447 398; x_wconf 87' lang='lat' dir='ltr'>quia</span> <span class='ocrx_word' id='word_1_27' title='bbox 476 358 541 396; x_wconf 88' lang='lat' dir='ltr'>per</span> <span class='ocrx_word' id='word_1_28' title='bbox 571 344 803 394; x_wconf 79' lang='lat' dir='ltr'>baptismum</span> <span class='ocrx_word' id='word_1_29' title='bbox 851 341 1112 392; x_wconf 83' lang='lat' dir='ltr'>configuratur</span> <span class='ocrx_word' id='word_1_30' title='bbox 1157 337 1268 374; x_wconf 83' lang='lat' dir='ltr'>homo</span> 
     </span>
     <span class='ocr_line' id='line_1_6' title="bbox 215 395 1267 452; baseline -0.011 -14"><span class='ocrx_word' id='word_1_31' title='bbox 215 401 405 452; x_wconf 84' lang='lat' dir='ltr'>passioni,</span> <span class='ocrx_word' id='word_1_32' title='bbox 453 399 486 434; x_wconf 70' lang='grc' dir='ltr'>ἃ</span> <span class='ocrx_word' id='word_1_33' title='bbox 530 397 793 435; x_wconf 78' lang='lat' dir='ltr'>resurrectioni</span> <span class='ocrx_word' id='word_1_34' title='bbox 823 395 991 440; x_wconf 78' lang='lat' dir='ltr'>Christi,</span> <span class='ocrx_word' id='word_1_35' title='bbox 1041 395 1267 444; x_wconf 77' lang='lat' dir='ltr'>inquantum</span> 
     </span>
     <span class='ocr_line' id='line_1_7' title="bbox 158 445 1266 504; baseline -0.01 -13"><span class='ocrx_word' id='word_1_36' title='bbox 158 482 184 501; x_wconf 82' lang='lat'>‚,</span> <span class='ocrx_word' id='word_1_37' title='bbox 215 455 374 490; x_wconf 87' lang='lat' dir='ltr'>moritur</span> <span class='ocrx_word' id='word_1_38' title='bbox 405 460 582 504; x_wconf 79' lang='lat' dir='ltr'>peceato,</span> <span class='ocrx_word' id='word_1_39' title='bbox 631 449 664 484; x_wconf 70' lang='grc' dir='ltr'>ἃ</span> <span class='ocrx_word' id='word_1_40' title='bbox 695 450 826 498; x_wconf 75' lang='lat' dir='ltr'>incipit</span> <span class='ocrx_word' id='word_1_41' title='bbox 857 461 994 484; x_wconf 78' lang='lat' dir='ltr'>novam</span> <span class='ocrx_word' id='word_1_42' title='bbox 1026 445 1179 495; x_wconf 66' lang='lat' dir='ltr'>justitiae</span> <span class='ocrx_word' id='word_1_43' title='bbox 1212 446 1266 481; x_wconf 86' lang='lat' dir='ltr'>vi-</span> 
     </span>
     <span class='ocr_line' id='line_1_8' title="bbox 156 496 1267 555; baseline -0.012 -10"><span class='ocrx_word' id='word_1_44' title='bbox 156 536 184 553; x_wconf 78' lang='lat'><strong>„</strong></span> <span class='ocrx_word' id='word_1_45' title='bbox 212 515 289 544; x_wconf 84' lang='lat' dir='ltr'>tam</span> <span class='ocrx_word' id='word_1_46' title='bbox 307 532 317 542; x_wconf 90' lang='lat'><strong>.</strong></span> <span class='ocrx_word' id='word_1_47' title='bbox 365 505 412 544; x_wconf 89' lang='lat' dir='ltr'>Et</span> <span class='ocrx_word' id='word_1_48' title='bbox 443 506 525 543; x_wconf 83' lang='lat' dir='ltr'>ideo</span> <span class='ocrx_word' id='word_1_49' title='bbox 552 504 714 555; x_wconf 81' lang='lat' dir='ltr'>oportuit</span> <span class='ocrx_word' id='word_1_50' title='bbox 743 502 933 538; x_wconf 77' lang='lat' dir='ltr'>Christum</span> <span class='ocrx_word' id='word_1_51' title='bbox 965 501 1068 550; x_wconf 84' lang='lat' dir='ltr'>prius</span> <span class='ocrx_word' id='word_1_52' title='bbox 1099 499 1202 548; x_wconf 87' lang='lat' dir='ltr'>pati,</span> <span class='ocrx_word' id='word_1_53' title='bbox 1234 496 1267 530; x_wconf 70' lang='grc' dir='ltr'>δε</span> 
     </span>
     <span class='ocr_line' id='line_1_9' title="bbox 213 550 1267 610; baseline -0.011 -13"><span class='ocrx_word' id='word_1_54' title='bbox 213 572 431 610; x_wconf 75' lang='lat' dir='ltr'>resurgere,</span> <span class='ocrx_word' id='word_1_55' title='bbox 461 571 577 610; x_wconf 82' lang='lat' dir='ltr'>quam</span> <span class='ocrx_word' id='word_1_56' title='bbox 600 555 819 593; x_wconf 84' lang='lat' dir='ltr'>hominibus</span> <span class='ocrx_word' id='word_1_57' title='bbox 850 554 1079 590; x_wconf 74' lang='lat' dir='ltr'><strong>indiceretur</strong></span> <span class='ocrx_word' id='word_1_58' title='bbox 1109 550 1267 587; x_wconf 81' lang='lat' dir='ltr'>necessi-</span> 
     </span>
     <span class='ocr_line' id='line_1_10' title="bbox 212 602 1267 662; baseline -0.011 -12"><span class='ocrx_word' id='word_1_59' title='bbox 212 622 264 651; x_wconf 82' lang='lat' dir='ltr'>tas</span> <span class='ocrx_word' id='word_1_60' title='bbox 279 626 315 650; x_wconf 88' lang='lat' dir='ltr'>se</span> <span class='ocrx_word' id='word_1_61' title='bbox 325 611 586 662; x_wconf 83' lang='lat' dir='ltr'>configuraudi</span> <span class='ocrx_word' id='word_1_62' title='bbox 604 609 735 654; x_wconf 78' lang='lat' dir='ltr'>morti,</span> <span class='ocrx_word' id='word_1_63' title='bbox 756 607 789 642; x_wconf 86' lang='lat'>&amp;</span> <span class='ocrx_word' id='word_1_64' title='bbox 802 603 1210 643; x_wconf 73' lang='lat' dir='ltr'>resurrectioniChristi</span> <span class='ocrx_word' id='word_1_65' title='bbox 1224 627 1232 639; x_wconf 90' lang='lat'><strong>.</strong></span> <span class='ocrx_word' id='word_1_66' title='bbox 1247 602 1267 615; x_wconf 74' lang='lat'>&#39;’</span> 
     </span>
     <span class='ocr_line' id='line_1_11' title="bbox 215 655 1269 707; baseline -0.014 -2"><span class='ocrx_word' id='word_1_67' title='bbox 215 666 302 704; x_wconf 81' lang='lat'>105.</span> <span class='ocrx_word' id='word_1_68' title='bbox 334 666 486 703; x_wconf 73' lang='lat' dir='ltr'>Accedit</span> <span class='ocrx_word' id='word_1_69' title='bbox 517 666 553 700; x_wconf 92' lang='lat' dir='ltr'>in</span> <span class='ocrx_word' id='word_1_70' title='bbox 598 661 712 707; x_wconf 72' lang='lat' dir='ltr'>huius</span> <span class='ocrx_word' id='word_1_71' title='bbox 743 669 873 696; x_wconf 65' lang='lat' dir='ltr'>nostras</span> <span class='ocrx_word' id='word_1_72' title='bbox 904 657 1095 695; x_wconf 76' lang='lat' dir='ltr'>sententiae</span> <span class='ocrx_word' id='word_1_73' title='bbox 1133 655 1269 692; x_wconf 79' lang='lat' dir='ltr'>confir—</span> 
     </span>
     <span class='ocr_line' id='line_1_12' title="bbox 157 707 1266 768; baseline -0.012 -11"><span class='ocrx_word' id='word_1_74' title='bbox 157 721 362 757; x_wconf 88' lang='lat' dir='ltr'>mationem</span> <span class='ocrx_word' id='word_1_75' title='bbox 386 748 396 765; x_wconf 90' lang='lat'>,</span> <span class='ocrx_word' id='word_1_76' title='bbox 443 716 544 768; x_wconf 87' lang='lat' dir='ltr'>quod</span> <span class='ocrx_word' id='word_1_77' title='bbox 585 708 763 764; x_wconf 80' lang='lat' dir='ltr'>baptizati</span> <span class='ocrx_word' id='word_1_78' title='bbox 811 727 832 749; x_wconf 89' lang='lat' dir='ltr'>a</span> <span class='ocrx_word' id='word_1_79' title='bbox 863 708 1073 759; x_wconf 85' lang='lat' dir='ltr'>Discipulis</span> <span class='ocrx_word' id='word_1_80' title='bbox 1111 707 1266 745; x_wconf 75' lang='lat' dir='ltr'>Domini</span> 
     </span>
     <span class='ocr_line' id='line_1_13' title="bbox 154 763 1266 822; baseline -0.013 -12"><span class='ocrx_word' id='word_1_81' title='bbox 154 772 298 810; x_wconf 85' lang='lat' dir='ltr'>nullibi</span> <span class='ocrx_word' id='word_1_82' title='bbox 328 771 503 822; x_wconf 85' lang='lat' dir='ltr'>leguntur</span> <span class='ocrx_word' id='word_1_83' title='bbox 532 766 752 817; x_wconf 73' lang='lat' dir='ltr'>rebaptizati</span> <span class='ocrx_word' id='word_1_84' title='bbox 782 773 860 814; x_wconf 86' lang='lat' dir='ltr'>post</span> <span class='ocrx_word' id='word_1_85' title='bbox 901 763 1073 812; x_wconf 78' lang='lat' dir='ltr'>ejusdem</span> <span class='ocrx_word' id='word_1_86' title='bbox 1104 773 1266 797; x_wconf 82' lang='lat' dir='ltr'>resurre-</span> 
     </span>
     <span class='ocr_line' id='line_1_14' title="bbox 154 814 1267 875; baseline -0.013 -12"><span class='ocrx_word' id='word_1_87' title='bbox 154 828 316 864; x_wconf 81' lang='lat' dir='ltr'>ctionem</span> <span class='ocrx_word' id='word_1_88' title='bbox 335 854 345 871; x_wconf 85' lang='lat'>‚</span> <span class='ocrx_word' id='word_1_89' title='bbox 387 821 709 875; x_wconf 75' lang='lat' dir='ltr'>quemadmodum</span> <span class='ocrx_word' id='word_1_90' title='bbox 739 817 984 868; x_wconf 79' lang='lat' dir='ltr'>rebaptizatos</span> <span class='ocrx_word' id='word_1_91' title='bbox 1014 815 1127 851; x_wconf 86' lang='lat' dir='ltr'>fuisse</span> <span class='ocrx_word' id='word_1_92' title='bbox 1145 843 1155 860; x_wconf 86' lang='lat'>‚</span> <span class='ocrx_word' id='word_1_93' title='bbox 1199 814 1267 864; x_wconf 81' lang='lat' dir='ltr'>qui</span> 
     </span>
     <span class='ocr_line' id='line_1_15' title="bbox 155 868 1266 921; baseline -0.013 -5"><span class='ocrx_word' id='word_1_94' title='bbox 155 893 177 916; x_wconf 85' lang='lat' dir='ltr'>a</span> <span class='ocrx_word' id='word_1_95' title='bbox 205 878 349 916; x_wconf 86' lang='lat' dir='ltr'>Joanne</span> <span class='ocrx_word' id='word_1_96' title='bbox 380 877 528 913; x_wconf 82' lang='lat' dir='ltr'>fuerant</span> <span class='ocrx_word' id='word_1_97' title='bbox 557 873 719 918; x_wconf 82' lang='lat' dir='ltr'>initiati,</span> <span class='ocrx_word' id='word_1_98' title='bbox 767 883 881 921; x_wconf 85' lang='lat' dir='ltr'>supra</span> <span class='ocrx_word' id='word_1_99' title='bbox 910 868 1127 905; x_wconf 87' lang='lat' dir='ltr'>monuimus</span> <span class='ocrx_word' id='word_1_100' title='bbox 1157 880 1266 903; x_wconf 86' lang='lat' dir='ltr'>num.</span> 
     </span>
     <span class='ocr_line' id='line_1_16' title="bbox 154 919 1268 982; baseline -0.013 -13"><span class='ocrx_word' id='word_1_101' title='bbox 154 931 248 981; x_wconf 67' lang='lat'>47.;</span> <span class='ocrx_word' id='word_1_102' title='bbox 277 929 376 982; x_wconf 85' lang='lat' dir='ltr'>quod</span> <span class='ocrx_word' id='word_1_103' title='bbox 406 941 473 980; x_wconf 89' lang='lat' dir='ltr'>pro</span> <span class='ocrx_word' id='word_1_104' title='bbox 493 935 592 965; x_wconf 88' lang='lat' dir='ltr'>certo</span> <span class='ocrx_word' id='word_1_105' title='bbox 621 923 752 962; x_wconf 86' lang='lat' dir='ltr'>habuit</span> <span class='ocrx_word' id='word_1_106' title='bbox 772 922 812 960; x_wconf 89' lang='lat' dir='ltr'>S.</span> <span class='ocrx_word' id='word_1_107' title='bbox 832 922 1060 972; x_wconf 77' lang='lat' dir='ltr'>Augustinus</span> <span class='ocrx_word' id='word_1_108' title='bbox 1078 950 1088 966; x_wconf 90' lang='lat'><strong>‚</strong></span> <span class='ocrx_word' id='word_1_109' title='bbox 1117 919 1268 971; x_wconf 79' lang='lat' dir='ltr'>quaudo</span> 
     </span>
     <span class='ocr_line' id='line_1_17' title="bbox 156 971 1268 1027; baseline -0.011 -5"><span class='ocrx_word' id='word_1_110' title='bbox 156 984 283 1022; x_wconf 82' lang='lat' dir='ltr'>Tract.</span> <span class='ocrx_word' id='word_1_111' title='bbox 308 981 355 1019; x_wconf 85' lang='lat' dir='ltr'>V.</span> <span class='ocrx_word' id='word_1_112' title='bbox 386 983 422 1018; x_wconf 91' lang='lat' dir='ltr'>in</span> <span class='ocrx_word' id='word_1_113' title='bbox 441 981 498 1018; x_wconf 85' lang='lat' dir='ltr'>JO.</span> <span class='ocrx_word' id='word_1_114' title='bbox 519 992 627 1016; x_wconf 85' lang='lat' dir='ltr'>num.</span> <span class='ocrx_word' id='word_1_115' title='bbox 654 977 714 1015; x_wconf 81' lang='lat'>18.</span> <span class='ocrx_word' id='word_1_116' title='bbox 745 975 964 1027; x_wconf 73' lang='lat' dir='ltr'>inquiebat:</span> <span class='ocrx_word' id='word_1_117' title='bbox 998 972 1115 1010; x_wconf 66' lang='lat' dir='ltr'>Dedit</span> <span class='ocrx_word' id='word_1_118' title='bbox 1143 971 1268 1010; x_wconf 70' lang='lat' dir='ltr'>Iudas</span> 
     </span>
     <span class='ocr_line' id='line_1_18' title="bbox 156 1024 1267 1087; baseline -0.012 -12"><span class='ocrx_word' id='word_1_119' title='bbox 156 1041 169 1085; x_wconf 94' lang='lat'>(</span> <span class='ocrx_word' id='word_1_120' title='bbox 201 1038 432 1087; x_wconf 76' lang='lat' dir='ltr'>baptismum</span> <span class='ocrx_word' id='word_1_121' title='bbox 464 1033 507 1081; x_wconf 90' lang='lat'>)‚</span> <span class='ocrx_word' id='word_1_122' title='bbox 545 1031 594 1072; x_wconf 55' lang='grc' dir='ltr'>Θ</span> <span class='ocrx_word' id='word_1_123' title='bbox 623 1044 703 1068; x_wconf 80' lang='lat' dir='ltr'>non</span> <span class='ocrx_word' id='word_1_124' title='bbox 732 1028 974 1079; x_wconf 74' lang='lat' dir='ltr'>baptizatum</span> <span class='ocrx_word' id='word_1_125' title='bbox 1004 1035 1060 1064; x_wconf 75' lang='lat' dir='ltr'>est</span> <span class='ocrx_word' id='word_1_126' title='bbox 1090 1034 1174 1075; x_wconf 74' lang='lat' dir='ltr'>post</span> <span class='ocrx_word' id='word_1_127' title='bbox 1201 1024 1267 1063; x_wconf 79' lang='lat' dir='ltr'>Ju-</span> 
     </span>
     <span class='ocr_line' id='line_1_19' title="bbox 154 1079 1268 1132; baseline -0.009 -7"><span class='ocrx_word' id='word_1_128' title='bbox 154 1090 280 1126; x_wconf 60' lang='lat' dir='ltr'>dam:</span> <span class='ocrx_word' id='word_1_129' title='bbox 310 1085 630 1132; x_wconf 54' lang='lat' dir='ltr'>delitsoiznnes,</span> <span class='ocrx_word' id='word_1_130' title='bbox 660 1084 709 1124; x_wconf 62' lang='lat'>(9¹</span> <span class='ocrx_word' id='word_1_131' title='bbox 739 1082 983 1132; x_wconf 69' lang='lat' dir='ltr'>baptizatum</span> <span class='ocrx_word' id='word_1_132' title='bbox 1014 1089 1071 1117; x_wconf 81' lang='lat' dir='ltr'>est</span> <span class='ocrx_word' id='word_1_133' title='bbox 1101 1090 1184 1129; x_wconf 79' lang='lat' dir='ltr'>post</span> <span class='ocrx_word' id='word_1_134' title='bbox 1204 1079 1268 1116; x_wconf 87' lang='lat' dir='ltr'>Jo-</span> 
     </span>
     <span class='ocr_line' id='line_1_20' title="bbox 152 1132 1268 1192; baseline -0.009 -13"><span class='ocrx_word' id='word_1_135' title='bbox 152 1155 336 1186; x_wconf 71' lang='lat' dir='ltr'>atmem;</span> <span class='ocrx_word' id='word_1_136' title='bbox 384 1145 477 1192; x_wconf 74' lang='lat' dir='ltr'>quia.</span> <span class='ocrx_word' id='word_1_137' title='bbox 525 1142 557 1177; x_wconf 85' lang='lat' dir='ltr'>si</span> <span class='ocrx_word' id='word_1_138' title='bbox 586 1137 702 1176; x_wconf 80' lang='lat' dir='ltr'>datus</span> <span class='ocrx_word' id='word_1_139' title='bbox 732 1144 789 1175; x_wconf 79' lang='lat' dir='ltr'>est</span> <span class='ocrx_word' id='word_1_140' title='bbox 818 1148 844 1172; x_wconf 84' lang='lat' dir='ltr'><em>a</em></span> <span class='ocrx_word' id='word_1_141' title='bbox 872 1134 977 1173; x_wconf 63' lang='lat' dir='ltr'>suda</span> <span class='ocrx_word' id='word_1_142' title='bbox 1019 1132 1236 1184; x_wconf 75' lang='lat' dir='ltr'><em>baptismus</em></span> <span class='ocrx_word' id='word_1_143' title='bbox 1257 1162 1268 1181; x_wconf 87' lang='lat'>‚</span> 
     </span>
     <span class='ocr_line' id='line_1_21' title="bbox 156 1194 447 1233; baseline 0 0"><span class='ocrx_word' id='word_1_144' title='bbox 156 1194 298 1233; x_wconf 75' lang='lat' dir='ltr'>C&#39;zristi</span> <span class='ocrx_word' id='word_1_145' title='bbox 326 1203 415 1232; x_wconf 74' lang='lat' dir='ltr'>erat</span> <span class='ocrx_word' id='word_1_146' title='bbox 436 1221 447 1233; x_wconf 89' lang='lat'><strong>.</strong></span> 
     </span>
    </p>

    <p class='ocr_par' dir='ltr' id='par_1_2' title="bbox 153 1240 1274 1939">
     <span class='ocr_line' id='line_1_22' title="bbox 212 1240 1269 1298; baseline -0.009 -12"><span class='ocrx_word' id='word_1_147' title='bbox 212 1248 300 1287; x_wconf 76' lang='lat'><strong>106.</strong></span> <span class='ocrx_word' id='word_1_148' title='bbox 331 1248 432 1286; x_wconf 91' lang='lat' dir='ltr'>Huic</span> <span class='ocrx_word' id='word_1_149' title='bbox 463 1246 689 1298; x_wconf 80' lang='lat' dir='ltr'>Augustini,</span> <span class='ocrx_word' id='word_1_150' title='bbox 737 1252 850 1296; x_wconf 85' lang='lat' dir='ltr'>atque</span> <span class='ocrx_word' id='word_1_151' title='bbox 881 1241 1056 1294; x_wconf 81' lang='lat' dir='ltr'>Angelici</span> <span class='ocrx_word' id='word_1_152' title='bbox 1098 1240 1269 1292; x_wconf 88' lang='lat' dir='ltr'>opinioni</span> 
     </span>
     <span class='ocr_line' id='line_1_23' title="bbox 158 1294 1270 1354; baseline -0.009 -15"><span class='ocrx_word' id='word_1_153' title='bbox 158 1301 418 1354; x_wconf 84' lang='lat' dir='ltr'>quorumdam</span> <span class='ocrx_word' id='word_1_154' title='bbox 447 1299 602 1338; x_wconf 86' lang='lat' dir='ltr'>Patrum</span> <span class='ocrx_word' id='word_1_155' title='bbox 638 1298 852 1336; x_wconf 86' lang='lat' dir='ltr'>testimonia</span> <span class='ocrx_word' id='word_1_156' title='bbox 881 1297 1018 1348; x_wconf 87' lang='lat' dir='ltr'>opponi</span> <span class='ocrx_word' id='word_1_157' title='bbox 1061 1294 1238 1333; x_wconf 88' lang='lat' dir='ltr'>videntur</span> <span class='ocrx_word' id='word_1_158' title='bbox 1260 1323 1270 1341; x_wconf 83' lang='lat'>,</span> 
     </span>
     <span class='ocr_line' id='line_1_24' title="bbox 156 1351 1270 1407; baseline -0.007 -16"><span class='ocrx_word' id='word_1_159' title='bbox 156 1356 225 1407; x_wconf 85' lang='lat' dir='ltr'>qui</span> <span class='ocrx_word' id='word_1_160' title='bbox 254 1355 542 1393; x_wconf 82' lang='lat' dir='ltr'>Sacramentum</span> <span class='ocrx_word' id='word_1_161' title='bbox 563 1353 743 1403; x_wconf 80' lang='lat' dir='ltr'>baptismi</span> <span class='ocrx_word' id='word_1_162' title='bbox 772 1351 949 1388; x_wconf 86' lang='lat' dir='ltr'>duntaxat</span> <span class='ocrx_word' id='word_1_163' title='bbox 980 1357 1059 1400; x_wconf 85' lang='lat' dir='ltr'>post</span> <span class='ocrx_word' id='word_1_164' title='bbox 1088 1361 1195 1385; x_wconf 89' lang='lat' dir='ltr'>suam</span> <span class='ocrx_word' id='word_1_165' title='bbox 1214 1360 1270 1383; x_wconf 88' lang='lat' dir='ltr'>re·</span> 
     </span>
     <span class='ocr_line' id='line_1_25' title="bbox 155 1400 1269 1449; baseline -0.008 -4"><span class='ocrx_word' id='word_1_166' title='bbox 155 1409 422 1446; x_wconf 80' lang='lat' dir='ltr'>surrectionem</span> <span class='ocrx_word' id='word_1_167' title='bbox 452 1422 473 1443; x_wconf 86' lang='lat' dir='ltr'>a</span> <span class='ocrx_word' id='word_1_168' title='bbox 501 1405 649 1443; x_wconf 88' lang='lat' dir='ltr'>Christo</span> <span class='ocrx_word' id='word_1_169' title='bbox 677 1405 887 1441; x_wconf 85' lang='lat' dir='ltr'>institutum</span> <span class='ocrx_word' id='word_1_170' title='bbox 919 1403 1032 1439; x_wconf 85' lang='lat' dir='ltr'>fuisse</span> <span class='ocrx_word' id='word_1_171' title='bbox 1050 1430 1060 1449; x_wconf 91' lang='lat'><em>‚</em></span> <span class='ocrx_word' id='word_1_172' title='bbox 1107 1400 1238 1438; x_wconf 85' lang='lat' dir='ltr'>dicunt</span> <span class='ocrx_word' id='word_1_173' title='bbox 1260 1426 1269 1436; x_wconf 92' lang='lat'><strong>.</strong></span> 
     </span>
     <span class='ocr_line' id='line_1_26' title="bbox 154 1454 1271 1509; baseline -0.007 -11"><span class='ocrx_word' id='word_1_174' title='bbox 154 1462 218 1499; x_wconf 90' lang='lat' dir='ltr'>Sic</span> <span class='ocrx_word' id='word_1_175' title='bbox 248 1461 288 1497; x_wconf 90' lang='lat' dir='ltr'>S.</span> <span class='ocrx_word' id='word_1_176' title='bbox 308 1461 387 1497; x_wconf 87' lang='lat' dir='ltr'>Leo</span> <span class='ocrx_word' id='word_1_177' title='bbox 416 1459 537 1509; x_wconf 81' lang='lat' dir='ltr'>Epist.</span> <span class='ocrx_word' id='word_1_178' title='bbox 559 1456 666 1494; x_wconf 83' lang='lat' dir='ltr'><strong>XVI.</strong></span> <span class='ocrx_word' id='word_1_179' title='bbox 697 1457 744 1493; x_wconf 86' lang='lat' dir='ltr'>ad</span> <span class='ocrx_word' id='word_1_180' title='bbox 762 1457 954 1493; x_wconf 85' lang='lat' dir='ltr'>universos</span> <span class='ocrx_word' id='word_1_181' title='bbox 983 1454 1190 1505; x_wconf 87' lang='lat' dir='ltr'>Episcopos</span> <span class='ocrx_word' id='word_1_182' title='bbox 1206 1466 1271 1504; x_wconf 85' lang='lat' dir='ltr'>per</span> 
     </span>
     <span class='ocr_line' id='line_1_27' title="bbox 153 1506 1271 1560; baseline -0.007 -10"><span class='ocrx_word' id='word_1_183' title='bbox 153 1512 327 1551; x_wconf 78' lang='lat' dir='ltr'>Siciliam</span> <span class='ocrx_word' id='word_1_184' title='bbox 357 1512 575 1549; x_wconf 85' lang='lat' dir='ltr'>constitutos</span> <span class='ocrx_word' id='word_1_185' title='bbox 604 1523 689 1560; x_wconf 87' lang='lat' dir='ltr'>cap.</span> <span class='ocrx_word' id='word_1_186' title='bbox 712 1508 750 1546; x_wconf 83' lang='grc'>5.</span> <span class='ocrx_word' id='word_1_187' title='bbox 786 1508 1011 1545; x_wconf 87' lang='lat' dir='ltr'>conveniens</span> <span class='ocrx_word' id='word_1_188' title='bbox 1041 1520 1118 1544; x_wconf 85' lang='lat' dir='ltr'>esse</span> <span class='ocrx_word' id='word_1_189' title='bbox 1147 1506 1271 1553; x_wconf 89' lang='lat' dir='ltr'>dicit,</span> 
     </span>
     <span class='ocr_line' id='line_1_28' title="bbox 155 1557 1272 1618; baseline -0.008 -14"><span class='ocrx_word' id='word_1_190' title='bbox 155 1565 326 1618; x_wconf 88' lang='lat' dir='ltr'>periculo</span> <span class='ocrx_word' id='word_1_191' title='bbox 356 1566 511 1613; x_wconf 79' lang='lat' dir='ltr'>mortis,</span> <span class='ocrx_word' id='word_1_192' title='bbox 559 1571 624 1600; x_wconf 87' lang='lat' dir='ltr'>aut</span> <span class='ocrx_word' id='word_1_193' title='bbox 653 1561 737 1598; x_wconf 86' lang='lat' dir='ltr'>aliis</span> <span class='ocrx_word' id='word_1_194' title='bbox 768 1560 1058 1599; x_wconf 83' lang='lat' dir='ltr'>circumstantiis</span> <span class='ocrx_word' id='word_1_195' title='bbox 1087 1557 1239 1595; x_wconf 78' lang='lat' dir='ltr'>seclusis</span> <span class='ocrx_word' id='word_1_196' title='bbox 1261 1588 1272 1606; x_wconf 86' lang='lat'>,</span> 
     </span>
     <span class='ocr_line' id='line_1_29' title="bbox 154 1613 1273 1672; baseline -0.01 -14"><span class='ocrx_word' id='word_1_197' title='bbox 154 1621 390 1672; x_wconf 87' lang='lat' dir='ltr'>baptismum</span> <span class='ocrx_word' id='word_1_198' title='bbox 421 1618 482 1655; x_wconf 92' lang='lat' dir='ltr'>die</span> <span class='ocrx_word' id='word_1_199' title='bbox 511 1615 700 1654; x_wconf 86' lang='lat' dir='ltr'>Paschatis</span> <span class='ocrx_word' id='word_1_200' title='bbox 730 1614 921 1659; x_wconf 84' lang='lat' dir='ltr'>conferri,</span> <span class='ocrx_word' id='word_1_201' title='bbox 954 1613 1046 1664; x_wconf 84' lang='lat' dir='ltr'>quia</span> <span class='ocrx_word' id='word_1_202' title='bbox 1074 1614 1162 1660; x_wconf 67' lang='lat' dir='ltr'>ipsu.</span> <span class='ocrx_word' id='word_1_203' title='bbox 1181 1624 1273 1661; x_wconf 88' lang='lat' dir='ltr'>ope·</span> 
     </span>
     <span class='ocr_line' id='line_1_30' title="bbox 154 1665 1273 1724; baseline -0.007 -16"><span class='ocrx_word' id='word_1_204' title='bbox 154 1678 209 1711; x_wconf 82' lang='lat' dir='ltr'>ris</span> <span class='ocrx_word' id='word_1_205' title='bbox 239 1673 410 1724; x_wconf 76' lang='lat' dir='ltr'>qualitas</span> <span class='ocrx_word' id='word_1_206' title='bbox 440 1671 551 1709; x_wconf 72' lang='lat' dir='ltr'>(locet</span> <span class='ocrx_word' id='word_1_207' title='bbox 582 1667 831 1708; x_wconf 64' lang='lat' dir='ltr'>celebrandae</span> <span class='ocrx_word' id='word_1_208' title='bbox 858 1665 1100 1719; x_wconf 78' lang='lat' dir='ltr'>generaliter</span> <span class='ocrx_word' id='word_1_209' title='bbox 1126 1668 1273 1716; x_wconf 67' lang='lat' dir='ltr'>gratiae</span> 
     </span>
     <span class='ocr_line' id='line_1_31' title="bbox 155 1718 1273 1776; baseline -0.012 -11"><span class='ocrx_word' id='word_1_210' title='bbox 155 1740 249 1765; x_wconf 79' lang='lat' dir='ltr'>eum</span> <span class='ocrx_word' id='word_1_211' title='bbox 278 1735 379 1764; x_wconf 73' lang='lat' dir='ltr'>esset</span> <span class='ocrx_word' id='word_1_212' title='bbox 409 1726 629 1776; x_wconf 81' lang='lat' dir='ltr'>legitimum</span> <span class='ocrx_word' id='word_1_213' title='bbox 658 1721 791 1769; x_wconf 80' lang='lat' dir='ltr'>diem,</span> <span class='ocrx_word' id='word_1_214' title='bbox 835 1724 876 1757; x_wconf 76' lang='lat' dir='ltr'>in</span> <span class='ocrx_word' id='word_1_215' title='bbox 905 1733 978 1770; x_wconf 76' lang='lat' dir='ltr'>quo</span> <span class='ocrx_word' id='word_1_216' title='bbox 1006 1728 1094 1756; x_wconf 74' lang='lat' dir='ltr'>orta,</span> <span class='ocrx_word' id='word_1_217' title='bbox 1138 1727 1196 1754; x_wconf 78' lang='lat' dir='ltr'>est</span> <span class='ocrx_word' id='word_1_218' title='bbox 1224 1718 1273 1757; x_wconf 56' lang='grc' dir='ltr'>ὥ)</span> 
     </span>
     <span class='ocr_line' id='line_1_32' title="bbox 160 1771 1273 1827; baseline -0.01 -9"><span class='ocrx_word' id='word_1_219' title='bbox 160 1785 276 1818; x_wconf 67' lang='lat' dir='ltr'>virtus</span> <span class='ocrx_word' id='word_1_220' title='bbox 306 1783 481 1817; x_wconf 81' lang='lat' dir='ltr'>muneris</span> <span class='ocrx_word' id='word_1_221' title='bbox 499 1809 509 1827; x_wconf 89' lang='lat'>,</span> <span class='ocrx_word' id='word_1_222' title='bbox 538 1778 587 1818; x_wconf 58' lang='grc' dir='ltr'>ἔθ’</span> <span class='ocrx_word' id='word_1_223' title='bbox 607 1778 755 1826; x_wconf 76' lang='lat' dir='ltr'>species</span> <span class='ocrx_word' id='word_1_224' title='bbox 771 1777 963 1820; x_wconf 77' lang='lat' dir='ltr'>actionis,</span> <span class='ocrx_word' id='word_1_225' title='bbox 993 1771 1146 1824; x_wconf 85' lang='lat' dir='ltr'>quando</span> <span class='ocrx_word' id='word_1_226' title='bbox 1166 1784 1273 1808; x_wconf 84' lang='lat' dir='ltr'>nem-</span> 
     </span>
     <span class='ocr_line' id='line_1_33' title="bbox 156 1823 1274 1886; baseline -0.011 -14"><span class='ocrx_word' id='word_1_227' title='bbox 156 1848 205 1886; x_wconf 87' lang='lat' dir='ltr'>pe</span> <span class='ocrx_word' id='word_1_228' title='bbox 236 1832 420 1885; x_wconf 82' lang='lat' dir='ltr'>Apostolis</span> <span class='ocrx_word' id='word_1_229' title='bbox 448 1831 617 1871; x_wconf 89' lang='lat' dir='ltr'>Christus</span> <span class='ocrx_word' id='word_1_230' title='bbox 647 1831 855 1882; x_wconf 64' lang='lat' dir='ltr'>praecepit:</span> <span class='ocrx_word' id='word_1_231' title='bbox 886 1825 1040 1864; x_wconf 72' lang='lat' dir='ltr'>Euntes</span> <span class='ocrx_word' id='word_1_232' title='bbox 1071 1823 1204 1862; x_wconf 78' lang='lat' dir='ltr'>docete</span> <span class='ocrx_word' id='word_1_233' title='bbox 1233 1837 1274 1862; x_wconf 84' lang='lat' dir='ltr'>o-</span> 
     </span>
     <span class='ocr_line' id='line_1_34' title="bbox 158 1881 953 1939; baseline -0.01 -14"><span class='ocrx_word' id='word_1_234' title='bbox 158 1899 273 1925; x_wconf 80' lang='lat' dir='ltr'>mnes</span> <span class='ocrx_word' id='word_1_235' title='bbox 301 1895 436 1939; x_wconf 77' lang='lat' dir='ltr'>gentes</span> <span class='ocrx_word' id='word_1_236' title='bbox 458 1915 468 1933; x_wconf 88' lang='lat'>‚</span> <span class='ocrx_word' id='word_1_237' title='bbox 498 1883 744 1934; x_wconf 74' lang='lat' dir='ltr'>baptizantes·</span> <span class='ocrx_word' id='word_1_238' title='bbox 773 1895 837 1919; x_wconf 80' lang='lat' dir='ltr'>eos</span> <span class='ocrx_word' id='word_1_239' title='bbox 866 1881 953 1921; x_wconf 58' lang='lat' dir='ltr'>&amp;a</span> 
     </span>
    </p>

    <p class='ocr_par' dir='ltr' id='par_1_3' title="bbox 159 1931 1284 2618">
     <span class='ocr_line' id='line_1_35' title="bbox 218 1931 1277 1991; baseline -0.008 -14"><span class='ocrx_word' id='word_1_240' title='bbox 218 1953 306 1991; x_wconf 86' lang='lat'><strong>107.</strong></span> <span class='ocrx_word' id='word_1_241' title='bbox 336 1939 609 1976; x_wconf 84' lang='lat' dir='ltr'>Verumtamen</span> <span class='ocrx_word' id='word_1_242' title='bbox 638 1938 666 1974; x_wconf 88' lang='lat' dir='ltr'>si</span> <span class='ocrx_word' id='word_1_243' title='bbox 685 1937 870 1985; x_wconf 87' lang='lat' dir='ltr'>integrum</span> <span class='ocrx_word' id='word_1_244' title='bbox 893 1933 990 1970; x_wconf 84' lang='lat' dir='ltr'>illud</span> <span class='ocrx_word' id='word_1_245' title='bbox 1019 1931 1277 1969; x_wconf 90' lang='lat' dir='ltr'>testimonium</span> 
     </span>
     <span class='ocr_line' id='line_1_36' title="bbox 159 1985 1278 2044; baseline -0.008 -13"><span class='ocrx_word' id='word_1_246' title='bbox 159 1993 368 2040; x_wconf 73' lang='lat' dir='ltr'>recitetur,</span> <span class='ocrx_word' id='word_1_247' title='bbox 411 1990 641 2044; x_wconf 80' lang='lat' dir='ltr'>apparebit,</span> <span class='ocrx_word' id='word_1_248' title='bbox 687 2001 763 2026; x_wconf 86' lang='lat' dir='ltr'>non</span> <span class='ocrx_word' id='word_1_249' title='bbox 793 1986 981 2024; x_wconf 85' lang='lat' dir='ltr'>infirmari</span> <span class='ocrx_word' id='word_1_250' title='bbox 1001 2015 1010 2030; x_wconf 82' lang='lat'>‚</span> <span class='ocrx_word' id='word_1_251' title='bbox 1062 1985 1123 2021; x_wconf 86' lang='lat' dir='ltr'>sed</span> <span class='ocrx_word' id='word_1_252' title='bbox 1154 1985 1278 2035; x_wconf 83' lang='lat' dir='ltr'>potins</span> 
     </span>
     <span class='ocr_line' id='line_1_37' title="bbox 159 2036 1278 2092; baseline -0.009 -7"><span class='ocrx_word' id='word_1_253' title='bbox 159 2045 383 2085; x_wconf 87' lang='lat' dir='ltr'>confirmari</span> <span class='ocrx_word' id='word_1_254' title='bbox 413 2044 638 2083; x_wconf 86' lang='lat' dir='ltr'>sententiam</span> <span class='ocrx_word' id='word_1_255' title='bbox 669 2041 896 2092; x_wconf 81' lang='lat' dir='ltr'>Augustini,</span> <span class='ocrx_word' id='word_1_256' title='bbox 926 2039 960 2075; x_wconf 74' lang='grc' dir='ltr'>ἃ</span> <span class='ocrx_word' id='word_1_257' title='bbox 990 2036 1153 2074; x_wconf 78' lang='lat' dir='ltr'>Thomae</span> <span class='ocrx_word' id='word_1_258' title='bbox 1172 2064 1182 2075; x_wconf 82' lang='lat'><strong>.</strong></span> <span class='ocrx_word' id='word_1_259' title='bbox 1226 2038 1278 2075; x_wconf 83' lang='lat' dir='ltr'>lta</span> 
     </span>
     <span class='ocr_line' id='line_1_38' title="bbox 161 2090 1278 2151; baseline -0.011 -13"><span class='ocrx_word' id='word_1_260' title='bbox 161 2098 263 2138; x_wconf 87' lang='lat' dir='ltr'>euim</span> <span class='ocrx_word' id='word_1_261' title='bbox 293 2099 533 2151; x_wconf 86' lang='lat' dir='ltr'>prosequitur</span> <span class='ocrx_word' id='word_1_262' title='bbox 562 2097 602 2135; x_wconf 92' lang='lat' dir='ltr'>S.</span> <span class='ocrx_word' id='word_1_263' title='bbox 632 2094 802 2132; x_wconf 84' lang='lat' dir='ltr'>Pontifex</span> <span class='ocrx_word' id='word_1_264' title='bbox 832 2094 877 2130; x_wconf 82' lang='lat' dir='ltr'>de</span> <span class='ocrx_word' id='word_1_265' title='bbox 910 2093 1059 2138; x_wconf 77' lang='lat' dir='ltr'>forma,</span> <span class='ocrx_word' id='word_1_266' title='bbox 1107 2090 1141 2125; x_wconf 71' lang='lat'>8&lt;</span> <span class='ocrx_word' id='word_1_267' title='bbox 1177 2099 1278 2141; x_wconf 86' lang='lat' dir='ltr'>pote-</span> 
     </span>
     <span class='ocr_line' id='line_1_39' title="bbox 161 2145 1281 2205; baseline -0.009 -14"><span class='ocrx_word' id='word_1_268' title='bbox 161 2162 252 2191; x_wconf 83' lang='lat' dir='ltr'>state</span> <span class='ocrx_word' id='word_1_269' title='bbox 281 2152 497 2205; x_wconf 78' lang='lat' dir='ltr'>baptizaudi</span> <span class='ocrx_word' id='word_1_270' title='bbox 527 2149 707 2202; x_wconf 86' lang='lat' dir='ltr'>loquens:</span> <span class='ocrx_word' id='word_1_271' title='bbox 749 2148 798 2185; x_wconf 69' lang='lat' dir='ltr'>&lt;le</span> <span class='ocrx_word' id='word_1_272' title='bbox 827 2159 900 2196; x_wconf 83' lang='lat' dir='ltr'>quo</span> <span class='ocrx_word' id='word_1_273' title='bbox 928 2149 1059 2195; x_wconf 77' lang='lat' dir='ltr'>utique</span> <span class='ocrx_word' id='word_1_274' title='bbox 1088 2157 1154 2182; x_wconf 84' lang='lat' dir='ltr'>eos</span> <span class='ocrx_word' id='word_1_275' title='bbox 1184 2145 1198 2193; x_wconf 93' lang='lat'><strong>(</strong></span> <span class='ocrx_word' id='word_1_276' title='bbox 1232 2145 1281 2181; x_wconf 84' lang='lat' dir='ltr'>A-</span> 
     </span>
     <span class='ocr_line' id='line_1_40' title="bbox 162 2201 1282 2259; baseline -0.008 -16"><span class='ocrx_word' id='word_1_277' title='bbox 162 2204 324 2259; x_wconf 86' lang='lat' dir='ltr'>postolos</span> <span class='ocrx_word' id='word_1_278' title='bbox 355 2207 368 2253; x_wconf 94' lang='lat'>)</span> <span class='ocrx_word' id='word_1_279' title='bbox 400 2209 525 2243; x_wconf 74' lang='lat' dir='ltr'>etiam</span> <span class='ocrx_word' id='word_1_280' title='bbox 542 2212 638 2241; x_wconf 79' lang='lat' dir='ltr'>ante</span> <span class='ocrx_word' id='word_1_281' title='bbox 667 2206 893 2253; x_wconf 80' lang='lat' dir='ltr'>passionem</span> <span class='ocrx_word' id='word_1_282' title='bbox 914 2202 1096 2251; x_wconf 70' lang='lat' dir='ltr'>potuisset</span> <span class='ocrx_word' id='word_1_283' title='bbox 1117 2201 1282 2234; x_wconf 79' lang='lat' dir='ltr'>instrue-</span> 
     </span>
     <span class='ocr_line' id='line_1_41' title="bbox 162 2253 1281 2311; baseline -0.01 -13"><span class='ocrx_word' id='word_1_284' title='bbox 162 2272 233 2308; x_wconf 82' lang='lat' dir='ltr'>re,</span> <span class='ocrx_word' id='word_1_285' title='bbox 262 2260 354 2311; x_wconf 89' lang='lat' dir='ltr'>quia</span> <span class='ocrx_word' id='word_1_286' title='bbox 369 2272 510 2309; x_wconf 88' lang='lat' dir='ltr'>nempe</span> <span class='ocrx_word' id='word_1_287' title='bbox 538 2257 618 2308; x_wconf 82' lang='lat' dir='ltr'>jam</span> <span class='ocrx_word' id='word_1_288' title='bbox 635 2255 926 2294; x_wconf 79' lang='lat' dir='ltr'>Sacramentum</span> <span class='ocrx_word' id='word_1_289' title='bbox 958 2253 1165 2290; x_wconf 86' lang='lat' dir='ltr'>institutum</span> <span class='ocrx_word' id='word_1_290' title='bbox 1183 2260 1281 2296; x_wconf 83' lang='lat' dir='ltr'>erat3</span> 
     </span>
     <span class='ocr_line' id='line_1_42' title="bbox 163 2308 1284 2364; baseline -0.009 -13"><span class='ocrx_word' id='word_1_291' title='bbox 163 2316 240 2351; x_wconf 78' lang='lat' dir='ltr'>nisi</span> <span class='ocrx_word' id='word_1_292' title='bbox 259 2315 412 2364; x_wconf 76' lang='lat' dir='ltr'>proprie</span> <span class='ocrx_word' id='word_1_293' title='bbox 442 2311 621 2350; x_wconf 59' lang='lat' dir='ltr'>voluisset</span> <span class='ocrx_word' id='word_1_294' title='bbox 636 2309 822 2360; x_wconf 73' lang='lat' dir='ltr'>intelligi,</span> <span class='ocrx_word' id='word_1_295' title='bbox 854 2308 1166 2358; x_wconf 72' lang='lat' dir='ltr'>regenerationis</span> <span class='ocrx_word' id='word_1_296' title='bbox 1187 2317 1284 2357; x_wconf 78' lang='lat' dir='ltr'>gra-</span> 
     </span>
     <span class='ocr_line' id='line_1_43' title="bbox 163 2358 1284 2411; baseline -0.01 -6"><span class='ocrx_word' id='word_1_297' title='bbox 163 2370 268 2405; x_wconf 76' lang='lat' dir='ltr'>tiam</span> <span class='ocrx_word' id='word_1_298' title='bbox 309 2379 361 2403; x_wconf 73' lang='lat' dir='ltr'>ex</span> <span class='ocrx_word' id='word_1_299' title='bbox 390 2378 465 2403; x_wconf 75' lang='lat' dir='ltr'>suu,</span> <span class='ocrx_word' id='word_1_300' title='bbox 507 2367 794 2402; x_wconf 80' lang='lat' dir='ltr'>resurrectione</span> <span class='ocrx_word' id='word_1_301' title='bbox 837 2363 1029 2411; x_wconf 77' lang='lat' dir='ltr'>coepisse.</span> <span class='ocrx_word' id='word_1_302' title='bbox 1078 2358 1135 2395; x_wconf 88' lang='lat' dir='ltr'>Eu</span> <span class='ocrx_word' id='word_1_303' title='bbox 1166 2366 1284 2395; x_wconf 83' lang='lat' dir='ltr'>totum</span> 
     </span>
     <span class='ocr_line' id='line_1_44' title="bbox 165 2410 1282 2472; baseline -0.007 -15"><span class='ocrx_word' id='word_1_304' title='bbox 165 2420 268 2472; x_wconf 84' lang='lat' dir='ltr'>quod</span> <span class='ocrx_word' id='word_1_305' title='bbox 297 2420 403 2457; x_wconf 85' lang='lat' dir='ltr'>docet</span> <span class='ocrx_word' id='word_1_306' title='bbox 432 2417 667 2470; x_wconf 77' lang='lat' dir='ltr'>Angelicus3</span> <span class='ocrx_word' id='word_1_307' title='bbox 708 2415 854 2454; x_wconf 85' lang='lat' dir='ltr'>scilicet</span> <span class='ocrx_word' id='word_1_308' title='bbox 883 2412 1005 2452; x_wconf 88' lang='lat' dir='ltr'>solum</span> <span class='ocrx_word' id='word_1_309' title='bbox 1035 2420 1115 2463; x_wconf 85' lang='lat' dir='ltr'>post</span> <span class='ocrx_word' id='word_1_310' title='bbox 1141 2410 1282 2449; x_wconf 82' lang='lat' dir='ltr'>Christi</span> 
     </span>
     <span class='ocr_line' id='line_1_45' title="bbox 164 2465 1282 2512; baseline -0.008 -2"><span class='ocrx_word' id='word_1_311' title='bbox 164 2473 477 2512; x_wconf 85' lang='lat' dir='ltr'>resurrectionem</span> <span class='ocrx_word' id='word_1_312' title='bbox 508 2471 689 2509; x_wconf 86' lang='lat' dir='ltr'>indictam</span> <span class='ocrx_word' id='word_1_313' title='bbox 720 2470 835 2507; x_wconf 82' lang='lat' dir='ltr'>fuisse</span> <span class='ocrx_word' id='word_1_314' title='bbox 864 2465 1087 2505; x_wconf 86' lang='lat' dir='ltr'>hominibus</span> <span class='ocrx_word' id='word_1_315' title='bbox 1124 2466 1282 2502; x_wconf 87' lang='lat' dir='ltr'>necessi-</span> 
     </span>
     <span class='ocr_line' id='line_1_46' title="bbox 165 2518 1282 2575; baseline -0.009 -11"><span class='ocrx_word' id='word_1_316' title='bbox 165 2535 283 2564; x_wconf 84' lang='lat' dir='ltr'>tatem</span> <span class='ocrx_word' id='word_1_317' title='bbox 302 2555 311 2572; x_wconf 86' lang='lat'>‚</span> <span class='ocrx_word' id='word_1_318' title='bbox 342 2538 379 2562; x_wconf 86' lang='lat' dir='ltr'>se</span> <span class='ocrx_word' id='word_1_319' title='bbox 407 2523 670 2575; x_wconf 83' lang='lat' dir='ltr'>configurandi</span> <span class='ocrx_word' id='word_1_320' title='bbox 699 2536 765 2575; x_wconf 87' lang='lat' dir='ltr'>per</span> <span class='ocrx_word' id='word_1_321' title='bbox 793 2522 1032 2573; x_wconf 84' lang='lat' dir='ltr'>baptismum</span> <span class='ocrx_word' id='word_1_322' title='bbox 1061 2520 1201 2567; x_wconf 86' lang='lat' dir='ltr'>morti,</span> <span class='ocrx_word' id='word_1_323' title='bbox 1249 2518 1282 2554; x_wconf 75' lang='lat'>8:</span> 
     </span>
     <span class='ocr_line' id='line_1_47' title="bbox 166 2577 632 2618; baseline -0.011 0"><span class='ocrx_word' id='word_1_324' title='bbox 166 2577 437 2618; x_wconf 77' lang='lat' dir='ltr'>resurrectioni</span> <span class='ocrx_word' id='word_1_325' title='bbox 465 2577 632 2614; x_wconf 88' lang='lat' dir='ltr'>Christi.</span> 
     </span>
    </p>

    <p class='ocr_par' dir='ltr' id='par_1_4' title="bbox 167 2624 1286 2898">
     <span class='ocr_line' id='line_1_48' title="bbox 228 2624 1283 2681; baseline -0.009 -11"><span class='ocrx_word' id='word_1_326' title='bbox 228 2631 313 2670; x_wconf 79' lang='lat'>108.</span> <span class='ocrx_word' id='word_1_327' title='bbox 343 2630 443 2669; x_wconf 79' lang='lat' dir='ltr'>Saue</span> <span class='ocrx_word' id='word_1_328' title='bbox 472 2630 528 2668; x_wconf 90' lang='lat' dir='ltr'>Jo.</span> <span class='ocrx_word' id='word_1_329' title='bbox 559 2630 627 2668; x_wconf 79' lang='grc' dir='ltr'><strong>ΙΙΙ.</strong></span> <span class='ocrx_word' id='word_1_330' title='bbox 660 2642 722 2668; x_wconf 85' lang='lat'>21.</span> <span class='ocrx_word' id='word_1_331' title='bbox 752 2643 830 2681; x_wconf 86' lang='lat' dir='ltr'>seq.</span> <span class='ocrx_word' id='word_1_332' title='bbox 860 2627 1049 2676; x_wconf 79' lang='lat' dir='ltr'>habetur,</span> <span class='ocrx_word' id='word_1_333' title='bbox 1092 2627 1222 2665; x_wconf 76' lang='lat' dir='ltr'>Jesum</span> <span class='ocrx_word' id='word_1_334' title='bbox 1250 2624 1283 2661; x_wconf 72' lang='lat'>8&lt;</span> 
     </span>
     <span class='ocr_line' id='line_1_49' title="bbox 167 2679 1283 2735; baseline -0.007 -11"><span class='ocrx_word' id='word_1_335' title='bbox 167 2683 389 2735; x_wconf 84' lang='lat' dir='ltr'>Discipulos</span> <span class='ocrx_word' id='word_1_336' title='bbox 417 2682 498 2734; x_wconf 76' lang='lat' dir='ltr'>ejus</span> <span class='ocrx_word' id='word_1_337' title='bbox 527 2682 778 2733; x_wconf 71' lang='lat' dir='ltr'>baptizasse;</span> <span class='ocrx_word' id='word_1_338' title='bbox 807 2683 840 2718; x_wconf 76' lang='grc'>8(</span> <span class='ocrx_word' id='word_1_339' title='bbox 864 2695 1013 2718; x_wconf 87' lang='lat' dir='ltr'>rursum</span> <span class='ocrx_word' id='word_1_340' title='bbox 1043 2695 1128 2732; x_wconf 89' lang='lat' dir='ltr'>cap.</span> <span class='ocrx_word' id='word_1_341' title='bbox 1148 2679 1214 2717; x_wconf 90' lang='lat' dir='ltr'>lV.</span> <span class='ocrx_word' id='word_1_342' title='bbox 1249 2693 1283 2716; x_wconf 89' lang='lat'>1.</span> 
     </span>
     <span class='ocr_line' id='line_1_50' title="bbox 168 2734 1283 2789; baseline -0.006 -14"><span class='ocrx_word' id='word_1_343' title='bbox 168 2752 247 2789; x_wconf 86' lang='lat' dir='ltr'>seq.</span> <span class='ocrx_word' id='word_1_344' title='bbox 276 2738 414 2774; x_wconf 86' lang='lat' dir='ltr'>dicitur</span> <span class='ocrx_word' id='word_1_345' title='bbox 435 2766 445 2784; x_wconf 77' lang='lat'>‚</span> <span class='ocrx_word' id='word_1_346' title='bbox 475 2737 576 2788; x_wconf 85' lang='lat' dir='ltr'>quod</span> <span class='ocrx_word' id='word_1_347' title='bbox 603 2736 715 2774; x_wconf 78' lang='lat' dir='ltr'>Jesus</span> <span class='ocrx_word' id='word_1_348' title='bbox 743 2736 899 2787; x_wconf 88' lang='lat' dir='ltr'>quidem</span> <span class='ocrx_word' id='word_1_349' title='bbox 929 2747 1011 2771; x_wconf 81' lang='lat' dir='ltr'>non</span> <span class='ocrx_word' id='word_1_350' title='bbox 1041 2734 1283 2785; x_wconf 70' lang='lat' dir='ltr'>baptizaret,</span> 
     </span>
     <span class='ocr_line' id='line_1_51' title="bbox 169 2786 1286 2841; baseline -0.006 -11"><span class='ocrx_word' id='word_1_351' title='bbox 169 2790 240 2830; x_wconf 80' lang='lat' dir='ltr'>sed</span> <span class='ocrx_word' id='word_1_352' title='bbox 273 2789 446 2841; x_wconf 77' lang='lat' dir='ltr'>discipuli</span> <span class='ocrx_word' id='word_1_353' title='bbox 475 2791 586 2841; x_wconf 82' lang='lat' dir='ltr'>ejus.</span> <span class='ocrx_word' id='word_1_354' title='bbox 644 2790 725 2828; x_wconf 92' lang='lat' dir='ltr'>Hoc</span> <span class='ocrx_word' id='word_1_355' title='bbox 768 2798 892 2826; x_wconf 81' lang='lat' dir='ltr'>autem</span> <span class='ocrx_word' id='word_1_356' title='bbox 924 2789 1055 2840; x_wconf 87' lang='lat' dir='ltr'>utique</span> <span class='ocrx_word' id='word_1_357' title='bbox 1097 2786 1181 2823; x_wconf 90' lang='lat' dir='ltr'>fieri</span> <span class='ocrx_word' id='word_1_358' title='bbox 1212 2797 1286 2823; x_wconf 87' lang='lat' dir='ltr'>uon</span> 
     </span>
     <span class='ocr_line' id='line_1_52' title="bbox 171 2837 1285 2898; baseline -0.006 -16"><span class='ocrx_word' id='word_1_359' title='bbox 171 2845 381 2897; x_wconf 80' lang='lat' dir='ltr'>potuisset,</span> <span class='ocrx_word' id='word_1_360' title='bbox 411 2844 577 2883; x_wconf 84' lang='lat' dir='ltr'>nondum</span> <span class='ocrx_word' id='word_1_361' title='bbox 592 2844 759 2883; x_wconf 82' lang='lat' dir='ltr'>instituto</span> <span class='ocrx_word' id='word_1_362' title='bbox 778 2843 966 2898; x_wconf 81' lang='lat' dir='ltr'>baptismo</span> <span class='ocrx_word' id='word_1_363' title='bbox 983 2868 993 2879; x_wconf 90' lang='lat'><strong>.</strong></span> <span class='ocrx_word' id='word_1_364' title='bbox 1024 2837 1285 2889; x_wconf 80' lang='lat' dir='ltr'>Quamobrem</span> 
     </span>
    </p>
   </div>
   <div class='ocr_carea' id='block_1_2' title="bbox 157 273 185 291">
    <p class='ocr_par' dir='ltr' id='par_1_5' title="bbox 157 273 185 291">
     <span class='ocr_line' id='line_1_53' title="bbox 157 273 185 291; baseline 0 0"><span class='ocrx_word' id='word_1_365' title='bbox 157 273 185 291; x_wconf 63' lang='lat'>55</span> 
     </span>
    </p>
   </div>
   <div class='ocr_carea' id='block_1_3' title="bbox 158 430 184 448">
    <p class='ocr_par' dir='ltr' id='par_1_6' title="bbox 158 430 184 448">
     <span class='ocr_line' id='line_1_54' title="bbox 158 430 184 448; baseline -0.038 0"><span class='ocrx_word' id='word_1_366' title='bbox 158 430 184 448; x_wconf 59' lang='grc' dir='ltr'>θ’</span> 
     </span>
    </p>
   </div>
   <div class='ocr_carea' id='block_1_4' title="bbox 156 589 183 662">
    <p class='ocr_par' dir='ltr' id='par_1_7' title="bbox 156 589 183 662">
     <span class='ocr_line' id='line_1_55' title="bbox 156 589 183 607; baseline 0 0"><span class='ocrx_word' id='word_1_367' title='bbox 156 589 183 607; x_wconf 69' lang='lat'>:⁵7</span> 
     </span>
     <span class='ocr_line' id='line_1_56' title="bbox 157 642 183 662; baseline 0.038 -1"><span class='ocrx_word' id='word_1_368' title='bbox 157 642 183 662; x_wconf 64' lang='lat'>²&gt;</span> 
     </span>
    </p>
   </div>
   <div class='ocr_carea' id='block_1_5' title="bbox 172 3009 1291 3382">
    <p class='ocr_par' dir='ltr' id='par_1_8' title="bbox 172 3009 1291 3382">
     <span class='ocr_line' id='line_1_57' title="bbox 220 3009 1284 3058; baseline -0.006 -13"><span class='ocrx_word' id='word_1_369' title='bbox 220 3017 267 3052; x_wconf 75' lang='lat' dir='ltr'>(a)</span> <span class='ocrx_word' id='word_1_370' title='bbox 293 3010 423 3052; x_wconf 67' lang='lat' dir='ltr'>Video,</span> <span class='ocrx_word' id='word_1_371' title='bbox 451 3013 492 3044; x_wconf 86' lang='lat' dir='ltr'>ab</span> <span class='ocrx_word' id='word_1_372' title='bbox 519 3013 696 3056; x_wconf 78' lang='lat' dir='ltr'>aliquibus</span> <span class='ocrx_word' id='word_1_373' title='bbox 724 3014 866 3058; x_wconf 76' lang='lat' dir='ltr'>allegari</span> <span class='ocrx_word' id='word_1_374' title='bbox 883 3009 1110 3047; x_wconf 81' lang='lat' dir='ltr'>Melchiorem</span> <span class='ocrx_word' id='word_1_375' title='bbox 1125 3009 1284 3048; x_wconf 78' lang='lat' dir='ltr'>Canum,</span> 
     </span>
     <span class='ocr_line' id='line_1_58' title="bbox 172 3055 1284 3105; baseline -0.005 -12"><span class='ocrx_word' id='word_1_376' title='bbox 172 3060 273 3105; x_wconf 75' lang='lat' dir='ltr'>quasi</span> <span class='ocrx_word' id='word_1_377' title='bbox 306 3058 348 3091; x_wconf 75' lang='lat' dir='ltr'>ab</span> <span class='ocrx_word' id='word_1_378' title='bbox 374 3058 438 3091; x_wconf 82' lang='lat' dir='ltr'>hac</span> <span class='ocrx_word' id='word_1_379' title='bbox 474 3059 630 3102; x_wconf 83' lang='lat' dir='ltr'>opinione</span> <span class='ocrx_word' id='word_1_380' title='bbox 665 3061 808 3093; x_wconf 83' lang='lat' dir='ltr'>minime</span> <span class='ocrx_word' id='word_1_381' title='bbox 846 3061 998 3093; x_wconf 81' lang='lat' dir='ltr'>alienum</span> <span class='ocrx_word' id='word_1_382' title='bbox 1026 3056 1102 3090; x_wconf 82' lang='lat' dir='ltr'>Lib.</span> <span class='ocrx_word' id='word_1_383' title='bbox 1122 3055 1215 3087; x_wconf 87' lang='lat' dir='ltr'>Vlll.</span> <span class='ocrx_word' id='word_1_384' title='bbox 1242 3057 1284 3087; x_wconf 83' lang='lat' dir='ltr'>de</span> 
     </span>
     <span class='ocr_line' id='line_1_59' title="bbox 173 3100 1285 3150; baseline -0.008 -10"><span class='ocrx_word' id='word_1_385' title='bbox 173 3109 263 3140; x_wconf 80' lang='lat' dir='ltr'>Iocis</span> <span class='ocrx_word' id='word_1_386' title='bbox 287 3104 406 3138; x_wconf 79' lang='lat' dir='ltr'>leeol.</span> <span class='ocrx_word' id='word_1_387' title='bbox 434 3115 508 3148; x_wconf 79' lang='lat' dir='ltr'>cap.</span> <span class='ocrx_word' id='word_1_388' title='bbox 530 3105 590 3144; x_wconf 87' lang='lat'>5.;</span> <span class='ocrx_word' id='word_1_389' title='bbox 632 3104 690 3138; x_wconf 85' lang='lat' dir='ltr'>sed</span> <span class='ocrx_word' id='word_1_390' title='bbox 715 3107 774 3150; x_wconf 83' lang='lat' dir='ltr'>qni</span> <span class='ocrx_word' id='word_1_391' title='bbox 800 3106 971 3139; x_wconf 77' lang='lat' dir='ltr'>eximium</span> <span class='ocrx_word' id='word_1_392' title='bbox 1009 3102 1103 3135; x_wconf 84' lang='lat' dir='ltr'>hunc</span> <span class='ocrx_word' id='word_1_393' title='bbox 1129 3100 1285 3133; x_wconf 83' lang='lat' dir='ltr'>Theolo-</span> 
     </span>
     <span class='ocr_line' id='line_1_60' title="bbox 174 3147 1290 3197; baseline -0.005 -11"><span class='ocrx_word' id='word_1_394' title='bbox 174 3165 257 3197; x_wconf 80' lang='lat' dir='ltr'>gum</span> <span class='ocrx_word' id='word_1_395' title='bbox 283 3160 414 3184; x_wconf 82' lang='lat' dir='ltr'>attente</span> <span class='ocrx_word' id='word_1_396' title='bbox 441 3151 586 3194; x_wconf 82' lang='lat' dir='ltr'>legerit,</span> <span class='ocrx_word' id='word_1_397' title='bbox 613 3151 713 3183; x_wconf 83' lang='lat' dir='ltr'>facile</span> <span class='ocrx_word' id='word_1_398' title='bbox 740 3153 930 3196; x_wconf 80' lang='lat' dir='ltr'>comperiet</span> <span class='ocrx_word' id='word_1_399' title='bbox 950 3173 961 3191; x_wconf 85' lang='lat'>‚</span> <span class='ocrx_word' id='word_1_400' title='bbox 986 3161 1065 3182; x_wconf 88' lang='lat' dir='ltr'>eum</span> <span class='ocrx_word' id='word_1_401' title='bbox 1091 3147 1201 3181; x_wconf 85' lang='lat' dir='ltr'>solum</span> <span class='ocrx_word' id='word_1_402' title='bbox 1229 3159 1290 3180; x_wconf 81' lang='lat' dir='ltr'>vo-</span> 
     </span>
     <span class='ocr_line' id='line_1_61' title="bbox 177 3192 1290 3241; baseline -0.006 -9"><span class='ocrx_word' id='word_1_403' title='bbox 177 3200 285 3232; x_wconf 82' lang='lat' dir='ltr'>luisse</span> <span class='ocrx_word' id='word_1_404' title='bbox 301 3220 311 3238; x_wconf 92' lang='lat'>‚</span> <span class='ocrx_word' id='word_1_405' title='bbox 337 3196 427 3230; x_wconf 76' lang='lat' dir='ltr'>hanc</span> <span class='ocrx_word' id='word_1_406' title='bbox 452 3198 680 3241; x_wconf 67' lang='lat' dir='ltr'>quaestione-tn</span> <span class='ocrx_word' id='word_1_407' title='bbox 695 3198 840 3231; x_wconf 85' lang='lat' dir='ltr'>minime</span> <span class='ocrx_word' id='word_1_408' title='bbox 866 3196 907 3230; x_wconf 83' lang='lat' dir='ltr'>ad</span> <span class='ocrx_word' id='word_1_409' title='bbox 926 3195 1092 3240; x_wconf 83' lang='lat' dir='ltr'>dogmata</span> <span class='ocrx_word' id='word_1_410' title='bbox 1119 3192 1196 3226; x_wconf 77' lang='lat' dir='ltr'>fidei</span> <span class='ocrx_word' id='word_1_411' title='bbox 1212 3205 1290 3238; x_wconf 87' lang='lat' dir='ltr'>per-</span> 
     </span>
     <span class='ocr_line' id='line_1_62' title="bbox 174 3243 1289 3288; baseline -0.006 -9"><span class='ocrx_word' id='word_1_412' title='bbox 174 3246 285 3279; x_wconf 81' lang='lat' dir='ltr'>tinere</span> <span class='ocrx_word' id='word_1_413' title='bbox 301 3265 312 3284; x_wconf 86' lang='lat'>‚</span> <span class='ocrx_word' id='word_1_414' title='bbox 346 3255 408 3288; x_wconf 84' lang='lat' dir='ltr'>pro</span> <span class='ocrx_word' id='word_1_415' title='bbox 432 3243 558 3288; x_wconf 86' lang='lat' dir='ltr'>quibus</span> <span class='ocrx_word' id='word_1_416' title='bbox 584 3247 685 3275; x_wconf 77' lang='lat' dir='ltr'>etiam</span> <span class='ocrx_word' id='word_1_417' title='bbox 711 3257 782 3276; x_wconf 79' lang='lat' dir='ltr'>cnm</span> <span class='ocrx_word' id='word_1_418' title='bbox 809 3248 879 3276; x_wconf 77' lang='lat' dir='ltr'>vitae</span> <span class='ocrx_word' id='word_1_419' title='bbox 905 3245 1107 3275; x_wconf 75' lang='lat' dir='ltr'>discrimine</span> <span class='ocrx_word' id='word_1_420' title='bbox 1134 3251 1289 3283; x_wconf 77' lang='lat' dir='ltr'>pugnan-</span> 
     </span>
     <span class='ocr_line' id='line_1_63' title="bbox 174 3287 1290 3334; baseline -0.005 -10"><span class='ocrx_word' id='word_1_421' title='bbox 174 3290 259 3324; x_wconf 89' lang='lat' dir='ltr'>dum</span> <span class='ocrx_word' id='word_1_422' title='bbox 284 3299 360 3330; x_wconf 87' lang='lat' dir='ltr'>est,</span> <span class='ocrx_word' id='word_1_423' title='bbox 385 3288 443 3322; x_wconf 87' lang='lat' dir='ltr'>sed</span> <span class='ocrx_word' id='word_1_424' title='bbox 469 3288 512 3322; x_wconf 84' lang='lat' dir='ltr'>ad</span> <span class='ocrx_word' id='word_1_425' title='bbox 536 3289 714 3334; x_wconf 84' lang='lat' dir='ltr'>opiniones</span> <span class='ocrx_word' id='word_1_426' title='bbox 741 3289 960 3327; x_wconf 75' lang='lat' dir='ltr'>scholarum,</span> <span class='ocrx_word' id='word_1_427' title='bbox 988 3299 1049 3331; x_wconf 79' lang='lat' dir='ltr'>pro</span> <span class='ocrx_word' id='word_1_428' title='bbox 1076 3287 1290 3330; x_wconf 80' lang='lat' dir='ltr'>quibusper-</span> 
     </span>
     <span class='ocr_line' id='line_1_64' title="bbox 176 3330 1291 3382; baseline -0.004 -11"><span class='ocrx_word' id='word_1_429' title='bbox 176 3337 317 3377; x_wconf 82' lang='lat' dir='ltr'>mittit,</span> <span class='ocrx_word' id='word_1_430' title='bbox 342 3345 379 3370; x_wconf 88' lang='lat' dir='ltr'>ut</span> <span class='ocrx_word' id='word_1_431' title='bbox 407 3337 451 3370; x_wconf 83' lang='lat' dir='ltr'>sit</span> <span class='ocrx_word' id='word_1_432' title='bbox 475 3348 586 3380; x_wconf 78' lang='lat' dir='ltr'>pugna</span> <span class='ocrx_word' id='word_1_433' title='bbox 606 3356 616 3375; x_wconf 77' lang='lat'><em>2</em></span> <span class='ocrx_word' id='word_1_434' title='bbox 644 3339 674 3369; x_wconf 84' lang='lat' dir='ltr'>si</span> <span class='ocrx_word' id='word_1_435' title='bbox 701 3338 813 3382; x_wconf 76' lang='lat' dir='ltr'>placet</span> <span class='ocrx_word' id='word_1_436' title='bbox 829 3357 838 3375; x_wconf 67' lang='lat'><strong>³</strong></span> <span class='ocrx_word' id='word_1_437' title='bbox 868 3336 927 3368; x_wconf 71' lang='lat' dir='ltr'>secl</span> <span class='ocrx_word' id='word_1_438' title='bbox 946 3330 1128 3368; x_wconf 67' lang='lat' dir='ltr'>&#39;incruenta</span> <span class='ocrx_word' id='word_1_439' title='bbox 1146 3355 1154 3364; x_wconf 78' lang='lat'><strong>·</strong></span> <span class='ocrx_word' id='word_1_440' title='bbox 1196 3333 1291 3367; x_wconf 80' lang='lat' dir='ltr'>Dicit</span> 
     </span>
    </p>
   </div>
   <div class='ocr_carea' id='block_1_6' title="bbox 988 96 1618 143">
    <p class='ocr_par' dir='ltr' id='par_1_9' title="bbox 988 96 1618 143">
     <span class='ocr_line' id='line_1_65' title="bbox 988 96 1618 143; baseline -0.008 0"><span class='ocrx_word' id='word_1_441' title='bbox 988 99 1084 143; x_wconf 84' lang='lat' dir='ltr'>DIS</span> <span class='ocrx_word' id='word_1_442' title='bbox 1094 97 1257 142; x_wconf 72' lang='lat' dir='ltr'><strong>SERT.</strong></span> <span class='ocrx_word' id='word_1_443' title='bbox 1281 97 1358 141; x_wconf 82' lang='grc' dir='ltr'><strong>ΙΙΙ.</strong></span> <span class='ocrx_word' id='word_1_444' title='bbox 1393 96 1618 141; x_wconf 74' lang='lat' dir='ltr'><strong>CAP.1V‚</strong></span> 
     </span>
    </p>
   </div>
   <div class='ocr_carea' id='block_1_7' title="bbox 1334 172 2477 2923">
    <p class='ocr_par' dir='ltr' id='par_1_10' title="bbox 1335 172 2458 440">
     <span class='ocr_line' id='line_1_66' title="bbox 1337 172 2451 221; baseline -0.002 -6"><span class='ocrx_word' id='word_1_445' title='bbox 1337 177 1386 215; x_wconf 83' lang='lat' dir='ltr'>ad</span> <span class='ocrx_word' id='word_1_446' title='bbox 1413 176 1671 215; x_wconf 74' lang='lat' dir='ltr'>conciliandos</span> <span class='ocrx_word' id='word_1_447' title='bbox 1701 173 1766 212; x_wconf 81' lang='lat' dir='ltr'>hos</span> <span class='ocrx_word' id='word_1_448' title='bbox 1795 181 1914 212; x_wconf 77' lang='lat' dir='ltr'>textus</span> <span class='ocrx_word' id='word_1_449' title='bbox 1932 203 1941 221; x_wconf 87' lang='lat'>‚</span> <span class='ocrx_word' id='word_1_450' title='bbox 1990 173 2024 210; x_wconf 67' lang='lat'>8&lt;</span> <span class='ocrx_word' id='word_1_451' title='bbox 2054 172 2167 212; x_wconf 82' lang='lat' dir='ltr'>etiam</span> <span class='ocrx_word' id='word_1_452' title='bbox 2209 181 2354 212; x_wconf 81' lang='lat' dir='ltr'>sanctos</span> <span class='ocrx_word' id='word_1_453' title='bbox 2383 173 2451 214; x_wconf 72' lang='lat' dir='ltr'>Pa-</span> 
     </span>
     <span class='ocr_line' id='line_1_67' title="bbox 1336 227 2454 280; baseline -0.003 -12"><span class='ocrx_word' id='word_1_454' title='bbox 1336 241 1406 268; x_wconf 86' lang='lat' dir='ltr'>tres</span> <span class='ocrx_word' id='word_1_455' title='bbox 1422 260 1432 278; x_wconf 86' lang='lat'>‚</span> <span class='ocrx_word' id='word_1_456' title='bbox 1461 230 1666 267; x_wconf 78' lang='lat' dir='ltr'>dicendum</span> <span class='ocrx_word' id='word_1_457' title='bbox 1685 230 1755 266; x_wconf 84' lang='lat' dir='ltr'>erit</span> <span class='ocrx_word' id='word_1_458' title='bbox 1771 258 1781 276; x_wconf 85' lang='lat'>‚</span> <span class='ocrx_word' id='word_1_459' title='bbox 1814 235 2050 280; x_wconf 73' lang='lat' dir='ltr'>praeceptum</span> <span class='ocrx_word' id='word_1_460' title='bbox 2066 227 2283 279; x_wconf 81' lang='lat' dir='ltr'>baptizandi</span> <span class='ocrx_word' id='word_1_461' title='bbox 2303 242 2324 264; x_wconf 89' lang='lat' dir='ltr'>a</span> <span class='ocrx_word' id='word_1_462' title='bbox 2340 227 2454 265; x_wconf 74' lang='lat' dir='ltr'>Chri-</span> 
     </span>
     <span class='ocr_line' id='line_1_68' title="bbox 1335 281 2458 333; baseline -0.004 -12"><span class='ocrx_word' id='word_1_463' title='bbox 1335 294 1389 321; x_wconf 80' lang='lat' dir='ltr'>sto</span> <span class='ocrx_word' id='word_1_464' title='bbox 1417 285 1547 320; x_wconf 88' lang='lat' dir='ltr'>datum</span> <span class='ocrx_word' id='word_1_465' title='bbox 1580 281 1763 332; x_wconf 66' lang='lat' dir='ltr'>Apostolis</span> <span class='ocrx_word' id='word_1_466' title='bbox 1794 290 1872 333; x_wconf 88' lang='lat' dir='ltr'>post</span> <span class='ocrx_word' id='word_1_467' title='bbox 1901 295 2007 318; x_wconf 88' lang='lat' dir='ltr'>suam</span> <span class='ocrx_word' id='word_1_468' title='bbox 2039 282 2348 319; x_wconf 87' lang='lat' dir='ltr'>resurrectionem</span> <span class='ocrx_word' id='word_1_469' title='bbox 2380 294 2458 317; x_wconf 81' lang='lat' dir='ltr'>esse</span> 
     </span>
     <span class='ocr_line' id='line_1_69' title="bbox 1335 333 2454 387; baseline -0.004 -13"><span class='ocrx_word' id='word_1_470' title='bbox 1335 336 1624 387; x_wconf 74' lang='lat' dir='ltr'>intelligewlum</span> <span class='ocrx_word' id='word_1_471' title='bbox 1655 335 1700 371; x_wconf 85' lang='lat' dir='ltr'>de</span> <span class='ocrx_word' id='word_1_472' title='bbox 1721 334 1955 386; x_wconf 78' lang='lat' dir='ltr'>baptizandis</span> <span class='ocrx_word' id='word_1_473' title='bbox 1985 336 2099 372; x_wconf 83' lang='lat' dir='ltr'>etiam</span> <span class='ocrx_word' id='word_1_474' title='bbox 2129 333 2331 385; x_wconf 86' lang='lat' dir='ltr'>gentibus,</span> <span class='ocrx_word' id='word_1_475' title='bbox 2362 347 2454 371; x_wconf 89' lang='lat' dir='ltr'>cum</span> 
     </span>
     <span class='ocr_line' id='line_1_70' title="bbox 1337 387 2111 440; baseline 0 -15"><span class='ocrx_word' id='word_1_476' title='bbox 1337 392 1443 440; x_wconf 86' lang='lat' dir='ltr'>prius</span> <span class='ocrx_word' id='word_1_477' title='bbox 1473 388 1619 424; x_wconf 73' lang='lat' dir='ltr'>nonnisi</span> <span class='ocrx_word' id='word_1_478' title='bbox 1649 387 1774 424; x_wconf 77' lang='lat' dir='ltr'>Judaei</span> <span class='ocrx_word' id='word_1_479' title='bbox 1804 388 2111 438; x_wconf 81' lang='lat' dir='ltr'>baptizarentur.</span> 
     </span>
    </p>

    <p class='ocr_par' dir='ltr' id='par_1_11' title="bbox 1334 439 2466 1393">
     <span class='ocr_line' id='line_1_71' title="bbox 1397 439 2456 492; baseline 0 -15"><span class='ocrx_word' id='word_1_480' title='bbox 1397 454 1481 490; x_wconf 72' lang='lat'>¹09·</span> <span class='ocrx_word' id='word_1_481' title='bbox 1512 440 1585 477; x_wconf 82' lang='lat' dir='ltr'>Sed</span> <span class='ocrx_word' id='word_1_482' title='bbox 1615 448 1800 489; x_wconf 82' lang='lat' dir='ltr'>quantum</span> <span class='ocrx_word' id='word_1_483' title='bbox 1829 441 1876 476; x_wconf 84' lang='lat' dir='ltr'>ad</span> <span class='ocrx_word' id='word_1_484' title='bbox 1906 439 2007 478; x_wconf 82' lang='lat' dir='ltr'>hunc</span> <span class='ocrx_word' id='word_1_485' title='bbox 2037 441 2275 492; x_wconf 80' lang='lat' dir='ltr'>baptismum</span> <span class='ocrx_word' id='word_1_486' title='bbox 2298 470 2308 488; x_wconf 87' lang='lat'>,</span> <span class='ocrx_word' id='word_1_487' title='bbox 2338 454 2456 491; x_wconf 86' lang='lat' dir='ltr'>quem</span> 
     </span>
     <span class='ocr_line' id='line_1_72' title="bbox 1334 490 2456 543; baseline 0 -13"><span class='ocrx_word' id='word_1_488' title='bbox 1334 493 1472 530; x_wconf 78' lang='lat' dir='ltr'>Christi</span> <span class='ocrx_word' id='word_1_489' title='bbox 1514 490 1695 541; x_wconf 79' lang='lat' dir='ltr'>discipuli</span> <span class='ocrx_word' id='word_1_490' title='bbox 1724 491 1867 529; x_wconf 80' lang='lat' dir='ltr'>Judaeis</span> <span class='ocrx_word' id='word_1_491' title='bbox 1904 494 2177 543; x_wconf 81' lang='lat' dir='ltr'>conferebant,</span> <span class='ocrx_word' id='word_1_492' title='bbox 2224 494 2456 531; x_wconf 84' lang='lat' dir='ltr'>contendunt</span> 
     </span>
     <span class='ocr_line' id='line_1_73' title="bbox 1336 544 2457 594; baseline -0.001 -11"><span class='ocrx_word' id='word_1_493' title='bbox 1336 547 1504 583; x_wconf 65' lang='lat' dir='ltr'>adversm</span> <span class='ocrx_word' id='word_1_494' title='bbox 1536 544 1728 581; x_wconf 66' lang='lat' dir='ltr'>sententiae</span> <span class='ocrx_word' id='word_1_495' title='bbox 1751 544 1924 594; x_wconf 79' lang='lat' dir='ltr'>patroni,</span> <span class='ocrx_word' id='word_1_496' title='bbox 1955 560 2043 583; x_wconf 87' lang='lat' dir='ltr'>eum</span> <span class='ocrx_word' id='word_1_497' title='bbox 2073 560 2147 584; x_wconf 85' lang='lat' dir='ltr'>non</span> <span class='ocrx_word' id='word_1_498' title='bbox 2178 547 2292 585; x_wconf 84' lang='lat' dir='ltr'>fuisse</span> <span class='ocrx_word' id='word_1_499' title='bbox 2321 559 2457 585; x_wconf 87' lang='lat' dir='ltr'>verum</span> 
     </span>
     <span class='ocr_line' id='line_1_74' title="bbox 1336 597 2458 650; baseline 0.002 -15"><span class='ocrx_word' id='word_1_500' title='bbox 1336 598 1478 635; x_wconf 86' lang='lat' dir='ltr'>Christi</span> <span class='ocrx_word' id='word_1_501' title='bbox 1506 597 1797 635; x_wconf 71' lang='lat' dir='ltr'>Sacramentum</span> <span class='ocrx_word' id='word_1_502' title='bbox 1815 626 1824 643; x_wconf 88' lang='lat'>‚</span> <span class='ocrx_word' id='word_1_503' title='bbox 1855 598 1918 634; x_wconf 82' lang='lat' dir='ltr'>sed</span> <span class='ocrx_word' id='word_1_504' title='bbox 1948 600 2072 649; x_wconf 87' lang='lat' dir='ltr'>ipsum</span> <span class='ocrx_word' id='word_1_505' title='bbox 2090 599 2326 650; x_wconf 86' lang='lat' dir='ltr'>baptismum</span> <span class='ocrx_word' id='word_1_506' title='bbox 2341 599 2458 637; x_wconf 79' lang='lat' dir='ltr'>Joan·</span> 
     </span>
     <span class='ocr_line' id='line_1_75' title="bbox 1339 650 2462 704; baseline 0.001 -16"><span class='ocrx_word' id='word_1_507' title='bbox 1339 653 1394 689; x_wconf 87' lang='lat' dir='ltr'>nis</span> <span class='ocrx_word' id='word_1_508' title='bbox 1413 682 1423 697; x_wconf 82' lang='lat'>‚</span> <span class='ocrx_word' id='word_1_509' title='bbox 1466 664 1581 702; x_wconf 82' lang='lat' dir='ltr'>quem</span> <span class='ocrx_word' id='word_1_510' title='bbox 1613 662 1726 701; x_wconf 81' lang='lat' dir='ltr'>supra</span> <span class='ocrx_word' id='word_1_511' title='bbox 1754 650 1986 687; x_wconf 81' lang='lat' dir='ltr'>ostendimus</span> <span class='ocrx_word' id='word_1_512' title='bbox 2015 652 2206 697; x_wconf 68' lang='lat' dir='ltr'>num.44.</span> <span class='ocrx_word' id='word_1_513' title='bbox 2236 666 2314 704; x_wconf 84' lang='lat' dir='ltr'>seq.</span> <span class='ocrx_word' id='word_1_514' title='bbox 2346 653 2462 690; x_wconf 75' lang='lat' dir='ltr'>fuisse</span> 
     </span>
     <span class='ocr_line' id='line_1_76' title="bbox 1338 701 2462 754; baseline 0.002 -13"><span class='ocrx_word' id='word_1_515' title='bbox 1338 719 1360 741; x_wconf 83' lang='lat' dir='ltr'>a</span> <span class='ocrx_word' id='word_1_516' title='bbox 1387 701 1528 742; x_wconf 83' lang='lat' dir='ltr'>Christi</span> <span class='ocrx_word' id='word_1_517' title='bbox 1557 704 1746 754; x_wconf 84' lang='lat' dir='ltr'>baptismo</span> <span class='ocrx_word' id='word_1_518' title='bbox 1775 703 1969 739; x_wconf 86' lang='lat' dir='ltr'>diversum</span> <span class='ocrx_word' id='word_1_519' title='bbox 1992 728 2002 739; x_wconf 93' lang='lat'><strong>.</strong></span> <span class='ocrx_word' id='word_1_520' title='bbox 2035 703 2166 754; x_wconf 84' lang='lat' dir='ltr'>Aliqui</span> <span class='ocrx_word' id='word_1_521' title='bbox 2198 705 2302 740; x_wconf 80' lang='lat' dir='ltr'>enirn</span> <span class='ocrx_word' id='word_1_522' title='bbox 2332 705 2462 742; x_wconf 75' lang='lat' dir='ltr'>Patres</span> 
     </span>
     <span class='ocr_line' id='line_1_77' title="bbox 1335 754 2458 809; baseline 0 -14"><span class='ocrx_word' id='word_1_523' title='bbox 1335 766 1463 809; x_wconf 86' lang='lat' dir='ltr'>aperte</span> <span class='ocrx_word' id='word_1_524' title='bbox 1493 758 1683 804; x_wconf 74' lang='lat' dir='ltr'>innuunt,</span> <span class='ocrx_word' id='word_1_525' title='bbox 1715 769 1848 792; x_wconf 86' lang='lat' dir='ltr'>verum</span> <span class='ocrx_word' id='word_1_526' title='bbox 1869 754 2007 793; x_wconf 85' lang='lat' dir='ltr'>Christi</span> <span class='ocrx_word' id='word_1_527' title='bbox 2039 755 2275 806; x_wconf 81' lang='lat' dir='ltr'>baptismum</span> <span class='ocrx_word' id='word_1_528' title='bbox 2305 770 2378 794; x_wconf 88' lang='lat' dir='ltr'>non</span> <span class='ocrx_word' id='word_1_529' title='bbox 2400 759 2458 796; x_wconf 90' lang='lat' dir='ltr'>in-</span> 
     </span>
     <span class='ocr_line' id='line_1_78' title="bbox 1335 808 2461 862; baseline -0.004 -13"><span class='ocrx_word' id='word_1_530' title='bbox 1335 811 1478 862; x_wconf 82' lang='lat' dir='ltr'>cepisse</span> <span class='ocrx_word' id='word_1_531' title='bbox 1508 811 1580 847; x_wconf 81' lang='lat' dir='ltr'>nisi</span> <span class='ocrx_word' id='word_1_532' title='bbox 1612 817 1691 861; x_wconf 82' lang='lat' dir='ltr'>post</span> <span class='ocrx_word' id='word_1_533' title='bbox 1721 810 1822 846; x_wconf 84' lang='lat' dir='ltr'>diem</span> <span class='ocrx_word' id='word_1_534' title='bbox 1854 808 2112 846; x_wconf 67' lang='lat' dir='ltr'>pentecostes.</span> <span class='ocrx_word' id='word_1_535' title='bbox 2143 809 2199 846; x_wconf 83' lang='lat' dir='ltr'>lta</span> <span class='ocrx_word' id='word_1_536' title='bbox 2227 810 2338 846; x_wconf 85' lang='lat' dir='ltr'>sensit</span> <span class='ocrx_word' id='word_1_537' title='bbox 2367 809 2461 846; x_wconf 84' lang='lat' dir='ltr'>Ter-</span> 
     </span>
     <span class='ocr_line' id='line_1_79' title="bbox 1335 862 2460 914; baseline -0.001 -13"><span class='ocrx_word' id='word_1_538' title='bbox 1335 865 1517 902; x_wconf 84' lang='lat' dir='ltr'>tullianus</span> <span class='ocrx_word' id='word_1_539' title='bbox 1547 863 1595 900; x_wconf 68' lang='lat' dir='ltr'>tl&amp;</span> <span class='ocrx_word' id='word_1_540' title='bbox 1624 862 1818 912; x_wconf 71' lang='lat' dir='ltr'>baptismo</span> <span class='ocrx_word' id='word_1_541' title='bbox 1843 862 1983 900; x_wconf 58' lang='lat' dir='ltr'>Clitis-li</span> <span class='ocrx_word' id='word_1_542' title='bbox 2004 877 2090 913; x_wconf 85' lang='lat' dir='ltr'>cap.</span> <span class='ocrx_word' id='word_1_543' title='bbox 2116 875 2176 899; x_wconf 83' lang='grc' dir='ltr'>ιι.</span> <span class='ocrx_word' id='word_1_544' title='bbox 2193 891 2204 909; x_wconf 83' lang='lat'>,</span> <span class='ocrx_word' id='word_1_545' title='bbox 2233 876 2279 900; x_wconf 86' lang='lat' dir='ltr'>ac</span> <span class='ocrx_word' id='word_1_546' title='bbox 2310 875 2378 914; x_wconf 90' lang='lat' dir='ltr'>pro</span> <span class='ocrx_word' id='word_1_547' title='bbox 2399 877 2460 900; x_wconf 83' lang='lat' dir='ltr'>ea-</span> 
     </span>
     <span class='ocr_line' id='line_1_80' title="bbox 1335 916 2461 967; baseline -0.002 -12"><span class='ocrx_word' id='word_1_548' title='bbox 1335 918 1423 956; x_wconf 91' lang='lat' dir='ltr'>dem</span> <span class='ocrx_word' id='word_1_549' title='bbox 1453 918 1635 954; x_wconf 85' lang='lat' dir='ltr'>sentcntia</span> <span class='ocrx_word' id='word_1_550' title='bbox 1674 916 1885 967; x_wconf 66' lang='lat' dir='ltr'>allegantur</span> <span class='ocrx_word' id='word_1_551' title='bbox 1918 916 2141 954; x_wconf 78' lang='lat' dir='ltr'>Ambrosius</span> <span class='ocrx_word' id='word_1_552' title='bbox 2183 916 2222 952; x_wconf 89' lang='lat' dir='ltr'>in</span> <span class='ocrx_word' id='word_1_553' title='bbox 2253 924 2368 966; x_wconf 88' lang='lat' dir='ltr'>postr.</span> <span class='ocrx_word' id='word_1_554' title='bbox 2399 930 2461 953; x_wconf 87' lang='lat' dir='ltr'>ca-</span> 
     </span>
     <span class='ocr_line' id='line_1_81' title="bbox 1335 968 2465 1021; baseline -0.002 -13"><span class='ocrx_word' id='word_1_555' title='bbox 1335 980 1404 1021; x_wconf 88' lang='lat' dir='ltr'>put</span> <span class='ocrx_word' id='word_1_556' title='bbox 1433 970 1549 1008; x_wconf 83' lang='lat' dir='ltr'>Lucae</span> <span class='ocrx_word' id='word_1_557' title='bbox 1568 1001 1577 1017; x_wconf 76' lang='grc'>,</span> <span class='ocrx_word' id='word_1_558' title='bbox 1608 969 1897 1021; x_wconf 75' lang='lat' dir='ltr'>Chrysostomus</span> <span class='ocrx_word' id='word_1_559' title='bbox 1921 969 2033 1006; x_wconf 89' lang='lat' dir='ltr'>Hom.</span> <span class='ocrx_word' id='word_1_560' title='bbox 2049 968 2196 1006; x_wconf 84' lang='lat' dir='ltr'>XVlll.</span> <span class='ocrx_word' id='word_1_561' title='bbox 2228 969 2264 1007; x_wconf 87' lang='lat' dir='ltr'>in</span> <span class='ocrx_word' id='word_1_562' title='bbox 2289 982 2376 1020; x_wconf 87' lang='lat' dir='ltr'>cap.</span> <span class='ocrx_word' id='word_1_563' title='bbox 2393 969 2465 1012; x_wconf 78' lang='lat' dir='ltr'>Ill,</span> 
     </span>
     <span class='ocr_line' id='line_1_82' title="bbox 1336 1021 2457 1075; baseline -0.004 -13"><span class='ocrx_word' id='word_1_564' title='bbox 1336 1024 1493 1063; x_wconf 84' lang='lat' dir='ltr'>Joannis</span> <span class='ocrx_word' id='word_1_565' title='bbox 1511 1054 1521 1072; x_wconf 86' lang='lat'>,</span> <span class='ocrx_word' id='word_1_566' title='bbox 1551 1023 1584 1059; x_wconf 82' lang='lat'>&amp;</span> <span class='ocrx_word' id='word_1_567' title='bbox 1614 1021 1787 1061; x_wconf 57' lang='lat' dir='ltr'>nonnulii</span> <span class='ocrx_word' id='word_1_568' title='bbox 1804 1023 1897 1068; x_wconf 85' lang='lat' dir='ltr'>alii;</span> <span class='ocrx_word' id='word_1_569' title='bbox 1926 1035 2091 1075; x_wconf 78' lang='lat' dir='ltr'>quorum</span> <span class='ocrx_word' id='word_1_570' title='bbox 2106 1023 2235 1073; x_wconf 88' lang='lat' dir='ltr'>opinio</span> <span class='ocrx_word' id='word_1_571' title='bbox 2257 1023 2457 1074; x_wconf 81' lang='lat' dir='ltr'>praecipue</span> 
     </span>
     <span class='ocr_line' id='line_1_83' title="bbox 1338 1073 2460 1127; baseline -0.004 -12"><span class='ocrx_word' id='word_1_572' title='bbox 1338 1079 1468 1116; x_wconf 88' lang='lat' dir='ltr'>nititur</span> <span class='ocrx_word' id='word_1_573' title='bbox 1499 1079 1544 1115; x_wconf 86' lang='lat' dir='ltr'>iis</span> <span class='ocrx_word' id='word_1_574' title='bbox 1572 1077 1698 1115; x_wconf 77' lang='lat' dir='ltr'>verbis</span> <span class='ocrx_word' id='word_1_575' title='bbox 1726 1077 1784 1114; x_wconf 86' lang='lat' dir='ltr'>JO.</span> <span class='ocrx_word' id='word_1_576' title='bbox 1809 1076 1891 1113; x_wconf 85' lang='lat' dir='ltr'>Vll.</span> <span class='ocrx_word' id='word_1_577' title='bbox 1915 1074 1979 1127; x_wconf 71' lang='lat'>59.</span> <span class='ocrx_word' id='word_1_578' title='bbox 2009 1073 2202 1112; x_wconf 71' lang='lat' dir='ltr'>Nondum</span> <span class='ocrx_word' id='word_1_579' title='bbox 2232 1079 2340 1113; x_wconf 75' lang='lat' dir='ltr'>enim</span> <span class='ocrx_word' id='word_1_580' title='bbox 2371 1084 2460 1113; x_wconf 75' lang='lat' dir='ltr'>erac</span> 
     </span>
     <span class='ocr_line' id='line_1_84' title="bbox 1338 1128 2466 1182; baseline -0.004 -14"><span class='ocrx_word' id='word_1_581' title='bbox 1338 1131 1504 1182; x_wconf 75' lang='lat' dir='ltr'>Spiritus</span> <span class='ocrx_word' id='word_1_582' title='bbox 1534 1130 1651 1168; x_wconf 72' lang='lat' dir='ltr'>datus</span> <span class='ocrx_word' id='word_1_583' title='bbox 1669 1159 1679 1178; x_wconf 87' lang='lat'>‚</span> <span class='ocrx_word' id='word_1_584' title='bbox 1723 1132 1816 1180; x_wconf 70' lang='lat' dir='ltr'>quia.</span> <span class='ocrx_word' id='word_1_585' title='bbox 1844 1128 1958 1166; x_wconf 82' lang='lat' dir='ltr'>Jesus</span> <span class='ocrx_word' id='word_1_586' title='bbox 1988 1128 2166 1166; x_wconf 62' lang='lat' dir='ltr'>nonatum</span> <span class='ocrx_word' id='word_1_587' title='bbox 2197 1139 2286 1166; x_wconf 68' lang='lat' dir='ltr'>erut</span> <span class='ocrx_word' id='word_1_588' title='bbox 2314 1128 2466 1180; x_wconf 75' lang='lat' dir='ltr'>glorifi-</span> 
     </span>
     <span class='ocr_line' id='line_1_85' title="bbox 1340 1182 2464 1234; baseline -0.004 -12"><span class='ocrx_word' id='word_1_589' title='bbox 1340 1195 1451 1223; x_wconf 76' lang='lat' dir='ltr'>catus</span> <span class='ocrx_word' id='word_1_590' title='bbox 1469 1211 1478 1223; x_wconf 91' lang='lat'><strong>.</strong></span> <span class='ocrx_word' id='word_1_591' title='bbox 1510 1184 1621 1222; x_wconf 88' lang='lat' dir='ltr'>Unde</span> <span class='ocrx_word' id='word_1_592' title='bbox 1638 1195 1800 1234; x_wconf 88' lang='lat' dir='ltr'>pronum</span> <span class='ocrx_word' id='word_1_593' title='bbox 1817 1191 1868 1220; x_wconf 89' lang='lat' dir='ltr'>est</span> <span class='ocrx_word' id='word_1_594' title='bbox 1900 1183 2040 1220; x_wconf 86' lang='lat' dir='ltr'>inferre</span> <span class='ocrx_word' id='word_1_595' title='bbox 2056 1213 2065 1230; x_wconf 87' lang='lat'>‚</span> <span class='ocrx_word' id='word_1_596' title='bbox 2100 1182 2336 1233; x_wconf 85' lang='lat' dir='ltr'>baptismum</span> <span class='ocrx_word' id='word_1_597' title='bbox 2352 1182 2464 1219; x_wconf 79' lang='lat' dir='ltr'>Chri-</span> 
     </span>
     <span class='ocr_line' id='line_1_86' title="bbox 1338 1235 2465 1289; baseline -0.004 -13"><span class='ocrx_word' id='word_1_598' title='bbox 1338 1240 1411 1286; x_wconf 81' lang='lat' dir='ltr'>sti,</span> <span class='ocrx_word' id='word_1_599' title='bbox 1459 1251 1535 1289; x_wconf 84' lang='lat' dir='ltr'>quo</span> <span class='ocrx_word' id='word_1_600' title='bbox 1576 1237 1738 1274; x_wconf 87' lang='lat' dir='ltr'>dabatur</span> <span class='ocrx_word' id='word_1_601' title='bbox 1767 1236 1933 1288; x_wconf 83' lang='lat' dir='ltr'>Spiritus</span> <span class='ocrx_word' id='word_1_602' title='bbox 1961 1244 2137 1282; x_wconf 83' lang='lat' dir='ltr'>sanctus,</span> <span class='ocrx_word' id='word_1_603' title='bbox 2187 1235 2339 1273; x_wconf 81' lang='lat' dir='ltr'>nonnisi</span> <span class='ocrx_word' id='word_1_604' title='bbox 2384 1242 2465 1285; x_wconf 87' lang='lat' dir='ltr'>post</span> 
     </span>
     <span class='ocr_line' id='line_1_87' title="bbox 1341 1289 2464 1343; baseline -0.004 -15"><span class='ocrx_word' id='word_1_605' title='bbox 1341 1292 1421 1342; x_wconf 75' lang='lat' dir='ltr'>ejus</span> <span class='ocrx_word' id='word_1_606' title='bbox 1449 1290 1764 1343; x_wconf 86' lang='lat' dir='ltr'>glorificationem</span> <span class='ocrx_word' id='word_1_607' title='bbox 1781 1319 1792 1335; x_wconf 76' lang='lat'>,</span> <span class='ocrx_word' id='word_1_608' title='bbox 1822 1303 1886 1327; x_wconf 87' lang='lat' dir='ltr'>seu</span> <span class='ocrx_word' id='word_1_609' title='bbox 1907 1291 2221 1328; x_wconf 75' lang='lat' dir='ltr'>resurrectionem</span> <span class='ocrx_word' id='word_1_610' title='bbox 2239 1319 2249 1337; x_wconf 84' lang='grc'>,</span> <span class='ocrx_word' id='word_1_611' title='bbox 2280 1289 2312 1324; x_wconf 75' lang='grc'>8(</span> <span class='ocrx_word' id='word_1_612' title='bbox 2334 1301 2464 1326; x_wconf 76' lang='lat' dir='ltr'>ascen-</span> 
     </span>
     <span class='ocr_line' id='line_1_88' title="bbox 1340 1342 2213 1393; baseline -0.005 -10"><span class='ocrx_word' id='word_1_613' title='bbox 1340 1347 1483 1383; x_wconf 87' lang='lat' dir='ltr'>sionem</span> <span class='ocrx_word' id='word_1_614' title='bbox 1515 1346 1552 1382; x_wconf 90' lang='lat' dir='ltr'>in</span> <span class='ocrx_word' id='word_1_615' title='bbox 1582 1343 1726 1382; x_wconf 81' lang='lat' dir='ltr'>coelum</span> <span class='ocrx_word' id='word_1_616' title='bbox 1757 1343 1872 1380; x_wconf 81' lang='lat' dir='ltr'>fuisse</span> <span class='ocrx_word' id='word_1_617' title='bbox 1903 1342 2086 1381; x_wconf 87' lang='lat' dir='ltr'>collatum</span> <span class='ocrx_word' id='word_1_618' title='bbox 2119 1343 2183 1393; x_wconf 75' lang='lat' dir='ltr'>(a)</span> <span class='ocrx_word' id='word_1_619' title='bbox 2203 1368 2213 1379; x_wconf 94' lang='lat'><strong>.</strong></span> 
     </span>
    </p>

    <p class='ocr_par' dir='ltr' id='par_1_12' title="bbox 1339 1394 2477 2887">
     <span class='ocr_line' id='line_1_89' title="bbox 1401 1394 2467 1448; baseline -0.005 -12"><span class='ocrx_word' id='word_1_620' title='bbox 1401 1412 1483 1436; x_wconf 81' lang='lat' dir='ltr'>tto.</span> <span class='ocrx_word' id='word_1_621' title='bbox 1515 1397 1626 1448; x_wconf 80' lang='lat' dir='ltr'>llesp.</span> <span class='ocrx_word' id='word_1_622' title='bbox 1647 1428 1657 1445; x_wconf 81' lang='lat'>‚</span> <span class='ocrx_word' id='word_1_623' title='bbox 1708 1394 1947 1448; x_wconf 80' lang='lat' dir='ltr'>probabilius</span> <span class='ocrx_word' id='word_1_624' title='bbox 1977 1396 2128 1443; x_wconf 79' lang='lat' dir='ltr'>videri,</span> <span class='ocrx_word' id='word_1_625' title='bbox 2176 1395 2413 1445; x_wconf 84' lang='lat' dir='ltr'>baptismum</span> <span class='ocrx_word' id='word_1_626' title='bbox 2443 1408 2467 1432; x_wconf 81' lang='lat' dir='ltr'>a</span> 
     </span>
     <span class='ocr_line' id='line_1_90' title="bbox 1339 1447 2467 1503; baseline -0.004 -14"><span class='ocrx_word' id='word_1_627' title='bbox 1339 1451 1538 1503; x_wconf 83' lang='lat' dir='ltr'>discipulis</span> <span class='ocrx_word' id='word_1_628' title='bbox 1566 1451 1704 1489; x_wconf 79' lang='lat' dir='ltr'>Christi</span> <span class='ocrx_word' id='word_1_629' title='bbox 1733 1450 1864 1487; x_wconf 85' lang='lat' dir='ltr'>datum</span> <span class='ocrx_word' id='word_1_630' title='bbox 1886 1479 1897 1497; x_wconf 89' lang='lat'>‚</span> <span class='ocrx_word' id='word_1_631' title='bbox 1928 1450 2043 1487; x_wconf 86' lang='lat' dir='ltr'>fuisse</span> <span class='ocrx_word' id='word_1_632' title='bbox 2073 1461 2208 1487; x_wconf 87' lang='lat' dir='ltr'>verum</span> <span class='ocrx_word' id='word_1_633' title='bbox 2238 1447 2467 1486; x_wconf 70' lang='lat' dir='ltr'>Sacramen-</span> 
     </span>
     <span class='ocr_line' id='line_1_91' title="bbox 1341 1503 2464 1556; baseline -0.001 -14"><span class='ocrx_word' id='word_1_634' title='bbox 1341 1514 1444 1552; x_wconf 84' lang='lat' dir='ltr'>tum,</span> <span class='ocrx_word' id='word_1_635' title='bbox 1493 1505 1526 1540; x_wconf 74' lang='lat'>8&lt;</span> <span class='ocrx_word' id='word_1_636' title='bbox 1571 1519 1592 1542; x_wconf 89' lang='lat' dir='ltr'>a</span> <span class='ocrx_word' id='word_1_637' title='bbox 1621 1504 1812 1556; x_wconf 85' lang='lat' dir='ltr'>baptismo</span> <span class='ocrx_word' id='word_1_638' title='bbox 1840 1504 1991 1540; x_wconf 83' lang='lat' dir='ltr'>Joannis</span> <span class='ocrx_word' id='word_1_639' title='bbox 2033 1503 2192 1540; x_wconf 87' lang='lat' dir='ltr'>omnino</span> <span class='ocrx_word' id='word_1_640' title='bbox 2235 1503 2464 1541; x_wconf 80' lang='lat' dir='ltr'>diversum·</span> 
     </span>
     <span class='ocr_line' id='line_1_92' title="bbox 1340 1553 2461 1608; baseline -0.003 -13"><span class='ocrx_word' id='word_1_641' title='bbox 1340 1558 1439 1595; x_wconf 70' lang='lat' dir='ltr'>Nam</span> <span class='ocrx_word' id='word_1_642' title='bbox 1470 1562 1597 1607; x_wconf 83' lang='lat' dir='ltr'>primo</span> <span class='ocrx_word' id='word_1_643' title='bbox 1625 1558 1787 1594; x_wconf 84' lang='lat' dir='ltr'>Joannes</span> <span class='ocrx_word' id='word_1_644' title='bbox 1818 1558 1897 1608; x_wconf 83' lang='lat' dir='ltr'>ipse</span> <span class='ocrx_word' id='word_1_645' title='bbox 1929 1556 2001 1594; x_wconf 88' lang='lat' dir='ltr'>hoc</span> <span class='ocrx_word' id='word_1_646' title='bbox 2033 1556 2128 1593; x_wconf 84' lang='lat' dir='ltr'>inter</span> <span class='ocrx_word' id='word_1_647' title='bbox 2158 1568 2269 1592; x_wconf 87' lang='lat' dir='ltr'>suum</span> <span class='ocrx_word' id='word_1_648' title='bbox 2288 1584 2298 1602; x_wconf 80' lang='lat'>,</span> <span class='ocrx_word' id='word_1_649' title='bbox 2328 1553 2362 1590; x_wconf 75' lang='lat'>8&lt;</span> <span class='ocrx_word' id='word_1_650' title='bbox 2392 1554 2461 1592; x_wconf 87' lang='lat' dir='ltr'>ba-</span> 
     </span>
     <span class='ocr_line' id='line_1_93' title="bbox 1341 1608 2463 1662; baseline -0.002 -15"><span class='ocrx_word' id='word_1_651' title='bbox 1341 1612 1523 1662; x_wconf 86' lang='lat' dir='ltr'>ptismum</span> <span class='ocrx_word' id='word_1_652' title='bbox 1540 1610 1680 1647; x_wconf 83' lang='lat' dir='ltr'>Christi</span> <span class='ocrx_word' id='word_1_653' title='bbox 1710 1610 1919 1647; x_wconf 89' lang='lat' dir='ltr'>discrimen</span> <span class='ocrx_word' id='word_1_654' title='bbox 1949 1609 2136 1659; x_wconf 83' lang='lat' dir='ltr'>ponebat3</span> <span class='ocrx_word' id='word_1_655' title='bbox 2166 1609 2269 1658; x_wconf 87' lang='lat' dir='ltr'>quod</span> <span class='ocrx_word' id='word_1_656' title='bbox 2300 1608 2379 1659; x_wconf 85' lang='lat' dir='ltr'>ipse</span> <span class='ocrx_word' id='word_1_657' title='bbox 2397 1608 2463 1645; x_wconf 85' lang='lat' dir='ltr'>ba-</span> 
     </span>
     <span class='ocr_line' id='line_1_94' title="bbox 1343 1660 2466 1714; baseline -0.002 -14"><span class='ocrx_word' id='word_1_658' title='bbox 1343 1664 1499 1714; x_wconf 76' lang='lat' dir='ltr'>ptizaret</span> <span class='ocrx_word' id='word_1_659' title='bbox 1529 1664 1568 1700; x_wconf 88' lang='lat' dir='ltr'>in</span> <span class='ocrx_word' id='word_1_660' title='bbox 1598 1675 1706 1713; x_wconf 76' lang='lat' dir='ltr'>aqua</span> <span class='ocrx_word' id='word_1_661' title='bbox 1735 1670 1878 1699; x_wconf 87' lang='lat' dir='ltr'>tantum</span> <span class='ocrx_word' id='word_1_662' title='bbox 1897 1691 1907 1708; x_wconf 75' lang='grc'><em>,</em></span> <span class='ocrx_word' id='word_1_663' title='bbox 1936 1662 2108 1699; x_wconf 83' lang='lat' dir='ltr'>Christus</span> <span class='ocrx_word' id='word_1_664' title='bbox 2129 1670 2257 1698; x_wconf 86' lang='lat' dir='ltr'>autem</span> <span class='ocrx_word' id='word_1_665' title='bbox 2285 1669 2377 1698; x_wconf 85' lang='lat' dir='ltr'>esset</span> <span class='ocrx_word' id='word_1_666' title='bbox 2396 1660 2466 1698; x_wconf 84' lang='lat' dir='ltr'>ba-</span> 
     </span>
     <span class='ocr_line' id='line_1_95' title="bbox 1343 1712 2466 1767; baseline -0.004 -14"><span class='ocrx_word' id='word_1_667' title='bbox 1343 1717 1547 1767; x_wconf 85' lang='lat' dir='ltr'>ptizaturus</span> <span class='ocrx_word' id='word_1_668' title='bbox 1578 1716 1614 1753; x_wconf 91' lang='lat' dir='ltr'>in</span> <span class='ocrx_word' id='word_1_669' title='bbox 1644 1728 1779 1766; x_wconf 74' lang='lat' dir='ltr'>aqna,</span> <span class='ocrx_word' id='word_1_670' title='bbox 1809 1715 1857 1755; x_wconf 57' lang='grc' dir='ltr'><strong><em>ὠ</em></strong></span> <span class='ocrx_word' id='word_1_671' title='bbox 1887 1714 2061 1764; x_wconf 71' lang='lat' dir='ltr'>Spiritu.</span> <span class='ocrx_word' id='word_1_672' title='bbox 2093 1712 2301 1760; x_wconf 73' lang='lat' dir='ltr'>Secundo,</span> <span class='ocrx_word' id='word_1_673' title='bbox 2333 1722 2373 1751; x_wconf 89' lang='lat' dir='ltr'>ut</span> <span class='ocrx_word' id='word_1_674' title='bbox 2403 1727 2466 1750; x_wconf 88' lang='lat' dir='ltr'>su-</span> 
     </span>
     <span class='ocr_line' id='line_1_96' title="bbox 1341 1766 2470 1821; baseline 0 -15"><span class='ocrx_word' id='word_1_675' title='bbox 1341 1783 1411 1821; x_wconf 82' lang='lat' dir='ltr'>pra</span> <span class='ocrx_word' id='word_1_676' title='bbox 1443 1770 1662 1808; x_wconf 85' lang='lat' dir='ltr'>monuimus</span> <span class='ocrx_word' id='word_1_677' title='bbox 1693 1782 1801 1806; x_wconf 89' lang='lat' dir='ltr'>num.</span> <span class='ocrx_word' id='word_1_678' title='bbox 1829 1767 1945 1816; x_wconf 79' lang='lat'><strong>108.,</strong></span> <span class='ocrx_word' id='word_1_679' title='bbox 1976 1768 2043 1819; x_wconf 81' lang='lat' dir='ltr'>qui</span> <span class='ocrx_word' id='word_1_680' title='bbox 2075 1766 2143 1805; x_wconf 86' lang='lat' dir='ltr'>hoc</span> <span class='ocrx_word' id='word_1_681' title='bbox 2175 1766 2365 1817; x_wconf 83' lang='lat' dir='ltr'>baptismo</span> <span class='ocrx_word' id='word_1_682' title='bbox 2394 1766 2470 1806; x_wconf 77' lang='lat' dir='ltr'>ini-</span> 
     </span>
     <span class='ocr_line' id='line_1_97' title="bbox 1344 1819 2469 1874; baseline -0.003 -14"><span class='ocrx_word' id='word_1_683' title='bbox 1344 1824 1424 1861; x_wconf 87' lang='lat' dir='ltr'>tiati</span> <span class='ocrx_word' id='word_1_684' title='bbox 1457 1824 1634 1870; x_wconf 70' lang='lat' dir='ltr'>fuerant,</span> <span class='ocrx_word' id='word_1_685' title='bbox 1665 1835 1739 1860; x_wconf 89' lang='lat' dir='ltr'>non</span> <span class='ocrx_word' id='word_1_686' title='bbox 1769 1821 1947 1874; x_wconf 80' lang='lat' dir='ltr'>leguntur</span> <span class='ocrx_word' id='word_1_687' title='bbox 1976 1822 2116 1858; x_wconf 86' lang='lat' dir='ltr'>iterum</span> <span class='ocrx_word' id='word_1_688' title='bbox 2148 1829 2226 1872; x_wconf 87' lang='lat' dir='ltr'>post</span> <span class='ocrx_word' id='word_1_689' title='bbox 2255 1819 2397 1857; x_wconf 88' lang='lat' dir='ltr'>Christi</span> <span class='ocrx_word' id='word_1_690' title='bbox 2427 1835 2469 1857; x_wconf 88' lang='lat' dir='ltr'>a-</span> 
     </span>
     <span class='ocr_line' id='line_1_98' title="bbox 1344 1873 2469 1927; baseline -0.002 -14"><span class='ocrx_word' id='word_1_691' title='bbox 1344 1878 1578 1914; x_wconf 87' lang='lat' dir='ltr'>scensionem</span> <span class='ocrx_word' id='word_1_692' title='bbox 1607 1876 1817 1927; x_wconf 81' lang='lat' dir='ltr'>baptizati.</span> <span class='ocrx_word' id='word_1_693' title='bbox 1866 1874 2045 1912; x_wconf 72' lang='lat' dir='ltr'>Demum</span> <span class='ocrx_word' id='word_1_694' title='bbox 2064 1904 2073 1921; x_wconf 85' lang='lat'>‚</span> <span class='ocrx_word' id='word_1_695' title='bbox 2121 1875 2212 1926; x_wconf 83' lang='lat' dir='ltr'>quia</span> <span class='ocrx_word' id='word_1_696' title='bbox 2243 1873 2300 1911; x_wconf 84' lang='lat' dir='ltr'>sin</span> <span class='ocrx_word' id='word_1_697' title='bbox 2341 1874 2469 1911; x_wconf 86' lang='lat' dir='ltr'>minus</span> 
     </span>
     <span class='ocr_line' id='line_1_99' title="bbox 1345 1926 2469 1981; baseline -0.004 -14"><span class='ocrx_word' id='word_1_698' title='bbox 1345 1930 1601 1981; x_wconf 79' lang='lat' dir='ltr'>undequaque</span> <span class='ocrx_word' id='word_1_699' title='bbox 1631 1938 1777 1966; x_wconf 88' lang='lat' dir='ltr'>certum</span> <span class='ocrx_word' id='word_1_700' title='bbox 1796 1958 1807 1975; x_wconf 81' lang='lat'>,</span> <span class='ocrx_word' id='word_1_701' title='bbox 1854 1928 1986 1967; x_wconf 85' lang='lat' dir='ltr'>saltem</span> <span class='ocrx_word' id='word_1_702' title='bbox 2018 1928 2223 1964; x_wconf 81' lang='lat' dir='ltr'>admodum</span> <span class='ocrx_word' id='word_1_703' title='bbox 2268 1926 2469 1977; x_wconf 83' lang='lat' dir='ltr'>probabile</span> 
     </span>
     <span class='ocr_line' id='line_1_100' title="bbox 1347 1979 2469 2031; baseline -0.004 -11"><span class='ocrx_word' id='word_1_704' title='bbox 1347 1992 1419 2030; x_wconf 87' lang='lat' dir='ltr'>est,</span> <span class='ocrx_word' id='word_1_705' title='bbox 1449 1982 1482 2017; x_wconf 71' lang='grc'>8(</span> <span class='ocrx_word' id='word_1_706' title='bbox 1513 1983 1697 2019; x_wconf 81' lang='lat' dir='ltr'>Joaunem</span> <span class='ocrx_word' id='word_1_707' title='bbox 1716 1982 1922 2031; x_wconf 76' lang='lat' dir='ltr'>Baptistam</span> <span class='ocrx_word' id='word_1_708' title='bbox 1940 2010 1950 2027; x_wconf 83' lang='lat'><strong>‚</strong></span> <span class='ocrx_word' id='word_1_709' title='bbox 1981 1981 2013 2016; x_wconf 68' lang='grc' dir='ltr'>ὃς</span> <span class='ocrx_word' id='word_1_710' title='bbox 2037 1980 2211 2026; x_wconf 86' lang='lat' dir='ltr'>Petrum,</span> <span class='ocrx_word' id='word_1_711' title='bbox 2243 1980 2275 2015; x_wconf 87' lang='lat'>&amp;</span> <span class='ocrx_word' id='word_1_712' title='bbox 2305 1979 2399 2017; x_wconf 81' lang='lat' dir='ltr'>alios</span> <span class='ocrx_word' id='word_1_713' title='bbox 2418 1979 2469 2017; x_wconf 78' lang='lat' dir='ltr'>A-</span> 
     </span>
     <span class='ocr_line' id='line_1_101' title="bbox 1347 2033 2462 2087; baseline -0.002 -15"><span class='ocrx_word' id='word_1_714' title='bbox 1347 2033 1506 2087; x_wconf 84' lang='lat' dir='ltr'>postolos</span> <span class='ocrx_word' id='word_1_715' title='bbox 1536 2035 1653 2086; x_wconf 89' lang='lat' dir='ltr'>ipsius</span> <span class='ocrx_word' id='word_1_716' title='bbox 1681 2033 1823 2070; x_wconf 81' lang='lat' dir='ltr'>Christi</span> <span class='ocrx_word' id='word_1_717' title='bbox 1852 2047 1966 2070; x_wconf 89' lang='lat' dir='ltr'>mauu</span> <span class='ocrx_word' id='word_1_718' title='bbox 1997 2033 2112 2071; x_wconf 83' lang='lat' dir='ltr'>fuisse</span> <span class='ocrx_word' id='word_1_719' title='bbox 2142 2033 2374 2083; x_wconf 80' lang='lat' dir='ltr'>baptizatos.</span> <span class='ocrx_word' id='word_1_720' title='bbox 2422 2034 2462 2071; x_wconf 88' lang='lat' dir='ltr'>ld</span> 
     </span>
     <span class='ocr_line' id='line_1_102' title="bbox 1348 2085 2471 2138; baseline -0.004 -12"><span class='ocrx_word' id='word_1_721' title='bbox 1348 2090 1395 2126; x_wconf 90' lang='lat' dir='ltr'>de</span> <span class='ocrx_word' id='word_1_722' title='bbox 1411 2088 1555 2126; x_wconf 85' lang='lat' dir='ltr'>Joanue</span> <span class='ocrx_word' id='word_1_723' title='bbox 1584 2095 1752 2125; x_wconf 87' lang='lat' dir='ltr'>asserunt</span> <span class='ocrx_word' id='word_1_724' title='bbox 1771 2086 2028 2138; x_wconf 85' lang='lat' dir='ltr'>Hieronymus</span> <span class='ocrx_word' id='word_1_725' title='bbox 2044 2087 2082 2123; x_wconf 88' lang='lat' dir='ltr'>in</span> <span class='ocrx_word' id='word_1_726' title='bbox 2102 2099 2188 2136; x_wconf 85' lang='lat' dir='ltr'>cap.</span> <span class='ocrx_word' id='word_1_727' title='bbox 2212 2086 2276 2123; x_wconf 87' lang='lat' dir='ltr'>Ill.</span> <span class='ocrx_word' id='word_1_728' title='bbox 2308 2085 2471 2133; x_wconf 54' lang='lat' dir='ltr'>Manu,</span> 
     </span>
     <span class='ocr_line' id='line_1_103' title="bbox 1350 2138 2473 2192; baseline -0.002 -14"><span class='ocrx_word' id='word_1_729' title='bbox 1350 2142 1383 2178; x_wconf 71' lang='lat'>8&lt;</span> <span class='ocrx_word' id='word_1_730' title='bbox 1413 2141 1620 2192; x_wconf 82' lang='lat' dir='ltr'>Gregorius</span> <span class='ocrx_word' id='word_1_731' title='bbox 1651 2140 1906 2178; x_wconf 76' lang='lat' dir='ltr'>Nazianzenus</span> <span class='ocrx_word' id='word_1_732' title='bbox 1934 2140 2040 2177; x_wconf 86' lang='lat' dir='ltr'>Orat.</span> <span class='ocrx_word' id='word_1_733' title='bbox 2062 2139 2255 2177; x_wconf 81' lang='lat' dir='ltr'><strong>XXXlX.</strong></span> <span class='ocrx_word' id='word_1_734' title='bbox 2299 2139 2356 2176; x_wconf 94' lang='lat' dir='ltr'>De</span> <span class='ocrx_word' id='word_1_735' title='bbox 2385 2138 2473 2176; x_wconf 82' lang='lat' dir='ltr'>aliis</span> 
     </span>
     <span class='ocr_line' id='line_1_104' title="bbox 1352 2192 2474 2245; baseline -0.004 -12"><span class='ocrx_word' id='word_1_736' title='bbox 1352 2203 1505 2242; x_wconf 87' lang='lat' dir='ltr'>autem,</span> <span class='ocrx_word' id='word_1_737' title='bbox 1549 2206 1784 2245; x_wconf 83' lang='lat' dir='ltr'>quamquam</span> <span class='ocrx_word' id='word_1_738' title='bbox 1830 2193 1866 2229; x_wconf 88' lang='lat' dir='ltr'>id</span> <span class='ocrx_word' id='word_1_739' title='bbox 1911 2206 2082 2244; x_wconf 80' lang='lat' dir='ltr'>expresse</span> <span class='ocrx_word' id='word_1_740' title='bbox 2113 2194 2150 2230; x_wconf 90' lang='lat' dir='ltr'>in</span> <span class='ocrx_word' id='word_1_741' title='bbox 2182 2192 2296 2230; x_wconf 83' lang='lat' dir='ltr'>sacris</span> <span class='ocrx_word' id='word_1_742' title='bbox 2338 2192 2474 2230; x_wconf 79' lang='lat' dir='ltr'>litteris</span> 
     </span>
     <span class='ocr_line' id='line_1_105' title="bbox 1351 2246 2471 2298; baseline -0.004 -11"><span class='ocrx_word' id='word_1_743' title='bbox 1351 2262 1426 2287; x_wconf 84' lang='lat' dir='ltr'>non</span> <span class='ocrx_word' id='word_1_744' title='bbox 1458 2247 1669 2294; x_wconf 84' lang='lat' dir='ltr'>habeatur,</span> <span class='ocrx_word' id='word_1_745' title='bbox 1700 2256 1751 2283; x_wconf 87' lang='lat' dir='ltr'>cst</span> <span class='ocrx_word' id='word_1_746' title='bbox 1782 2254 1906 2284; x_wconf 77' lang='lat' dir='ltr'>tamen</span> <span class='ocrx_word' id='word_1_747' title='bbox 1936 2248 2093 2284; x_wconf 86' lang='lat' dir='ltr'>omnino</span> <span class='ocrx_word' id='word_1_748' title='bbox 2122 2246 2355 2284; x_wconf 85' lang='lat' dir='ltr'>credendum</span> <span class='ocrx_word' id='word_1_749' title='bbox 2384 2259 2471 2298; x_wconf 85' lang='lat' dir='ltr'>pro-</span> 
     </span>
     <span class='ocr_line' id='line_1_106' title="bbox 1352 2297 2472 2354; baseline -0.003 -15"><span class='ocrx_word' id='word_1_750' title='bbox 1352 2311 1435 2354; x_wconf 84' lang='lat' dir='ltr'>pter</span> <span class='ocrx_word' id='word_1_751' title='bbox 1466 2300 1533 2339; x_wconf 90' lang='lat' dir='ltr'>illa</span> <span class='ocrx_word' id='word_1_752' title='bbox 1561 2300 1704 2338; x_wconf 84' lang='lat' dir='ltr'>Christi</span> <span class='ocrx_word' id='word_1_753' title='bbox 1734 2300 1848 2338; x_wconf 87' lang='lat' dir='ltr'>verba</span> <span class='ocrx_word' id='word_1_754' title='bbox 1870 2299 1927 2337; x_wconf 85' lang='lat' dir='ltr'>Jo.</span> <span class='ocrx_word' id='word_1_755' title='bbox 1951 2300 2017 2338; x_wconf 86' lang='lat' dir='ltr'>Ill.</span> <span class='ocrx_word' id='word_1_756' title='bbox 2051 2301 2087 2338; x_wconf 85' lang='lat'>5.</span> <span class='ocrx_word' id='word_1_757' title='bbox 2117 2297 2208 2337; x_wconf 83' lang='lat' dir='ltr'>Nisi</span> <span class='ocrx_word' id='word_1_758' title='bbox 2236 2303 2321 2351; x_wconf 78' lang='lat' dir='ltr'>quis</span> <span class='ocrx_word' id='word_1_759' title='bbox 2350 2312 2472 2337; x_wconf 76' lang='lat' dir='ltr'>rena-</span> 
     </span>
     <span class='ocr_line' id='line_1_107' title="bbox 1354 2352 2473 2406; baseline -0.002 -14"><span class='ocrx_word' id='word_1_760' title='bbox 1354 2365 1414 2393; x_wconf 80' lang='lat' dir='ltr'>tus</span> <span class='ocrx_word' id='word_1_761' title='bbox 1431 2353 1563 2406; x_wconf 75' lang='lat' dir='ltr'>fuerit</span> <span class='ocrx_word' id='word_1_762' title='bbox 1593 2367 1645 2391; x_wconf 81' lang='lat' dir='ltr'>ex</span> <span class='ocrx_word' id='word_1_763' title='bbox 1675 2366 1811 2404; x_wconf 72' lang='lat' dir='ltr'>aqua,</span> <span class='ocrx_word' id='word_1_764' title='bbox 1842 2353 1890 2393; x_wconf 57' lang='grc' dir='ltr'><strong><em>ὡ</em></strong></span> <span class='ocrx_word' id='word_1_765' title='bbox 1920 2352 2066 2403; x_wconf 78' lang='lat' dir='ltr'>Spiritu</span> <span class='ocrx_word' id='word_1_766' title='bbox 2094 2362 2235 2391; x_wconf 76' lang='lat' dir='ltr'>sancto</span> <span class='ocrx_word' id='word_1_767' title='bbox 2257 2383 2267 2402; x_wconf 82' lang='lat'>‚</span> <span class='ocrx_word' id='word_1_768' title='bbox 2298 2366 2378 2390; x_wconf 81' lang='lat' dir='ltr'>non</span> <span class='ocrx_word' id='word_1_769' title='bbox 2407 2366 2473 2404; x_wconf 86' lang='lat' dir='ltr'>po-</span> 
     </span>
     <span class='ocr_line' id='line_1_108' title="bbox 1352 2406 2476 2458; baseline -0.004 -11"><span class='ocrx_word' id='word_1_770' title='bbox 1352 2418 1428 2447; x_wconf 81' lang='lat' dir='ltr'>test</span> <span class='ocrx_word' id='word_1_771' title='bbox 1459 2411 1619 2446; x_wconf 80' lang='lat' dir='ltr'>introire</span> <span class='ocrx_word' id='word_1_772' title='bbox 1648 2410 1688 2444; x_wconf 79' lang='lat' dir='ltr'>in</span> <span class='ocrx_word' id='word_1_773' title='bbox 1717 2419 1886 2458; x_wconf 80' lang='lat' dir='ltr'>regnum</span> <span class='ocrx_word' id='word_1_774' title='bbox 1917 2406 2022 2445; x_wconf 85' lang='lat' dir='ltr'>Dei.</span> <span class='ocrx_word' id='word_1_775' title='bbox 2066 2407 2126 2444; x_wconf 82' lang='lat' dir='ltr'>Ex</span> <span class='ocrx_word' id='word_1_776' title='bbox 2156 2408 2234 2445; x_wconf 86' lang='lat' dir='ltr'>istis</span> <span class='ocrx_word' id='word_1_777' title='bbox 2275 2407 2403 2444; x_wconf 87' lang='lat' dir='ltr'>verbis</span> <span class='ocrx_word' id='word_1_778' title='bbox 2432 2407 2476 2445; x_wconf 89' lang='lat' dir='ltr'>S.</span> 
     </span>
     <span class='ocr_line' id='line_1_109' title="bbox 1355 2458 2475 2514; baseline -0.004 -13"><span class='ocrx_word' id='word_1_779' title='bbox 1355 2463 1585 2514; x_wconf 81' lang='lat' dir='ltr'>Augustinus</span> <span class='ocrx_word' id='word_1_780' title='bbox 1616 2461 1730 2497; x_wconf 83' lang='lat' dir='ltr'>fnisse</span> <span class='ocrx_word' id='word_1_781' title='bbox 1760 2458 1957 2511; x_wconf 83' lang='lat' dir='ltr'>Apostolos</span> <span class='ocrx_word' id='word_1_782' title='bbox 1998 2460 2206 2510; x_wconf 82' lang='lat' dir='ltr'>baptizatos</span> <span class='ocrx_word' id='word_1_783' title='bbox 2236 2460 2287 2495; x_wconf 89' lang='lat' dir='ltr'>ita</span> <span class='ocrx_word' id='word_1_784' title='bbox 2316 2459 2475 2510; x_wconf 85' lang='lat' dir='ltr'>collige-</span> 
     </span>
     <span class='ocr_line' id='line_1_110' title="bbox 1350 2511 2472 2568; baseline -0.005 -13"><span class='ocrx_word' id='word_1_785' title='bbox 1350 2515 1416 2555; x_wconf 85' lang='lat' dir='ltr'>bat</span> <span class='ocrx_word' id='word_1_786' title='bbox 1446 2516 1553 2568; x_wconf 87' lang='lat' dir='ltr'>epist.</span> <span class='ocrx_word' id='word_1_787' title='bbox 1573 2512 1762 2552; x_wconf 86' lang='lat' dir='ltr'><strong>CCLXV.</strong></span> <span class='ocrx_word' id='word_1_788' title='bbox 1792 2513 1840 2550; x_wconf 85' lang='lat' dir='ltr'>ad</span> <span class='ocrx_word' id='word_1_789' title='bbox 1869 2511 2144 2550; x_wconf 88' lang='lat' dir='ltr'>Seleucianum</span> <span class='ocrx_word' id='word_1_790' title='bbox 2174 2524 2281 2548; x_wconf 87' lang='lat' dir='ltr'>num.</span> <span class='ocrx_word' id='word_1_791' title='bbox 2300 2512 2356 2556; x_wconf 56' lang='lat' dir='ltr'>Au:</span> <span class='ocrx_word' id='word_1_792' title='bbox 2384 2512 2472 2549; x_wconf 81' lang='lat' dir='ltr'>Jam</span> 
     </span>
     <span class='ocr_line' id='line_1_111' title="bbox 1352 2565 2473 2620; baseline -0.006 -12"><span class='ocrx_word' id='word_1_793' title='bbox 1352 2600 1378 2619; x_wconf 78' lang='lat'>„</span> <span class='ocrx_word' id='word_1_794' title='bbox 1411 2583 1480 2608; x_wconf 90' lang='lat' dir='ltr'>nou</span> <span class='ocrx_word' id='word_1_795' title='bbox 1508 2568 1690 2606; x_wconf 89' lang='lat' dir='ltr'>debemus</span> <span class='ocrx_word' id='word_1_796' title='bbox 1719 2578 1915 2620; x_wconf 80' lang='lat' dir='ltr'>quaerere,</span> <span class='ocrx_word' id='word_1_797' title='bbox 1963 2565 2117 2618; x_wconf 87' lang='lat' dir='ltr'>quando</span> <span class='ocrx_word' id='word_1_798' title='bbox 2157 2565 2320 2616; x_wconf 82' lang='lat' dir='ltr'>quisque</span> <span class='ocrx_word' id='word_1_799' title='bbox 2358 2565 2473 2602; x_wconf 80' lang='lat' dir='ltr'>fuerit</span> 
     </span>
     <span class='ocr_line' id='line_1_112' title="bbox 1353 2617 2473 2674; baseline -0.006 -13"><span class='ocrx_word' id='word_1_800' title='bbox 1353 2654 1379 2673; x_wconf 78' lang='lat'>,‚</span> <span class='ocrx_word' id='word_1_801' title='bbox 1409 2623 1642 2674; x_wconf 82' lang='lat' dir='ltr'>baptizatus,</span> <span class='ocrx_word' id='word_1_802' title='bbox 1673 2621 1735 2659; x_wconf 88' lang='lat' dir='ltr'>sed</span> <span class='ocrx_word' id='word_1_803' title='bbox 1764 2632 2026 2672; x_wconf 85' lang='lat' dir='ltr'>quoscumque</span> <span class='ocrx_word' id='word_1_804' title='bbox 2056 2617 2218 2669; x_wconf 86' lang='lat' dir='ltr'>legimus</span> <span class='ocrx_word' id='word_1_805' title='bbox 2249 2619 2285 2655; x_wconf 89' lang='lat' dir='ltr'>in</span> <span class='ocrx_word' id='word_1_806' title='bbox 2315 2631 2473 2669; x_wconf 85' lang='lat' dir='ltr'>corpore</span> 
     </span>
     <span class='ocr_line' id='line_1_113' title="bbox 1353 2671 2474 2726; baseline -0.006 -11"><span class='ocrx_word' id='word_1_807' title='bbox 1353 2707 1379 2726; x_wconf 84' lang='lat'><strong>„</strong></span> <span class='ocrx_word' id='word_1_808' title='bbox 1407 2675 1574 2723; x_wconf 79' lang='lat' dir='ltr'>Christi,</span> <span class='ocrx_word' id='word_1_809' title='bbox 1604 2675 1704 2726; x_wconf 80' lang='lat' dir='ltr'>quod</span> <span class='ocrx_word' id='word_1_810' title='bbox 1724 2683 1775 2711; x_wconf 88' lang='lat' dir='ltr'>est</span> <span class='ocrx_word' id='word_1_811' title='bbox 1791 2671 1963 2710; x_wconf 79' lang='lat' dir='ltr'>Ecclesia</span> <span class='ocrx_word' id='word_1_812' title='bbox 1980 2702 1990 2720; x_wconf 83' lang='lat'>‚</span> <span class='ocrx_word' id='word_1_813' title='bbox 2023 2673 2209 2724; x_wconf 90' lang='lat' dir='ltr'>pertinere</span> <span class='ocrx_word' id='word_1_814' title='bbox 2238 2671 2285 2709; x_wconf 86' lang='lat' dir='ltr'>ad</span> <span class='ocrx_word' id='word_1_815' title='bbox 2314 2685 2474 2722; x_wconf 85' lang='lat' dir='ltr'>regnum</span> 
     </span>
     <span class='ocr_line' id='line_1_114' title="bbox 1355 2723 2477 2780; baseline -0.005 -13"><span class='ocrx_word' id='word_1_816' title='bbox 1355 2760 1382 2780; x_wconf 83' lang='lat'><strong>„</strong></span> <span class='ocrx_word' id='word_1_817' title='bbox 1410 2728 1633 2775; x_wconf 87' lang='lat' dir='ltr'>Coelorum‚</span> <span class='ocrx_word' id='word_1_818' title='bbox 1682 2727 1826 2765; x_wconf 86' lang='lat' dir='ltr'>nonnisi</span> <span class='ocrx_word' id='word_1_819' title='bbox 1866 2726 2071 2778; x_wconf 73' lang='lat' dir='ltr'>baptizatos</span> <span class='ocrx_word' id='word_1_820' title='bbox 2112 2723 2325 2776; x_wconf 85' lang='lat' dir='ltr'>intelligere</span> <span class='ocrx_word' id='word_1_821' title='bbox 2364 2725 2477 2762; x_wconf 71' lang='lat' dir='ltr'>debe-</span> 
     </span>
     <span class='ocr_line' id='line_1_115' title="bbox 1356 2779 2474 2833; baseline -0.004 -13"><span class='ocrx_word' id='word_1_822' title='bbox 1356 2814 1382 2833; x_wconf 84' lang='lat'>„</span> <span class='ocrx_word' id='word_1_823' title='bbox 1413 2796 1497 2820; x_wconf 87' lang='lat' dir='ltr'>mus</span> <span class='ocrx_word' id='word_1_824' title='bbox 1515 2812 1524 2828; x_wconf 90' lang='lat'>‚</span> <span class='ocrx_word' id='word_1_825' title='bbox 1556 2782 1626 2818; x_wconf 89' lang='lat' dir='ltr'>nisi</span> <span class='ocrx_word' id='word_1_826' title='bbox 1656 2781 1749 2818; x_wconf 83' lang='lat' dir='ltr'>forte</span> <span class='ocrx_word' id='word_1_827' title='bbox 1778 2793 1871 2831; x_wconf 89' lang='lat' dir='ltr'>quos</span> <span class='ocrx_word' id='word_1_828' title='bbox 1900 2780 2071 2831; x_wconf 83' lang='lat' dir='ltr'>angustia</span> <span class='ocrx_word' id='word_1_829' title='bbox 2100 2779 2278 2830; x_wconf 84' lang='lat' dir='ltr'>passionis</span> <span class='ocrx_word' id='word_1_830' title='bbox 2309 2779 2474 2826; x_wconf 85' lang='lat' dir='ltr'>invenit,</span> 
     </span>
     <span class='ocr_line' id='line_1_116' title="bbox 1357 2831 2475 2887; baseline -0.002 -15"><span class='ocrx_word' id='word_1_831' title='bbox 1357 2867 1383 2886; x_wconf 82' lang='lat'><strong>„</strong></span> <span class='ocrx_word' id='word_1_832' title='bbox 1413 2835 1446 2872; x_wconf 73' lang='lat'>8&lt;</span> <span class='ocrx_word' id='word_1_833' title='bbox 1476 2834 1642 2874; x_wconf 89' lang='lat' dir='ltr'>nolentes</span> <span class='ocrx_word' id='word_1_834' title='bbox 1671 2847 1809 2887; x_wconf 87' lang='lat' dir='ltr'>negare</span> <span class='ocrx_word' id='word_1_835' title='bbox 1825 2832 2040 2881; x_wconf 79' lang='lat' dir='ltr'>Christum,</span> <span class='ocrx_word' id='word_1_836' title='bbox 2070 2840 2276 2887; x_wconf 81' lang='lat' dir='ltr'>antequam</span> <span class='ocrx_word' id='word_1_837' title='bbox 2305 2831 2475 2882; x_wconf 83' lang='lat' dir='ltr'>baptiza-</span> 
     </span>
    </p>

    <p class='ocr_par' dir='ltr' id='par_1_13' title="bbox 2341 2898 2427 2923">
     <span class='ocr_line' id='line_1_117' title="bbox 2341 2898 2427 2923; baseline -0.012 0"><span class='ocrx_word' id='word_1_838' title='bbox 2341 2898 2427 2923; x_wconf 88' lang='lat' dir='ltr'>ren—</span> 
     </span>
    </p>
   </div>
   <div class='ocr_carea' id='block_1_8' title="bbox 1351 2997 2472 3330">
    <p class='ocr_par' dir='ltr' id='par_1_14' title="bbox 1351 2997 2472 3330">
     <span class='ocr_line' id='line_1_118' title="bbox 1351 2997 2469 3053; baseline -0.01 -13"><span class='ocrx_word' id='word_1_839' title='bbox 1351 3006 1520 3053; x_wconf 76' lang='lat' dir='ltr'>quidem,</span> <span class='ocrx_word' id='word_1_840' title='bbox 1563 3003 1796 3038; x_wconf 70' lang='lat' dir='ltr'>scholasticos</span> <span class='ocrx_word' id='word_1_841' title='bbox 1834 3001 2002 3036; x_wconf 85' lang='lat' dir='ltr'>dissidere</span> <span class='ocrx_word' id='word_1_842' title='bbox 2041 3001 2075 3034; x_wconf 89' lang='lat' dir='ltr'>in</span> <span class='ocrx_word' id='word_1_843' title='bbox 2115 3001 2227 3034; x_wconf 78' lang='lat' dir='ltr'>forma</span> <span class='ocrx_word' id='word_1_844' title='bbox 2270 2999 2363 3032; x_wconf 81' lang='lat' dir='ltr'>illius</span> <span class='ocrx_word' id='word_1_845' title='bbox 2405 2997 2469 3029; x_wconf 79' lang='lat' dir='ltr'>ba-</span> 
     </span>
     <span class='ocr_line' id='line_1_119' title="bbox 1353 3043 2471 3099; baseline -0.013 -12"><span class='ocrx_word' id='word_1_846' title='bbox 1353 3054 1502 3099; x_wconf 68' lang='lat' dir='ltr'>pristini,</span> <span class='ocrx_word' id='word_1_847' title='bbox 1528 3052 1588 3096; x_wconf 80' lang='lat' dir='ltr'>qni</span> <span class='ocrx_word' id='word_1_848' title='bbox 1615 3053 1656 3085; x_wconf 84' lang='lat' dir='ltr'>ab</span> <span class='ocrx_word' id='word_1_849' title='bbox 1675 3049 1849 3096; x_wconf 77' lang='lat' dir='ltr'>Apostolis</span> <span class='ocrx_word' id='word_1_850' title='bbox 1877 3050 2122 3083; x_wconf 84' lang='lat' dir='ltr'>conferebatur</span> <span class='ocrx_word' id='word_1_851' title='bbox 2137 3071 2144 3079; x_wconf 90' lang='lat'><strong>.</strong></span> <span class='ocrx_word' id='word_1_852' title='bbox 2172 3047 2262 3081; x_wconf 80' lang='lat' dir='ltr'>Nam</span> <span class='ocrx_word' id='word_1_853' title='bbox 2278 3043 2443 3086; x_wconf 81' lang='lat' dir='ltr'>Magister</span> <span class='ocrx_word' id='word_1_854' title='bbox 2461 3064 2471 3081; x_wconf 87' lang='lat'><em>‚</em></span> 
     </span>
     <span class='ocr_line' id='line_1_120' title="bbox 1357 3089 2472 3141; baseline -0.013 -9"><span class='ocrx_word' id='word_1_855' title='bbox 1357 3104 1388 3133; x_wconf 71' lang='grc' dir='ltr'>δε</span> <span class='ocrx_word' id='word_1_856' title='bbox 1415 3099 1590 3133; x_wconf 82' lang='lat' dir='ltr'>Adrianus</span> <span class='ocrx_word' id='word_1_857' title='bbox 1617 3098 1843 3137; x_wconf 73' lang='lat' dir='ltr'>existimant,</span> <span class='ocrx_word' id='word_1_858' title='bbox 1888 3096 2070 3141; x_wconf 82' lang='lat' dir='ltr'>Apostolos</span> <span class='ocrx_word' id='word_1_859' title='bbox 2110 3103 2192 3127; x_wconf 90' lang='lat' dir='ltr'>tnnc</span> <span class='ocrx_word' id='word_1_860' title='bbox 2217 3092 2321 3124; x_wconf 74' lang='lat' dir='ltr'>eiiam</span> <span class='ocrx_word' id='word_1_861' title='bbox 2350 3089 2383 3120; x_wconf 89' lang='lat' dir='ltr'>in</span> <span class='ocrx_word' id='word_1_862' title='bbox 2410 3100 2472 3120; x_wconf 87' lang='lat' dir='ltr'>no-</span> 
     </span>
     <span class='ocr_line' id='line_1_121' title="bbox 1357 3135 2472 3188; baseline -0.013 -9"><span class='ocrx_word' id='word_1_863' title='bbox 1357 3147 1450 3180; x_wconf 87' lang='lat' dir='ltr'>mine</span> <span class='ocrx_word' id='word_1_864' title='bbox 1479 3145 1665 3179; x_wconf 82' lang='lat' dir='ltr'>Trinitatis</span> <span class='ocrx_word' id='word_1_865' title='bbox 1693 3144 1915 3188; x_wconf 77' lang='lat' dir='ltr'>baptizasse,</span> <span class='ocrx_word' id='word_1_866' title='bbox 1957 3144 2043 3186; x_wconf 75' lang='lat' dir='ltr'>qnod</span> <span class='ocrx_word' id='word_1_867' title='bbox 2085 3154 2170 3185; x_wconf 77' lang='lat' dir='ltr'>ego,</span> <span class='ocrx_word' id='word_1_868' title='bbox 2212 3136 2350 3180; x_wconf 81' lang='lat' dir='ltr'>inquit,</span> <span class='ocrx_word' id='word_1_869' title='bbox 2389 3135 2472 3166; x_wconf 72' lang='lat' dir='ltr'>milii</span> 
     </span>
     <span class='ocr_line' id='line_1_122' title="bbox 1358 3181 2472 3237; baseline -0.014 -11"><span class='ocrx_word' id='word_1_870' title='bbox 1358 3194 1562 3237; x_wconf 75' lang='lat' dir='ltr'>persuadere</span> <span class='ocrx_word' id='word_1_871' title='bbox 1589 3205 1652 3224; x_wconf 82' lang='lat' dir='ltr'>non</span> <span class='ocrx_word' id='word_1_872' title='bbox 1677 3204 1835 3235; x_wconf 82' lang='lat' dir='ltr'>possum.</span> <span class='ocrx_word' id='word_1_873' title='bbox 1874 3191 1952 3223; x_wconf 73' lang='lat' dir='ltr'>Alii</span> <span class='ocrx_word' id='word_1_874' title='bbox 1980 3202 2055 3222; x_wconf 75' lang='lat' dir='ltr'>uero</span> <span class='ocrx_word' id='word_1_875' title='bbox 2082 3187 2240 3222; x_wconf 76' lang='lat' dir='ltr'>tradunt,</span> <span class='ocrx_word' id='word_1_876' title='bbox 2278 3194 2335 3213; x_wconf 85' lang='lat' dir='ltr'>eos</span> <span class='ocrx_word' id='word_1_877' title='bbox 2363 3181 2472 3223; x_wconf 72' lang='lat' dir='ltr'>bapti-</span> 
     </span>
     <span class='ocr_line' id='line_1_123' title="bbox 1361 3230 2471 3278; baseline -0.014 -5"><span class='ocrx_word' id='word_1_878' title='bbox 1361 3253 1437 3274; x_wconf 75' lang='lat' dir='ltr'>zare</span> <span class='ocrx_word' id='word_1_879' title='bbox 1464 3243 1500 3272; x_wconf 87' lang='lat' dir='ltr'>in</span> <span class='ocrx_word' id='word_1_880' title='bbox 1525 3243 1657 3274; x_wconf 79' lang='lat' dir='ltr'>nomine</span> <span class='ocrx_word' id='word_1_881' title='bbox 1682 3237 1766 3271; x_wconf 78' lang='lat' dir='ltr'>Jesu</span> <span class='ocrx_word' id='word_1_882' title='bbox 1786 3236 1949 3276; x_wconf 70' lang='lat' dir='ltr'>Christi,</span> <span class='ocrx_word' id='word_1_883' title='bbox 1975 3236 2014 3269; x_wconf 72' lang='lat' dir='ltr'>id</span> <span class='ocrx_word' id='word_1_884' title='bbox 2038 3234 2124 3278; x_wconf 76' lang='lat' dir='ltr'>qnod</span> <span class='ocrx_word' id='word_1_885' title='bbox 2144 3230 2368 3263; x_wconf 64' lang='lat' dir='ltr'>verisimilius</span> <span class='ocrx_word' id='word_1_886' title='bbox 2395 3235 2471 3259; x_wconf 75' lang='lat' dir='ltr'>est.</span> 
     </span>
     <span class='ocr_line' id='line_1_124' title="bbox 1361 3273 2471 3330; baseline -0.015 -8"><span class='ocrx_word' id='word_1_887' title='bbox 1361 3285 1427 3322; x_wconf 77' lang='lat' dir='ltr'>Sed</span> <span class='ocrx_word' id='word_1_888' title='bbox 1452 3285 1524 3321; x_wconf 82' lang='lat' dir='ltr'>haec</span> <span class='ocrx_word' id='word_1_889' title='bbox 1551 3294 1601 3318; x_wconf 80' lang='lat' dir='ltr'>est</span> <span class='ocrx_word' id='word_1_890' title='bbox 1620 3285 1686 3319; x_wconf 75' lang='lat' dir='ltr'>alia</span> <span class='ocrx_word' id='word_1_891' title='bbox 1712 3284 1885 3330; x_wconf 70' lang='lat' dir='ltr'>quaestio,</span> <span class='ocrx_word' id='word_1_892' title='bbox 1911 3293 2017 3327; x_wconf 74' lang='lat' dir='ltr'>quarn</span> <span class='ocrx_word' id='word_1_893' title='bbox 2030 3278 2214 3314; x_wconf 78' lang='lat' dir='ltr'>facilenon</span> <span class='ocrx_word' id='word_1_894' title='bbox 2233 3283 2284 3310; x_wconf 85' lang='lat' dir='ltr'>est</span> <span class='ocrx_word' id='word_1_895' title='bbox 2310 3273 2471 3308; x_wconf 75' lang='lat' dir='ltr'>definire.</span> 
     </span>
    </p>
   </div>
  </div>
 </body>
</html>
