2605 3624
702 191 782 238 DE
818 189 1186 234 REBAPTISMI
1219 188 1692 233 CONTROVERSIA
1717 220 1728 231 .

59 280 276 334 Utrumque
304 276 482 322 ostendo;
512 274 545 312 ἃ
574 272 731 328 quidem
759 276 930 322 primum
949 296 959 307 .
1007 269 1106 307 Nam
1135 268 1176 306 S.

56 333 165 373 Pater
193 347 266 372 non
297 344 398 378 une,
441 328 500 367 vel
531 328 678 374 altero,
720 335 784 364 aut
827 326 958 377 paucis
988 324 1026 361 in
1059 322 1176 368 locis,

56 389 120 426 sed
150 387 263 440 plane
292 383 499 422 innumeris
518 381 758 434 Cyprianum
788 378 950 430 agnoscit
981 385 1172 413 auctorem

57 440 268 479 litterarum
288 436 334 474 ad
350 432 577 488 Pompeium
595 464 606 483 ,
627 433 673 471 ad
689 431 925 484 Stephanum
945 460 954 478 ‚
985 430 1030 467 ad
1051 430 1174 476 Quin-

59 500 170 540 tum,
205 490 253 529 ad
279 488 541 540 Jubajanum,
585 489 618 524 ἃ
649 486 696 524 ad
724 486 906 538 quosdam
937 482 1030 520 alins
1060 481 1176 520 colle·

62 558 126 598 gas
152 556 262 589 suos3
290 556 359 580 nec
391 541 514 580 ullum
545 541 603 579 vel
635 540 872 578 levissimum
905 535 1178 589 praebetdubi-

57 597 232 645 tationis,
262 605 325 633 ant
354 594 576 633 haesitantioe
607 602 894 645 argumentum.
925 588 1105 628 Secunzlo
1135 602 1176 626 u-

57 649 266 702 bicumque
294 649 334 688 S.
366 648 578 701 Martyrem
610 660 787 689 excusare
816 645 1058 696 aggreditur,
1103 654 1175 679 non

58 702 228 754 confugit
249 702 296 740 ad
318 702 600 740 Donatistarum
623 700 773 739 fraudes
790 729 800 747 ,
829 698 968 751 quibus
1003 698 1178 734 innocen-

58 757 87 794 ti
117 755 220 794 huuc
250 768 416 794 errorem
446 758 643 807 imponere
674 761 871 804 potueruut
889 781 898 798 ,
937 750 999 787 sed
1030 748 1088 786 vel
1118 748 1176 808 di-

58 810 135 857 cit,
177 823 267 847 eum
297 809 410 846 fuisse
439 810 485 847 ad
516 808 750 860 palinodiam
782 813 956 857 paratum
975 832 984 850 ‚
1028 803 1058 839 si
1093 814 1177 838 unt-

57 861 216 900 versalis
245 861 430 901 Ecclesiae
459 861 647 914 judicium
679 859 930 904 interfuisset,
974 864 1012 892 ut
1055 862 1179 906 postea

61 915 259 960 interfuit3
288 915 348 954 vel
379 929 465 953 eum
489 922 639 952 excusat
664 911 839 964 exemplo
860 909 1087 961 Aggrippini
1105 939 1115 952 ,
1146 908 1179 943 δε

60 968 225 1006 aliorum
256 969 294 1006 in
316 967 447 1006 Africa
463 967 762 1020 Episcoporum,
792 965 860 1016 qni
890 965 1015 1014 ipsum
1047 962 1086 998 in
1110 960 1178 998 hac

59 1023 243 1059 sententia
272 1029 545 1072 praecesserimt
564 1035 572 1063 ;
603 1019 661 1056 vel
685 1019 834 1055 fortasse
856 1016 1075 1054 sententiam
1096 1027 1178 1051 cor-

60 1075 199 1112 rexisse
227 1076 242 1124 (
265 1083 303 1110 ut
324 1075 362 1111 in
385 1073 504 1124 Epist.
521 1071 658 1110 XClll.
676 1072 718 1119 );
763 1069 822 1108 vel
853 1069 1002 1106 tandem
1034 1077 1178 1119 marty-

58 1128 108 1164 tii
138 1125 233 1163 falce
263 1127 376 1164 fuisse
405 1125 501 1164 illud
532 1135 648 1162 totum
691 1132 928 1176 amputatum
947 1152 958 1170 ,
1002 1121 1102 1172 quod
1141 1135 1179 1157 e-

60 1179 320 1217 mendandum
349 1188 454 1228 erat,
485 1178 519 1215 ἃ
548 1178 616 1217 ilia
644 1176 731 1215 luce
755 1175 1086 1214 obumbrationem
1119 1174 1179 1211 fu-

60 1241 186 1283 gatam
204 1258 214 1269 .
246 1231 340 1270 Hoec
356 1234 482 1270 omnia
498 1231 698 1270 ostendunt
716 1260 726 1278 ,
756 1229 814 1269 vel
834 1241 983 1281 prorsus
1000 1226 1148 1264 nullum
1167 1256 1178 1274 ,

60 1285 123 1322 vet
153 1287 301 1324 nonnisi
331 1284 567 1324 levissimum
598 1284 751 1321 haesisse
783 1283 992 1333 Augustino
1021 1293 1181 1332 scrupu-

60 1335 144 1376 lum
175 1339 219 1376 de
247 1338 443 1376 calumnia
472 1353 494 1377 a
524 1338 729 1376 Donatistis
752 1337 954 1388 Cypriano
989 1332 1155 1371 affictam
1173 1360 1184 1372 .

127 1391 214 1436 14².
242 1392 316 1430 Sed
347 1401 530 1444 praeterea
560 1390 661 1429 hunc
682 1389 1006 1442 qualemcumque
1026 1401 1184 1438 scrupu-

65 1440 150 1481 lum
180 1457 254 1482 nou
285 1444 382 1493 sibi,
423 1446 486 1483 sed
517 1444 602 1483 aliis
633 1444 849 1489 inhaesisse,
879 1450 1008 1494 aperte
1038 1439 1183 1493 signifi-

59 1505 120 1534 cat
149 1497 188 1535 S.
221 1496 358 1535 Doctor
387 1499 424 1536 in
455 1499 556 1536 laud.
587 1497 706 1550 Epist.
737 1497 784 1534 ad
816 1495 1060 1533 Vincentium
1085 1524 1094 1541 ,
1127 1495 1184 1530 in-

60 1550 216 1600 quiens:
250 1549 493 1602 Quanquam
519 1565 602 1589 non
631 1551 786 1598 desint,
816 1551 881 1599 qui
910 1547 981 1585 hoc
1014 1546 1184 1600 Cypria-

62 1613 159 1640 nwn
187 1616 345 1653 prorsus
373 1617 452 1642 non
481 1609 652 1644 sensisse
680 1602 958 1646 contentarum
995 1600 1027 1636 8<
1057 1609 1184 1652 postea

63 1655 214 1694 subdit:
256 1655 344 1695 Nos
373 1668 508 1696 antem
538 1658 640 1695 <luas
667 1657 714 1694 ob
743 1669 806 1693 res
847 1668 928 1692 non
956 1667 1154 1705 negamus
1171 1683 1182 1700 ,

65 1707 161 1746 illud
189 1713 360 1748 sensisse
392 1710 640 1763 (ζγρνὶιιηιιιη
669 1710 785 1756 (φα,
829 1708 1026 1745 manifeste
1067 1716 1186 1743 osten-

63 1760 185 1808 dens,
215 1775 289 1799 non
309 1763 410 1810 sibi,
441 1766 503 1800 sed
531 1763 616 1801 aliis
646 1772 776 1800 natum
808 1761 921 1798 fuisse
949 1760 1112 1796 dubium
1141 1759 1186 1794 de

64 1814 224 1851 veritate
253 1813 368 1864 hujus
387 1817 651 1853 controversiae
671 1845 680 1861 ,
711 1829 747 1852 se
768 1822 892 1850 autem
925 1811 993 1849 hoc
1022 1812 1185 1849 dubium

65 1878 220 1917 prorsus
251 1881 452 1918 respuere.
482 1869 529 1907 Et
560 1869 647 1906 Lib.
666 1867 733 1905 Vt.
774 1865 834 1904 De
864 1865 1070 1915 Baptismo
1100 1879 1184 1916 cap.

69 1919 133 1956 15.
162 1919 207 1956 de
230 1919 349 1971 Epist.
379 1920 420 1959 S.
439 1922 627 1973 Cypriani
658 1922 704 1959 ad
733 1919 967 1972 Stephanum
999 1918 1156 1969 loquens
1174 1948 1184 1966 ,

67 1967 181 2008 :Nam
209 1972 260 2012 (¹9⁵
286 1977 441 2023 ipsam,
468 1975 616 2024 inquit,
645 1977 685 2010 in
715 1977 788 2010 isto
807 1980 906 2009 coetu
926 1970 1187 2008 Sacerdotum

65 2023 86 2074 (
105 2022 250 2062 scilicet
276 2026 317 2062 in
335 2025 508 2063 Concilio
523 2027 588 2063 ΙΙΙ.
608 2025 894 2075 Carthaginensi
912 2023 926 2070 )
957 2024 1103 2060 lectam
1127 2036 1187 2060 es·

68 2088 113 2114 se
141 2075 268 2126 dixit,
310 2078 413 2128 quod
436 2076 606 2130 factum
632 2082 798 2116 omnino
826 2090 905 2115 non
935 2074 1063 2114 cl-ztbito
1080 2103 1090 2114 .
1140 2075 1187 2113 Et

63 2141 154 2168 eane
181 2131 266 2182 quis
294 2131 368 2169 sibi
396 2132 638 2185 persuadeat,
671 2132 831 2184 potuisse
862 2130 1099 2175 Donatistas,
1131 2139 1188 2166 ut-

63 2190 107 2220 ut
137 2193 354 2222 veterator-es
384 2187 586 2237 pessimos,
616 2185 805 2236 Epistolas
824 2184 864 2222 S.
880 2184 1068 2236 Cypriani
1098 2196 1186 2221 con-

65 2234 213 2288 fingere
230 2266 240 2284 ,
270 2251 358 2290 quae
379 2247 496 2277 essent
511 2240 758 2292 Cyprianicis
779 2246 854 2275 tam
877 2236 1040 2284 similes,
1069 2250 1187 2287 quam

65 2300 181 2326 ovum
209 2301 308 2337 ονο,
337 2304 426 2330 cnm
444 2322 455 2340 ,
486 2301 526 2330 nt
553 2294 604 2330 ait
627 2293 726 2329 idem
749 2292 982 2342 Augustinus
1014 2292 1050 2327 in
1083 2290 1185 2326 laud.

67 2339 190 2393 Epist.
213 2343 261 2381 ad
279 2343 526 2382 Vincentium
544 2375 554 2393 ,
584 2346 694 2382 stilus
713 2347 799 2391 eius
819 2343 963 2382 habeat
982 2347 1187 2393 propriam

53 2392 242 2446 faciem,
270 2409 348 2446 qua
367 2401 486 2448 possit
502 2397 700 2451 agnosci?
730 2394 892 2436 Potuisse
916 2397 1073 2434 ulterius
1087 2396 1188 2433 Con·

66 2445 202 2486 cilium
221 2461 286 2505 9⁰·
310 2450 591 2502 Episcoporum
622 2452 884 2499 comminisci,
914 2464 1002 2487 cum
1035 2450 1188 2500 proprio

63 2501 368 2556 ‘uniuscujusque
397 2503 578 2543 nomine?
607 2505 663 2543 Ac
677 2506 840 2557 denique
860 2505 973 2541 etiam
990 2503 1184 2540 decretum

65 2550 251 2605 Stephani
281 2555 325 2594 R.
356 2555 398 2596 P.
426 2558 645 2607 fabricare,
675 2559 776 2610 quod
806 2559 975 2610 ipsorum
1007 2554 1187 2608 jugulum

72 2607 249 2655 petebat?

132 2658 219 2703 143.
246 2661 356 2702 Instat
383 2671 508 2703 tamen
537 2665 599 2705 hic
636 2667 762 2703 acrius
789 2664 978 2716 Cypriani
1023 2662 1156 2701 vindex
1176 2688 1187 2700 .

72 2707 116 2769 S:
148 2711 372 2764 Augustinus
399 2722 580 2758 sexcentis
611 2719 649 2756 in
679 2718 768 2756 locis
796 2719 1039 2770 Cypriauum
1071 2729 1189 2767 oppo-

72 2762 378 2822 mt.D⁰¹¹·'-Uisti³,
406 2773 582 2822 quinimo
609 2781 768 2824 quatuor
799 2772 934 2823 primis
965 2772 1116 2822 integris
1147 2770 1192 2806 li-

77 2812 186 2862 ῙῊῊ,
227 2832 319 2869 quos
345 2823 391 2859 de
420 2824 611 2876 Baptismo
637 2836 766 2862 contra
797 2827 895 2876 ipsos
924 2824 1065 2870 edidit,
1096 2836 1193 2860 sem-

79 2879 151 2917 Per
180 2874 398 2913 auctoritate
422 2877 607 2929 Cypriani
638 2892 674 2915 se
705 2892 908 2930 pugnasse,
939 2877 1071 2915 scribit
1102 2876 1190 2914 Lib.

75 2919 126 2957 11.
157 2931 287 2960 contra
305 2925 543 2967 Cresconium
560 2956 571 2968 .
602 2930 684 2968 Vel·
703 2946 788 2983 ergo
807 2931 1011 2968 dicendum
1043 2939 1092 2967 est
1109 2960 1119 2977 ,
1148 2928 1190 2967 S.

77 2970 296 3034 martyrem
317 2976 388 3015 sibi
409 2993 586 3031 perpetuo
607 2996 814 3035 repugnare
829 3014 840 3031 ,
869 2984 968 3036 quod
990 2984 1035 3020 de
1055 2983 1191 3020 doctis-

76 3037 176 3085 stmo
205 3027 272 3064 ulo
301 3030 383 3067 viro
411 3032 616 3071 absurdum
637 3047 687 3073 est
707 3038 916 3086 suspicari3
946 3035 1006 3073 vel
1039 3037 1190 3086 ineptis·

76 3090 174 3116 sime
203 3095 224 3117 a
253 3081 293 3119 S.
312 3084 519 3133 Augustino
548 3087 661 3123 fuisse
690 3087 771 3137 ejus
791 3091 1052 3127 auctoritatem
1084 3103 1186 3126 usur·

76 3140 206 3182 patant
224 3162 235 3181 ,
264 3136 364 3186 quod
393 3137 532 3186 pariter
560 3147 651 3174 esset
671 3148 768 3175 tanto
789 3140 945 3178 Doctore
967 3143 1190 3193 indignnm;

78 3183 140 3220 vel
168 3187 270 3237 qnod
298 3191 470 3226 omnium
501 3191 751 3227 verosimilius
779 3201 856 3238 est,
887 3206 1052 3232 errorem
1083 3195 1191 3231 reba-

82 3237 300 3294 ptizantium
333 3242 446 3279 fuisse
477 3244 666 3280 immerito
695 3243 733 3280 S.
763 3243 958 3294 Cypriane
986 3260 1009 3282 a
1036 3246 1193 3284 Donati-

83 3295 147 3325 stis
174 3291 340 3332 affictum
358 3320 368 3332 .

87 3390 96 3396 -
145 3341 229 3387 ¹44·
257 3344 368 3398 Resp.
388 3351 515 3399 primo
532 3379 542 3397 ,
571 3349 611 3387 S.
635 3349 884 3399 Angustinum
905 3348 1108 3386 Donatistis
1127 3349 1195 3386 ob-

82 3405 215 3442 jecisse
243 3396 283 3436 S.
310 3399 494 3452 Cypriani
528 3403 843 3448 moderationem,
875 3401 908 3437 δι
937 3402 1161 3441 charitatem
1183 3431 1196 3451 ‚

195 3447 430 3507 Gazzanigu.
462 3454 589 3495 theol.
620 3454 654 3493 T
657 3468 735 3495 om.
758 3455 861 3495 Vnt.

2230 200 2308 242 ¹05

1245 277 1326 305 tum
1357 269 1447 320 quia
1476 282 1513 305 se
1543 267 1590 304 ab
1621 268 1790 306 Ecclesia
1820 284 1894 309 non
1925 274 2136 324 sepuavit,
2178 277 2364 328 quemad.

1244 322 1401 359 niodum
1435 322 1602 359 fecerunt
1623 321 1854 359 schismatici
1877 325 2107 372 Donatistae,
2138 338 2217 366 tum
2248 332 2363 367 etiam

1243 375 1334 426 quia
1364 383 1517 426 paratus
1547 383 1624 411 erat
1653 376 1819 424 corrigi,
1857 377 1885 412 si
1918 390 1973 413 res
2004 381 2038 414 iu
2070 381 2236 428 plenario
2263 384 2363 419 Con-

1243 427 1333 465 cilio
1363 427 1555 479 eliquata,
1586 426 1620 462 8<
1648 427 1807 465 definita
1838 428 1986 476 fuisset,
2030 433 2091 467 cui
2124 437 2364 482 pertinaciter

1245 480 1463 518 resistebant
1498 481 1734 528 Donatistae,
1777 482 1844 532 qui
1890 492 2083 533 propterea
2127 499 2197 521 nnn
2240 487 2364 525 sulum

1244 534 1503 580 schismatici,
1535 535 1595 570 sed
1628 532 1737 583 plane
1761 533 1929 572 haeretici
1955 537 2042 573 iacti
2065 547 2174 581 suut3
2204 545 2282 575 tum
2301 541 2363 576 de-

1245 601 1351 624 mum
1382 589 1472 639 quia
1489 587 1707 639 Cyprianus
1731 587 1995 625 haereticorum
2018 590 2172 640 quidem
2191 620 2201 636 ,
2231 594 2295 640 qui
2317 594 2364 629 ab

1247 640 1420 679 Ecclesia
1437 642 1606 677 exierunt
1624 670 1634 687 ,
1657 654 1727 677 non
1750 650 1873 677 autem
1899 653 2136 690 p¹¹ccatoruin
2155 672 2165 690 ,
2194 645 2261 694 qui
2284 654 2368 682 suut

1247 694 1285 731 in
1315 692 1512 740 Ecclesia,
1556 693 1789 743 baptismum
1831 696 2046 745 improbat,
2092 705 2130 732 nt
2162 696 2368 733 Donatista

1247 746 1545 799 improbabant.
1579 746 1645 784 His
1673 747 1718 796 de
1748 748 1868 784 causis
1899 762 1985 784 vere
2017 758 2157 800 poterat
2177 748 2217 786 S.
2241 750 2371 799 Augu-

1246 801 1366 838 stinus
1394 799 1434 837 S.
1463 800 1708 852 Cyprianum
1748 801 1875 852 impiis
1907 801 2109 840 Donatistis
2150 815 2369 852 opponere.

1246 854 1474 904 Opponebat
1503 854 1617 890 etiam
1658 853 1862 905 aliquando
1904 854 2072 905 ejusdem
2113 856 2152 893 S.
2181 856 2374 907 Cypriani

1246 906 1453 944 orthodoxa
1483 907 1674 958 principia
1705 908 1823 958 ipsius
1852 907 2038 960 Cypriani
2070 910 2214 955 errori,
2259 922 2371 960 argu-

1249 968 1401 1007 mentO,
1434 969 1470 996 ut
1500 960 1575 997 dici
1606 958 1722 1007 solet,
1753 961 1800 998 ad
1822 960 2039 998 hommem.
2070 963 2147 1009 Qui
2179 963 2282 998 euim
2313 975 2372 998 er-

1248 1022 1359 1059 rant,
1391 1021 1429 1049 ut
1449 1021 1546 1050 certe
1562 1013 1780 1064 Cyprianus
1809 1014 1981 1062 errabat,
2015 1016 2126 1052 facile
2156 1016 2230 1053 sibi
2253 1016 2372 1067 ipsis,

1247 1068 1399 1117 suisque
1427 1066 1641 1103 orthodoxis
1672 1069 1871 1118 principiis
1904 1079 2140 1119 repugnant.

1307 1119 1393 1165 145.
1425 1118 1517 1165 Obj.
1546 1128 1687 1169 quarto
1722 1130 1946 1170 perpetuum
1980 1122 2020 1157 S.
2051 1122 2179 1171 Optati
2211 1120 2369 1159 Milevi-

1247 1175 1322 1210 tani
1352 1173 1397 1210 tle
1419 1172 1668 1223 S.Cypriauo
1697 1173 1914 1220 silentium,
1943 1187 2032 1210 cum
2063 1183 2188 1211 tamen
2219 1176 2296 1225 ipse
2319 1188 2375 1211 se-

1249 1234 1351 1278 ptem
1382 1227 1539 1276 integris
1568 1224 1676 1262 libris
1719 1226 1764 1261 de
1799 1226 2032 1275 rebaptismo
2061 1237 2189 1264 contra
2219 1226 2371 1264 Parme-

1247 1280 1409 1316 nianum
1439 1278 1711 1328 disputaverit.
1757 1278 1837 1315 Hoc
1867 1278 2061 1316 silentium
2094 1280 2288 1317 manifeste
2319 1281 2376 1316 in·

1252 1333 1377 1379 dicat,
1420 1346 1442 1368 a
1472 1330 1673 1369 Donatistis
1703 1344 1777 1368 non
1810 1332 1924 1368 fuisse
1952 1333 2139 1384 Cypriani
2173 1333 2376 1370 auctorita-

1255 1394 1329 1424 tem
1359 1383 1571 1436 objectam,
1601 1398 1678 1436 qua
1708 1387 1838 1437 utique
1866 1384 1972 1422 abuti
2003 1390 2092 1422 non*
2115 1387 2377 1436 praetermisis-

1252 1448 1356 1486 sent,
1395 1440 1422 1476 si
1456 1451 1584 1475 revera
1614 1451 1745 1475 eorum
1776 1441 1964 1475 sententiae
1995 1439 2035 1476 S.
2067 1438 2218 1491 Martyr
2249 1440 2378 1476 fuisset

1253 1493 1509 1545 patrocinatus
1524 1517 1534 1528 .
1565 1490 1709 1528 Pariter
1732 1490 1885 1529 l’ontius
1908 1492 2097 1529 Diaconus
2116 1521 2126 1538 ,
2156 1493 2222 1544 qui
2244 1492 2283 1529 S.
2300 1492 2378 1543 Cy-

1254 1548 1388 1597 priano
1421 1543 1631 1582 indivulsus
1661 1557 1786 1581 comes
1815 1545 2002 1592 adhaesit‚
2040 1544 2198 1596 ejusque
2230 1545 2344 1582 vitam
2363 1574 2376 1592 ‚

1253 1599 1286 1633 ἃ
1318 1598 1525 1648 passionem
1557 1596 1963 1647 quamdiligentissime
1995 1598 2239 1649 conscripsit,
2278 1596 2378 1635 nihil.

1252 1664 1404 1702 prorsus
1434 1650 1479 1686 de
1510 1648 1580 1686 hac.
1610 1650 1862 1686 controversia
1901 1659 2113 1687 memorat.
2156 1650 2249 1688 Silet
2287 1651 2379 1689 item

1252 1705 1297 1741 de
1327 1703 1446 1740 tribus
1475 1701 1665 1754 Synodis,
1696 1716 1789 1754 quas
1819 1702 1864 1739 ad
1895 1716 1979 1740 eam
2008 1703 2266 1741 dirimendam
2296 1704 2376 1755 Cy-

1254 1757 1410 1808 prianus
1431 1755 1658 1806 Carthagine
1679 1756 1841 1807 coegisse
1861 1755 2021 1792 dicitur.
2052 1755 2226 1794 Tandem
2250 1758 2289 1794 in
2308 1757 2376 1793 de-

1253 1811 1362 1847 cretis
1393 1810 1584 1847 variarum
1615 1808 1884 1860 Synodorum,
1924 1807 1956 1843 8t
1988 1810 2024 1845 in
2055 1809 2222 1859 Legibus
2251 1810 2377 1860 {mpe-

1254 1872 1421 1899 ratorum
1442 1863 1674 1909 Constantii,
1705 1860 1998 1908 Valentiniani,
2028 1860 2061 1897 8<
2082 1863 2257 1899 Gratiani
2286 1875 2379 1899 con-

1255 1924 1310 1953 tra
1341 1914 1611 1965 rebaptizantes
1640 1912 1745 1952 nulla
1777 1928 1927 1966 prorsus
1957 1915 2148 1953 iuvenitur
2168 1913 2281 1966 hujus
2302 1922 2382 1953 tam

1255 1967 1414 2006 celebris
1444 1970 1712 2006 controversiae
1744 1969 1908 2006 mentio.

1315 2020 1401 2067 146.
1433 2020 1571 2071 Resp.,
1603 2021 1687 2058 haec
1716 2023 1848 2060 omnia
1877 2036 1954 2060 esse
1984 2030 2205 2074 argumenta
2233 2022 2383 2073 negati-

1255 2088 1302 2112 va
1320 2104 1331 2122 ,
1360 2074 1501 2127 quibus
1533 2084 1570 2112 ut
1599 2074 1755 2127 aliquod
1787 2075 1932 2127 pondus
1956 2076 2116 2124 inesset,
2148 2089 2294 2114 necesse
2327 2075 2381 2112 so-

1256 2137 1311 2165 ret
1338 2129 1558 2176 ostendere,
1601 2129 1775 2167 debuisse
1803 2130 1959 2167 omnino
1990 2131 2027 2167 in
2058 2128 2217 2168 laudatis
2247 2142 2382 2166 monu-

1255 2184 1389 2219 mentis
1418 2184 1681 2220 cout-roversiae
1709 2183 1956 2234 Cypriauicae
1997 2183 2225 2220 mentionem
2264 2182 2348 2219 fieri
2367 2210 2380 2228 ‚

1254 2235 1354 2286 quod
1387 2237 1555 2286 praestari
1585 2236 1634 2274 ab
1663 2237 1858 2287 ingenioso
1878 2236 2091 2274 adversario
2112 2236 2265 2287 nequit.
2299 2233 2382 2271 Pri·-

1256 2302 1322 2325 mo
1354 2288 1631 2337 l’armeniano,
1671 2289 1705 2325 8<
1738 2290 1939 2327 Donatistis
1968 2298 2097 2326 contra
2127 2300 2218 2338 quos
2248 2288 2380 2337 dispu-

1255 2343 1348 2379 tavit
1377 2342 1416 2378 S.
1447 2343 1636 2391 Optatus,
1677 2356 1752 2379 non
1785 2342 1906 2379 solum
1946 2340 2052 2377 nullo
2096 2339 2382 2387 emolumento,

1255 2395 1316 2432 sed
1350 2394 1461 2446 plane
1490 2396 1714 2432 detrimento
1745 2396 1871 2432 fuisset
1901 2393 2087 2445 Cypriani
2119 2395 2382 2430 anctoritatem

1256 2447 1419 2495 afferre,
1451 2457 1575 2499 utpote
1605 2449 1669 2499 qui
1704 2449 1792 2497 ipsis
1822 2447 2093 2484 adversabatur
2113 2456 2269 2499 aperte;
2300 2455 2383 2482 tum

1257 2502 1296 2538 in
1326 2502 1580 2543 controversia
1612 2501 1791 2551 baptismi
1822 2500 1871 2538 ab
1904 2501 2032 2551 impiis
2063 2499 2220 2546 collati,
2266 2512 2384 2550 quem

1255 2554 1473 2606 Cyprianus
1502 2554 1748 2600 admittebat,
1781 2553 2007 2603 rejiciebant
2038 2566 2125 2590 vero
2150 2552 2381 2597 Donatistae5

1256 2616 1337 2644 tum
1370 2609 1537 2644 maxime
1569 2608 1605 2644 in
1634 2607 1862 2653 schismate,
1893 2620 1914 2643 a
1943 2619 2022 2658 qno
2050 2619 2197 2656 semper
2217 2606 2382 2656 Cypria-

1257 2674 1328 2698 nus
1365 2659 1590 2698 abhorruit.
1641 2659 1808 2697 Ulterius
1843 2661 2095 2697 controversia
2136 2661 2232 2696 iuter
2262 2659 2381 2708 (sipta-

1260 2723 1368 2760 tnm,
1399 2712 1432 2748 St
1455 2712 1747 2751 parmenianum
1779 2722 1856 2750 erat
1888 2714 2122 2764 potissimum
2155 2712 2198 2748 de
2218 2710 2382 2748 Ordina-

1259 2767 1358 2805 tione
1372 2767 1606 2815 Caeciliani„
1636 2781 1752 2819 quam
1772 2763 2009 2817 illegitimam
2029 2795 2039 2813 ,
2069 2765 2102 2801 ἃ
2125 2766 2269 2803 irritam
2294 2765 2383 2800 ,fuis-

1261 2835 1298 2858 se
1330 2820 1533 2857 Douatistoe
1564 2819 1864 2865 contendebant,
1908 2828 2034 2870 utpote
2064 2833 2085 2855 a
2115 2817 2383 2854 Traditoribus

1261 2875 1428 2918 sactam3
1475 2882 1511 2910 nt
1542 2873 1711 2924 legitima
1747 2882 1873 2909 autem
1908 2871 1941 2907 ἃ
1976 2871 2101 2909 valida
2136 2870 2185 2908 ab
2215 2872 2382 2919 Optato,

1260 2928 1468 2979 ceterisque
1483 2925 1688 2964 Catholicis
1706 2925 1904 2977 Episcopis
1921 2924 2133 2962 habebatur
2150 2950 2160 2961 .
2192 2921 2283 2961 Vid.
2300 2937 2384 2974 sup.

1259 2994 1381 3032 n.27.
1414 2981 1601 3018 l’raeterea
1629 2979 1662 3016 &
1695 2979 1801 3017 Libri
1834 2977 2072 3015 Parmenioni
2104 2978 2322 3028 perierunt,
2353 2975 2386 3010 &

1258 3033 1380 3072 multa
1408 3033 1485 3071 alia
1513 3035 1671 3085 Optatus
1701 3034 1780 3084 ipse
1825 3033 2094 3084 praeterinisit;
2139 3031 2235 3068 uude
2279 3028 2385 3066 nulla

1257 3089 1358 3139 apud
1392 3088 1516 3138 ipsum
1540 3088 1753 3124 inveniatur
1775 3086 1917 3122 mentio
1934 3085 2078 3136 Legum
2104 3082 2383 3135 imperialium,

1259 3140 1293 3176 &
1321 3141 1485 3179 Concilii
1518 3140 1622 3177 illius
1652 3138 1845 3190 plenarii,
1875 3140 1975 3190 qnod
2006 3139 2047 3176 S.
2066 3138 2295 3186 Augustinus
2324 3148 2383 3171 ce-

1262 3193 1452 3231 lebratum
1484 3194 1596 3231 refert
1625 3202 1752 3230 eontra
1775 3192 2076 3244 rebaptizantes.
2110 3188 2324 3242 Disputavit
2345 3201 2381 3223 e-

1262 3247 1418 3299 quidem
1439 3247 1601 3299 Optatus
1630 3248 1743 3283 etiam
1773 3245 1818 3282 de
1839 3245 2058 3297 Baptismo,
2087 3243 2149 3280 sed
2179 3241 2381 3280 admodum

1263 3299 1448 3348 obscure,
1494 3309 1532 3337 ut
1561 3300 1606 3336 de
1635 3298 1717 3350 ejus
1748 3306 1869 3335 mente
1898 3300 2054 3337 omuino
2083 3296 2172 3333 certi
2204 3302 2379 3350 essetnon

1264 3354 1448 3402 possimus
1478 3351 1609 3404 (Vide
1637 3366 1722 3404 sup.
1752 3366 1793 3389 n.
1821 3351 1905 3396 104.
1926 3352 1960 3397 );
1991 3349 2052 3388 sed
2082 3348 2152 3385 sibi
2185 3352 2378 3400 coustitue-

1264 3412 1347 3454 ιιι,
1377 3405 1475 3446 hanc
1503 3406 1750 3456 quaestionem
1768 3433 1779 3451 ‚
1808 3402 1937 3455 judice
1967 3399 2224 3442 tautummodo
2251 3395 2378 3432 hvan-

1711 3456 1758 3504 14
2270 3458 2332 3496 ge-
