2605 3624
716 97 797 141 DE
832 92 1266 140 SACRAMENTIS
1298 90 1471 136 ANTE
1504 89 1847 136 cHtuS‘rUM.
2308 106 2352 134 ιι

113 191 203 234 qnae
231 177 443 234 specialiter
471 176 518 215 ad
546 175 787 224 Sacerdotes,
818 175 851 210 ἃ
881 174 1058 222 Levitas,
1090 174 1158 226 qui
1188 187 1228 210 e·

116 245 202 274 tant
229 233 393 273 ministri
422 229 545 270 cultus
574 230 674 268 Dei.

169 300 235 339 70.
264 315 290 335 „
311 286 358 325 Et
385 285 488 322 circa
518 292 722 335 utrosque,
751 282 872 333 pergit
902 279 941 318 S.
960 279 1127 325 Doctor,
1156 280 1227 317 tria

115 368 143 390 „
171 345 274 378 erant
300 338 540 381 necessaria3
569 347 732 388 quorum
763 338 936 385 primum
967 343 1018 371 est
1048 334 1228 371 institutio

114 422 141 442 „
169 394 210 430 in
237 399 329 430 statu
357 389 509 428 colendi
532 389 686 428 Deum:
714 388 747 425 8<
776 388 863 426 haec
891 387 1047 439 quidem
1080 387 1227 424 institu—

111 473 140 494 ‚,
168 446 221 483 tio
246 445 498 482 communiter
534 451 721 494 qnantum
763 443 810 479 ad
847 454 985 479 omnes·
1010 440 1124 477 fiebat
1155 453 1222 492 per

112 526 138 546 ,‚
165 497 522 543 circumcisionem,
563 497 645 535 sine
682 509 758 548 qua
795 494 925 532 nullus
955 493 1226 532 admittebatur

108 577 136 599 „
165 549 212 588 ad
240 548 388 602 aliquid
425 549 633 601 legalium:
675 557 865 601 quantum
894 561 982 585 vero
1017 547 1063 585 ad
1094 546 1227 583 Sacer·

109 630 137 652 „
163 602 269 640 dotes
294 615 362 653 pet·
389 601 638 641 Sacerdotium
667 602 984 641 consecrationem
1002 626 1012 638 .
1043 598 1225 637 Secundo

110 683 139 705 „
167 656 431 708 requirebatur
457 669 545 694 usus
574 669 728 703 eorum,
758 667 846 707 quae
878 656 1062 706 pertinent
1092 653 1139 689 ad
1167 653 1226 689 di-

108 734 137 758 „
164 709 302 746 vinum
327 709 498 747 cultum:
535 709 572 745 8(
597 712 655 748 sic
679 717 869 761 quantum
896 707 945 744 ad
974 704 1157 758 populum
1189 721 1227 743 e-

112 789 140 809 „
170 771 225 799 rat
256 775 337 800 esus
360 762 546 812 paschalis
567 763 760 809 convivii,
789 761 836 798 ad
865 774 980 812 quem
1010 758 1140 796 nullus
1168 760 1226 796 in-

114 843 142 863 „
170 816 418 853 circumcisus
446 816 734 861 admittebatur,
768 821 805 851 ut
835 821 936 865 patet
966 811 1085 849 Exodi
1111 811 1197 849 ΧΠ.
1215 841 1227 860 ,

112 896 140 915 „
169 867 204 903 8:
229 878 417 920 quantum
451 868 498 906 ad
527 868 744 906 Sacerdotes
772 866 914 904 oblatio
951 866 1227 913 victimarum,

116 949 144 968 „
173 920 208 956 ἃ
236 935 319 959 esus
349 934 489 972 panum
521 921 814 973 propositionis,
844 918 879 955 ἃ
906 917 1097 965 aliorum,
1139 932 1227 971 quae

112 1000 138 1022 ‚,
169 982 272 1012 erant
301 973 552 1012 Sacerdotum
586 974 718 1012 usibus
753 974 961 1026 deputata.
1010 970 1139 1009 Tertio
1172 985 1231 1010 re-

113 1055 140 1074 „
167 1026 576 1078 quirebaturvremotio
605 1041 756 1074 eorum,
787 1039 855 1078 per
914 1037 971 1061 uae
1001 1024 1123 1077 aliqui
1156 1028 1228 1062 im-

111 1106 138 1127 „
167 1079 420 1130 pediebantur
448 1095 469 1118 a
498 1080 605 1119 cultu
633 1081 791 1128 divim,
834 1040 979 1117 scilicet
1016 1079 1231 1117 immundi-

112 1158 139 1179 „
167 1133 328 1179 tiarum;
371 1132 405 1169 δι
433 1135 486 1172 sic
514 1143 701 1187 quantum
731 1133 781 1171 ad.
816 1131 1004 1185 populum
1034 1141 1140 1170 eraut
1172 1134 1229 1170 iu-

109 1212 138 1233 „
166 1186 305 1223 stitutae
331 1187 509 1238 quasdam
540 1187 825 1240 purificationes
858 1200 880 1224 a
900 1185 1133 1238 quibusdam
1164 1199 1227 1223 ex-

109 1265 136 1286 „
165 1239 367 1278 terioribus
395 1241 676 1289 immunditiis,
720 1238 753 1276 8t
793 1241 905 1277 etiam
946 1240 1179 1290 expiationes
1207 1252 1231 1276 a-

109 1317 137 1339 „
167 1295 352 1343 peccatis:
392 1304 585 1346 quantum
611 1307 701 1332 vero
730 1294 776 1331 ad
805 1292 1054 1340 Sacerdotes,
1093 1291 1126 1327 &
1155 1291 1227 1330 Le-

108 1372 137 1392 „
167 1347 266 1383 vitas
282 1355 387 1385 erant
404 1349 574 1386 instituta
594 1347 746 1386 ablutio
761 1360 948 1386 manuum
964 1376 976 1396 ,
1005 1345 1040 1383 &
1060 1345 1202 1398 pedum
1215 1375 1233 1394 ,.

114 1425 144 1446 „
171 1397 208 1435 8t
236 1401 335 1437 rasio
364 1399 530 1452 pilorum
552 1401 599 1439 ''-

166 1465 230 1502 7¹·
259 1452 432 1500 Quatuor
459 1467 549 1493 vero
565 1453 776 1505 Angelicus
799 1460 998 1492 enumerat
1015 1453 1152 1491 veteris
1175 1451 1229 1490 le·

112 1503 169 1554 gis
196 1505 462 1554 Sacramenta,
492 1521 584 1560 quae
611 1507 939 1560 praefigurabant,
970 1505 1114 1545 scilicet
1143 1507 1230 1544 Cir-

110 1559 385 1597 cumeisionem
403 1590 414 1606 ‚
434 1562 495 1599 cui
516 1562 778 1612 correspondet
793 1561 1006 1613 Baptismus
1023 1574 1033 1605 ;
1063 1559 1165 1597 unde
1179 1560 1230 1596 Α·

112 1610 278 1661 postolus
305 1613 352 1650 ad
380 1613 522 1652 Coloss.
555 1615 602 1653 ll.
637 1628 703 1652 ιι.
732 1615 778 1652 de
806 1614 954 1652 Christo
982 1612 1134 1664 ajebat:
1182 1610 1232 1648 In

113 1673 190 1712 92¹0
216 1665 266 1706 (9·
295 1671 517 1705 circumcisi
537 1671 630 1705 estis
649 1671 950 1705 circumcisione
977 1678 1058 1702 non
1087 1678 1232 1702 manu·

104 1716 234 1767 jacta
263 1721 304 1755 in
332 1720 618 1769 exspoliatione
638 1724 809 1769 corporis
829 1722 987 1766 carnis,
1017 1717 1139 1755 sedin
1157 1721 1233 1754 cir-

116 1774 358 1808 cumcisione
379 1772 522 1809 Christi
551 1774 767 1824 consepulti
796 1776 830 1809 ei
860 1776 900 1809 in
921 1771 1135 1820 baptismo.
1169 1769 1232 1807 Al-

109 1827 237 1858 terum
263 1823 553 1863 Sacramentum
585 1834 663 1863 erat
692 1826 913 1864 convivium
949 1825 1039 1874 agni
1074 1823 1234 1875 pascha-

110 1871 187 1920 lis,
230 1878 291 1912 cui
321 1878 585 1926 correspondet
620 1880 660 1915 in
690 1890 790 1914 nova
826 1877 909 1927 lege
937 1876 1227 1915 Sacramentum

108 1924 361 1965 Eucharistiae
379 1954 390 1965 .
433 1929 606 1967 Tertium
637 1929 931 1967 Sacramentum
959 1937 1064 1966 erant
1091 1928 1231 1980 purifi·

107 1979 270 2018 cationes
287 2009 298 2028 ,
326 1980 468 2033 quibus
496 1982 758 2034 correspondet
777 1982 1069 2020 Sacramentum
1097 1981 1227 2019 Poeni-

106 2032 231 2069 teutiae
248 2059 259 2071 .
302 2033 535 2072 Postremum
564 2044 642 2073 erat
671 2036 903 2073 consecratio
931 2033 1123 2073 Pontificis
1140 2064 1150 2082 ,
1194 2034 1229 2070 ἃ

106 2083 352 2125 sacerdotum
370 2118 380 2136 ‚
409 2090 472 2127 cui
502 2088 700 2139 respondet
728 2088 1019 2128 Sacramentum
1049 2088 1229 2126 Ordinis.

164 2152 228 2190 72.
255 2140 443 2180 Observat
460 2142 623 2190 deinde,
651 2141 803 2180 nullum
832 2143 954 2181 fuisse·
977 2143 1021 2180 in
1038 2143 1154 2180 veteri
1176 2142 1234 2179 le-

107 2202 159 2242 ge
181 2190 345 2231 aliorum
377 2195 493 2233 trium
522 2195 857 2235 sacramentorum
886 2204 1023 2249 typum
1042 2225 1054 2243 ‚
1083 2195 1229 2234 scilicet

106 2244 438 2305 Confirmatiouis,
481 2248 675 2288 Extremae
705 2250 920 2297 unctionis,
959 2249 992 2285 8(
1022 2247 1231 2288 Matrimo-

106 2309 192 2344 nu3
217 2312 329 2351 emus
358 2303 412 2339 rei
443 2300 542 2342 hanc
571 2303 692 2341 reddit
721 2305 910 2341 rationem
935 2303 982 2340 ad
1013 2303 1066 2341 3:-
1104 2332 1131 2351 „
1158 2302 1228 2342 Sa-

105 2379 132 2400 „
161 2362 355 2392 eramento
381 2355 693 2395 confirmationis
719 2357 821 2410 quod
851 2365 904 2394 est
932 2355 1229 2395 Sacramentum

104 2432 132 2453 „
161 2403 412 2456 plenitudinis
438 2411 594 2460 gratiae,
624 2422 704 2448 non·
729 2418 846 2462 potest
862 2410 1087 2463 respondere
1108 2411 1147 2448 in
1163 2423 1231 2448 ve-

103 2485 133 2506 „
161 2459 234 2496 teri
260 2457 346 2512 lege
369 2460 526 2513 aliquod
554 2463 848 2502 Sacramentum
867 2493 878 2511 ,
921 2464 1014 2516 quia
1054 2464 1228 2502 nondum

99 2522 130 2559 2‘,
160 2510 364 2552 advenerat
392 2522 542 2567 tempus
570 2516 846 2570 plenitudinis,
875 2517 1033 2569 eoquod
1055 2515 1151 2554 nihil
1171 2516 1227 2555 ad

103 2591 132 2617 ‚,
156 2562 379 2617 perflatum
406 2567 578 2608 adduxit
607 2570 702 2619 lex,
732 2569 958 2608 Hebr.Vll.
986 2583 1048 2622 ¹9·
1076 2570 1228 2609 Simili-

104 2643 132 2664 s>
157 2625 216 2654 2⁸1⁸
255 2628 386 2661 autem
425 2621 462 2658 &
487 2622 735 2662 sacramento
776 2623 970 2662 Extremae
1010 2625 1226 2673 unctionis,

105 2695 134 2717 2,
161 2671 261 2722 qnod
289 2683 342 2712 est
368 2675 552 2727 quaedam-
579 2677 802 2715 immediata
831 2678 1062 2730 praeparatio
1090 2678 1136 2715 ad
1169 2679 1228 2715 in-

110 2748 138 2768 „
163 2725 318 2764 troitum
343 2727 478 2780 gloriae
497 2760 509 2778 ,
538 2730 648 2782 cujus
677 2730 799 2768 aditus
828 2731 994 2769 noudum
1018 2731 1167 2782 patebat
1191 2732 1234 2768 in·

106 2800 136 2821 υ
164 2780 279 2816 veteri
298 2778 381 2832 lege
396 2812 406 2830 ,
428 2784 550 2832 pretio
567 2783 739 2822 nondum
755 2783 895 2822 soluto.
925 2784 1226 2824 Matrimonium

103 2851 133 2874 ,ι
164 2836 290 2889 &Metu
318 2834 388 2872 fuit
416 2832 577 2889 quidem
605 2839 647 2875 in
672 2839 795 2876 veteri
813 2836 895 2890 lege
913 2868 923 2886 ‚
952 2847 1065 2890 prout
1085 2846 1162 2875 erat
1184 2838 1225 2875 in

104 2906 132 2926 υ
159 2877 342 2922 Offiefflnr
361 2898 538 2938 natura,
578 2903 656 2929 non
693 2899 821 2929 autem
858 2901 969 2943 prout
1005 2900 1060 2929 est
1088 2891 1223 2930 Sacra-

104 2957 133 2980 „
161 2942 337 2974 mentum
355 2941 636 2994 conjunctionis
650 2943 816 2994 Christi,
843 2944 879 2981 &
896 2943 1106 2993 Ecclesiae,
1135 2957 1226 2997 quae

156 3094 205 3129 (a)
220 3091 366 3145 ‘Hunc,
384 3098 423 3149 ,ἀ
448 3108 519 3150 non
543 3101 651 3136 atium
675 3105 781 3139 fuisse
804 3105 943 3139 calvini
969 3116 1133 3151 scopum,
1160 3115 1226 3151 Ρᾶ·

103 3143 156 3170 set
180 3145 288 3173 ettam
311 3150 353 3174 ex
381 3154 423 3175 ns
450 3146 561 3188 ipsius
582 3148 698 3181 verbis
714 3165 726 3181 .-
759 3152 1011 3186 Scholasticum
1041 3161 1150 3186 autem
1176 3154 1223 3186 il-

105 3185 168 3218 lud
191 3187 334 3240 dogma,
359 3201 420 3233 quo
446 3199 512 3223 tam
531 3193 665 3235 longum
680 3195 866 3230 discrimen
891 3201 982 3232 inter
1007 3202 1156 3239 veteris,
1181 3211 1222 3232 ac

104 3241 192 3265 που(
215 3235 306 3277 legts
333 3246 544 3271 sacramenta
569 3247 706 3272 notatur
722 3260 734 3279 ‚
769 3244 912 3282 perinde
943 3257 987 3278 ne
1009 3249 1042 3277 ,εἰ
1067 3248 1133 3280 illa
1156 3259 1223 3278 non

108 3279 204 3316 eliud
222 3301 232 3320 ‚
265 3293 358 3323 quam
384 3282 454 3315 Dei
477 3288 624 3327 gratiam
657 3286 912 3327 adumbratur,
947 3290 1014 3322 hac
1040 3304 1114 3324 vero
1138 3304 1223 3336 ργα-

109 3334 234 3362 sentem
257 3329 458 3375 conserant,
483 3334 619 3375 penitus
643 3332 890 3376 explodendum
913 3341 966 3369 est
985 3356 1022 3367 ...
1044 3336 1123 3371 Nec
1147 3349 1225 3374 vero

1297 201 1326 219 „
1353 168 1525 206 nondum
1555 176 1633 204 erat
1663 169 1782 205 sacta:
1827 172 1922 208 unde
1952 169 1984 206 ἃ
2016 173 2054 209 in
2088 171 2203 209 veteri
2234 168 2314 219 lege
2344 170 2408 207 da-

1297 253 1323 273 „
1353 221 1466 260 batur
1495 220 1650 258 libellus
1679 221 1858 271 repudii,
1899 225 2002 275 quod
2031 234 2082 263 est.
2114 233 2247 264 contra
2274 224 2411 262 Sacra-

1298 306 1327 325 „
1354 275 1470 313 menti
1498 275 1684 312 rationem
1699 273 1722 288 ''
1732 299 1743 311 .

1636 380 1670 417 (ἶ
1698 381 1729 418 Α
1759 378 1788 417 P
1817 379 1851 418 U
1883 380 1918 418 T
1999 382 2066 419 IV.

1430 486 1495 526 De
1524 486 1712 536 efficacia
1741 485 2101 577 Sulcraeimentorum
2129 494 2268 527 veteris

1810 553 1892 592 egis
1911 567 1919 577 .

1351 625 1636 698 75.C·1lvinus
1665 645 1755 685 Lib.
1772 646 1842 686 IV.
1873 645 1999 684 Insui.
2029 660 2114 698 cap.
2135 648 2195 692 14.
2218 660 2253 684 n.
2273 659 2334 685 22.
2365 656 2417 685 to·—

1295 709 1353 739 tus
1382 710 1456 748 est,
1488 710 1526 737 ut
1555 710 1686 739 contra
1715 713 1782 738 nos
1812 702 1980 748 evittcat,
2019 700 2263 739 Sacramenta
2292 710 2419 738 vetera

1294 754 1426 792 eodem
1458 753 1573 792 modo
1596 754 1891 806 suscipientibus
1919 753 2119 792 contulisse
2148 756 2306 804 gratiam
2327 784 2338 802 ,
2375 766 2418 792 ae

1295 816 1452 853 nostra3
1491 807 1590 845 unde
1620 808 1671 844 ita
1701 807 1895 844 concludit
1925 822 1963 844 ιι.
1989 808 2050 845 25.
2099 806 2295 858 Quidquid
2325 820 2419 858 ergo

1295 859 1409 899 nobis-
1433 860 1546 899 hodie
1575 864 1616 898 in
1636 859 1918 898 sacramentis
1947 859 2172 908 exhibetur,
2208 861 2247 898 iri
2276 864 2316 897 in
2337 864 2418 897 suis

1297 915 1394 952 olim
1434 913 1672 964 recipiebant
1710 913 1865 962 Judoei,
1912 912 2110 952 Christum
2145 916 2294 952 scilicet
2326 926 2419 950 cum.

1296 967 1558 1018 spiritualibus
1595 971 1675 1006 suis
1703 966 1864 1005 divitiis.
1916 966 2052 1017 Quam
2095 966 2237 1006 habent
2276 976 2418 1005 nostra

1297 1025 1477 1058 virtutem
1495 1052 1505 1070 ,
1536 1034 1629 1059 eam
1659 1034 1809 1071 quoque
1838 1025 1878 1058 in
1898 1024 1979 1058 suis
2000 1019 2244 1058 sentiebant:
2274 1030 2315 1057 ut
2343 1023 2418 1057 sci-

1297 1075 1385 1112 llcet
1416 1083 1547 1112 essent
1577 1075 1650 1111 illis
1680 1073 1824 1111 divinae
1851 1087 1950 1124 erga.
1990 1086 2032 1111 se
2062 1073 2339 1111 benevolentiae
2367 1079 2419 1110 si-

1296 1128 1394 1179 gilla,
1424 1133 1465 1165 ιή
1495 1140 1605 1177 spem
1635 1136 1803 1165 aeternae
1843 1128 2012 1165 salutis.
2055 1127 2251 1178 Malignus
2293 1137 2420 1165 autern

1299 1181 1575 1219 Haeresiarchae
1606 1194 1741 1231 scopus
1769 1193 1845 1218 non
1876 1188 1957 1227 est,
1999 1180 2174 1217 eamdem
2205 1182 2339 1217 veteris
2367 1180 2422 1216 le-

1296 1238 1357 1286 gis
1367 1235 1624 1273 sacramentis
1639 1235 1806 1272 tribuere
1821 1234 2001 1271 virtutem
2020 1263 2031 1281 ,
2060 1241 2174 1285 atque
2191 1232 2420 1279 efficaciam,

1296 1302 1413 1340 quam
1443 1287 1632 1326 Catholici
1671 1287 1842 1326 tribuunt
1871 1286 2125 1325 Sacramentis
2153 1299 2267 1324 novae
2301 1285 2421 1337 legis3

1296 1341 1363 1379 sed
1391 1344 1512 1393 potius
1545 1350 1714 1392 utraque
1743 1340 1859 1379 simul
1880 1340 2168 1392 conjungendo,
2198 1353 2336 1390 negare
2358 1352 2423 1376 no-

1295 1396 1379 1433 stris
1410 1397 1488 1433 vim
1504 1396 1725 1432 continendi
1746 1395 1931 1446 gratiam,
1962 1407 2124 1445 eamque
2153 1406 2206 1430 ex
2235 1405 2351 1443 opere
2380 1406 2422 1430 o-

1295 1458 1436 1498 perato
1456 1448 1711 1499 producendi,
1738 1447 2067 1500 quemadmodum
2088 1446 2169 1484 illis
2186 1446 2283 1484 hanc
2299 1447 2422 1497 ipsam

1297 1503 1376 1541 vim
1407 1516 1586 1553 negamus
1616 1502 1706 1552 (a).-

1355 1555 1418 1605 74.
1450 1556 1552 1592 ldem
1584 1564 1711 1592 autem
1741 1561 1827 1590 ante
1854 1552 2062 1589 Calvinum
2085 1550 2262 1588 docuerat
2281 1549 2421 1589 Luthe·

1298 1620 1384 1655 rus,
1414 1621 1529 1658 quem
1562 1621 1635 1643 nou
1664 1606 1798 1658 puduit
1820 1603 2058 1642 Catltolicatn
2088 1613 2251 1642 nostram
2281 1605 2422 1641 doctri-

1300 1674 1389 1697 nam
1411 1672 1585 1697 errorem
1608 1657 1803 1710 appellate
1820 1683 1829 1695 .
1859 1657 1987 1694 Error
2003 1665 2084 1704 est,
2114 1658 2237 1709 inquit
2255 1656 2319 1695 De
2343 1656 2420 1694 Ca-

1299 1716 1388 1764 ptit'.
1418 1712 1563 1764 Babyl.
1595 1726 1681 1763 cap.
1711 1710 1760 1749 de
1779 1708 2010 1761 baptismo,
2045 1710 2320 1748 Sacramenta
2349 1723 2419 1748 no-

1300 1778 1358 1802 vae
1387 1766 1484 1817 legis
1513 1763 1677 1811 differre
1705 1777 1733 1800 a
1762 1768 2033 1801 sacramentis
2064 1767 2200 1801 veteris
2231 1765 2326 1816 legis
2355 1776 2422 1813 pe·

1299 1831 1370 1856 nes
1399 1818 1629 1866 efficaciam
1659 1816 1997 1869 signficntioni55
2027 1817 2126 1854 idest
2154 1816 2256 1866 quod
2283 1825 2424 1854 nostra

1298 1871 1517 1919 efficaciter
1545 1870 1802 1924 significent,
1827 1869 2056 1923 fitciendo,
2085 1869 2186 1922 quod
2203 1869 2423 1923 figurant,

1296 1938 1379 1962 non
1409 1925 1478 1963 illa
1496 1951 1506 1963 .

1354 1979 1418 2029 75.
1449 1977 1635 2030 Theologi
1662 1976 1861 2016 orthodoxi
1897 1978 2061 2030 impiam
2090 1976 2325 2016 Novatorum
2355 1976 2423 2014 do-

1297 2034 1462 2072 ctrinam
1493 2045 1570 2070 uno
1597 2045 1662 2070 ore
1697 2032 1979 2079 condemnant,
2015 2040 2202 2082 quantu-m
2240 2031 2288 2068 ad
2332 2042 2418 2068 eam

1296 2096 1472 2138 partem,
1514 2099 1604 2139 quae
1645 2086 1801 2137 respicit
1841 2086 1931 2124 novi
1962 2085 2118 2124 foederis
2147 2084 2393 2123 Sacramenta
2412 2113 2423 2130 ,

1296 2139 1437 2193 quibus
1467 2138 1602 2178 efficax
1630 2140 1792 2191 gratiam
1822 2138 2042 2178 conferendi
2082 2139 2139 2180 vis
2168 2140 2248 2177 sine
2278 2137 2417 2175 haeresi

1297 2195 1476 2246 denegari
1505 2206 1580 2231 non
1609 2201 1746 2246 potest,
1777 2201 1817 2230 ut
1846 2193 1949 2231 infra
1978 2203 2046 2231 suo
2073 2191 2158 2229 loco
2185 2190 2418 2230 videbimus.

1296 2246 1371 2285 Sed
1401 2256 1594 2300 quantum·
1619 2254 1760 2298 spectat
1796 2246 1844 2284 ad
1880 2255 2052 2285 veterum
2080 2244 2418 2284 sacramentorum

1298 2299 1535 2349 efficaciam,
1563 2302 1660 2338 inter
1688 2314 1726 2338 se
1753 2312 1829 2338 non
1855 2301 2013 2337 omnino
2040 2299 2304 2335 consentiunt.
2332 2294 2422 2334 Ma-

1293 2355 1409 2407 gister
1437 2356 1539 2391 enim
1569 2352 1869 2390 Sententiarum
1900 2349 2075 2389 Lib.1V.
2105 2350 2204 2388 Dist.
2225 2350 2261 2386 Ι.
2285 2347 2421 2387 Sacra·

1295 2409 1431 2446 mentis
1460 2405 1642 2444 Mosaicis
1670 2419 1828 2444 omnem
1868 2402 2107 2455 justificandi
2146 2404 2326 2441 virtutem
2355 2402 2422 2439 de-

1295 2461 1443 2513 negavit
1460 2490 1470 2508 ,
1491 2460 1638 2497 etiamsi
1657 2458 1808 2511 infide,
1828 2458 1883 2498 <9⁷
1898 2455 2097 2495 charitate
2117 2457 2421 2508 susciperentur,

1294 2516 1387 2567 quia
1416 2515 1583 2552 instituta
1612 2521 1744 2560 erant,
1787 2523 1865 2549 non
1894 2518 1935 2548 ut
1964 2508 2242 2562 justificarent,
2270 2509 2336 2548 sed
2363 2520 2422 2546 so·

1293 2568 1377 2606 lum
1409 2576 1450 2605 ut
1476 2566 1615 2605 umbra
1643 2573 1765 2604 essent
1796 2564 2016 2602 futurorum
2033 2590 2048 2601 .

1352 2620 1416 2672 76.
1448 2620 1557 2658 Hanc
1586 2617 1764 2671 Magistri
1793 2618 2021 2656 doctrinam·
2051 2617 2280 2669 temperavit
2308 2615 2423 2667 Hugo

1295 2675 1347 2713 de·
1370 2673 1412 2713 S.
1440 2672 1623 2721 Victore,
1652 2673 1812 2719 docens,
1842 2672 1958 2709 fuisse
1987 2671 2147 2723 quidem
2174 2670 2423 2709 Sacramenta.

1296 2727 1468 2767 Mosaica
1496 2731 1652 2778 primo,
1694 2726 1728 2763 ἃ
1756 2735 1828 2776 per
1854 2737 1898 2763 se
1926 2726 2094 2762 instituta
2122 2724 2168 2762 ad
2198 2723 2423 2775 significan-

1294 2781 1387 2820 dum
1407 2812 1417 2830 ‚
1446 2794 1515 2830 per
1543 2779 1733 2818 accidens
1762 2787 1888 2816 autem
1908 2808 1920 2826 ,
1949 2777 1983 2814 &
2002 2777 2243 2816 secundario
2263 2776 2421 2815 habuis-

1294 2849 1332 2873 se
1362 2837 1441 2874 vim
1472 2833 1736 2886 justificandi,
1767 2842 1955 2885 quatenus
1985 2833 2024 2869 in
2053 2843 2188 2869 eorum
2215 2830 2421 2881 susceptio-

1291 2902 1337 2926 ne
1366 2887 1525 2942 publica
1555 2887 1673 2925 fiebat
1703 2886 1920 2939 protestatio
1949 2884 2040 2923 fidei
2072 2886 2109 2922 iu
2139 2884 2315 2922 futurum
2348 2882 2420 2920 Re-

1291 2952 1505 2996 paratorem
1524 2971 1535 2990 ,
1575 2951 1666 2993 quae
1707 2939 1798 2979 fidei
1829 2940 2046 2992 protestatio
2074 2938 2158 2980 vim
2184 2935 2420 3028 justifilcaudi

2314 3004 2369 3028 ta-

1289 3106 1456 3149 baptismo
1480 3113 1600 3138 nostro
1622 3105 1700 3147 plus
1725 3101 1878 3136 tribuere
1902 3099 1970 3145 fiis
1994 3108 2075 3140 est,
2107 3111 2202 3144 quam
2229 3096 2355 3131 Paulas
2377 3107 2419 3129 a·

1288 3154 1356 3187 libi
1383 3153 1640 3185 circumcisioni
1666 3150 1788 3182 tribuit
1804 3171 1815 3189 ,
1853 3161 1946 3192 quam
1973 3155 2069 3181 vocat
2094 3148 2248 3190 siglllum
2267 3146 2414 3191 justitie

1280 3199 1377 3244 fidei
1394 3222 1404 3231 .
1428 3198 1578 3231 Calvino
1602 3195 1793 3229 subscribit
1821 3195 1943 3228 Franc.
1961 3194 2192 3226 Turi-citinas
2219 3192 2294 3224 loco
2320 3187 2417 3238 ΧΙᾊ.

1289 3258 1349 3290 qu.
1369 3257 1401 3289 9.
1438 3245 1620 3288 multoque
1645 3249 1936 3286 argumentorum
1962 3248 2132 3285 apparatu
2158 3238 2284 3272 falsam
2308 3243 2417 3276 magt·

1291 3292 1356 3328 stri
1383 3292 1437 3325 sui
1461 3289 1665 3326 doctrinam
1689 3288 1899 3324 confirmare
1924 3287 2079 3332 satagit.
