2605 3624
680 122 1100 170 CONFIRMATIO
1135 122 1248 165 EST
1284 120 1757 167 SACRAMENTUM
1774 155 1783 166 .

73 221 210 249 escam
228 239 240 259 ‚
258 207 402 263 inquit:
430 203 637 257 Apostolus
651 213 805 255 poterat
821 203 922 241 dare
941 215 1076 241 escam
1096 205 1197 253 (qui-

71 264 310 315 buscumque
329 265 438 300 enim
456 258 711 311 imponebant
728 257 900 310 Apostoli
921 268 1070 294 temnus
1086 285 1097 304 ,
1127 268 1197 292 ac-

67 316 262 367 cipiebant
279 314 467 366 Spiritum
495 320 707 360 stinctum,
736 315 802 362 qui
830 321 887 349 est
917 323 1012 347 esca
1042 310 1194 355 s·itae),·

70 373 127 409 illi
153 378 288 422 tristem
316 379 397 406 non
425 374 610 417 poterant
630 370 834 415 accipere,
863 367 1054 415 quonium
1083 366 1120 400 i'n
1144 375 1196 399 n·-

70 436 183 462 mum
209 419 367 469 adbuc,
409 421 458 460 (θ’
502 418 849 457 inexercitabilem
891 430 1054 455 sensum
1097 429 1196 468 erga,

71 471 205 516 Deum
233 476 544 513 conversationis
574 471 771 512 habebant
789 498 799 510 .
843 471 942 518 Quae
985 479 1038 508 est
1068 480 1197 507 autem

69 529 154 569 haec
182 540 276 567 esca
304 530 394 566 ritae
423 527 463 565 in
495 540 678 565 manuum
709 527 949 579 impositione
973 532 1129 576 accepta
1149 522 1198 561 ab

71 580 284 636 Apostolis,
314 581 389 619 nisi
417 581 537 632 gratia
554 578 878 627 sacramentalis,
907 579 954 617 ad
985 579 1102 615 vitam
1132 590 1199 614 au-

76 634 238 689 gendam
266 632 649 673 inconfirmatione'e
679 633 813 685 Neque
843 633 946 670 enim
967 633 1099 683 gratias
1114 643 1198 681 gra-

78 690 125 728 tis
151 688 250 726 datae
279 696 425 741 queunt
454 687 644 740 appellari
675 700 770 726 esca
800 690 918 736 ritoe,
947 699 1037 724 cum
1059 685 1199 738 possint

73 742 188 780 etiarn
220 743 351 793 impiis
380 742 575 780 conferri.

127 795 194 833 30.
223 795 359 834 Obiter
387 803 501 844 uoto,
543 794 753 835 audiendos
786 793 950 832 minime
983 805 1089 840 esse,
1132 790 1199 843 qui

71 849 384 901 antiquissimum
413 847 517 893 hunc
540 847 724 886 Ecclesiae
744 846 891 884 Patrem
913 844 1086 883 locutum
1109 845 1202 882 fuis-

77 915 116 940 se
143 903 488 941 comminiscuntur
515 901 562 939 de
598 901 765 952 quadam
809 898 906 936 falsa
933 898 1203 936 Confirmatio-

74 968 147 1004 ne,
176 969 294 1008 quam
323 954 495 993 Gnostici
525 953 693 1002 dabant,
738 954 914 1003 inquiens
946 951 1032 988 Lib.
1055 951 1085 988 1.
1115 965 1202 1002 cap.

80 1007 141 1047 18.
157 1010 288 1057 illum,
317 1011 382 1059 qui
410 1009 590 1045 initiatus
604 1016 689 1055 est,
719 1005 977 1057 opobalsamo
1007 1009 1203 1055 inungunt

74 1063 161 1103 &a
190 1061 302 1110 Non,
330 1063 520 1112 inquam,
549 1060 730 1098 audiendi
761 1068 848 1097 sunt
869 1089 879 1106 ,
923 1059 1015 1110 qnia
1046 1058 1199 1095 Gnosti-

72 1127 137 1154 ωε
166 1114 384 1166 redarguit,
420 1125 497 1155 non
525 1114 619 1167 quia
645 1112 988 1150 confirmationem
1031 1111 1202 1155 dabant,

71 1167 137 1207 sed
167 1169 292 1220 potius
318 1168 412 1220 quia
441 1180 526 1205 eam
555 1167 826 1218 superstitiosis
855 1164 1090 1218 quibusdam
1121 1165 1202 1201 riti-

74 1222 147 1260 bus
175 1221 360 1260 vitiabaut
377 1246 388 1259 .
417 1220 526 1260 Sicut
554 1221 668 1259 etiam
698 1220 848 1258 eosdem
870 1218 966 1256 alibi
989 1219 1124 1255 merito
1144 1229 1203 1254 re-

74 1273 306 1327 prehendit,
335 1274 438 1327 quod
466 1274 706 1326 baptismum
735 1281 1022 1324 corrumperent
1040 1297 1050 1308 .
1095 1269 1203 1310 Sole-

74 1341 165 1367 mne
194 1337 322 1367 autem
351 1328 467 1367 fuisse
495 1327 689 1367 liaereticis
730 1340 854 1365 sacros
885 1324 1070 1364 Ecclesia:
1112 1325 1204 1361 ritus

77 1382 251 1430 imitari,
293 1381 328 1418 ἃ
353 1394 631 1433 corrumpere,
673 1381 857 1419 discimus
886 1393 930 1418 ex
962 1377 1204 1416 Tertulliano

76 1431 140 1472 De
171 1433 396 1485 Praescript.
427 1433 582 1474 Haeret.
610 1449 696 1487 cap.
718 1434 784 1480 4ο.
815 1434 904 1486 (α).
948 1433 1022 1472 Sed
1052 1431 1099 1471 ad
1129 1440 1206 1469 tra-

76 1487 232 1526 ditionis
260 1487 373 1526 filnm
402 1489 629 1528 redeamus.

132 1541 197 1580 51.
225 1540 377 1580 Clarius
406 1540 575 1594 loquitur
604 1541 868 1580 Tertullianus
907 1540 955 1579 cle
992 1539 1204 1591 Bizptismo

74 1607 164 1647 cap.
183 1608 219 1648 7.
249 1595 453 1648 inquiens:
482 1594 648 1634 Exinde
678 1599 826 1648 egressi
856 1594 904 1632 de
934 1595 1096 1632 lavacro
1116 1604 1204 1641 per-

76 1651 262 1699 ungimus
290 1647 498 1686 benedicta
526 1653 714 1687 unctione
756 1648 804 1687 cle
836 1651 1007 1698 pristina
1037 1646 1206 1697 discipli-

77 1713 137 1739 na
154 1730 165 1749 ,
193 1715 273 1752 qua
303 1705 400 1753 ungi
427 1702 512 1739 oleo
540 1701 589 1740 cie
617 1715 742 1739 cornu
771 1706 811 1739 in
841 1700 1112 1738 sacerdotium
1143 1712 1205 1735 so-

76 1752 241 1792 lebant.
279 1753 429 1792 Deinde
459 1753 556 1792 hauc
586 1768 732 1792 sacram
765 1756 982 1792 unctionem
1013 1753 1207 1804 baptismo

80 1804 296 1854 assimilat,
325 1806 510 1844 subdens:
541 1807 588 1845 In
609 1807 718 1845 nobis
738 1807 961 1845 carnaliter
983 1810 1104 1843 currit
1135 1818 1207 1841 un-

83 1863 183 1907 ctio,
211 1858 282 1897 sed
301 1860 558 1911 spiritualiter
577 1860 757 1914 proficit:
786 1860 982 1911 quomodo
1010 1861 1059 1901 <9-
1089 1862 1207 1909 ipsius

83 1910 270 1962 baptismi
298 1913 480 1952 carnalis
509 1918 642 1962 actio,
685 1913 788 1966 quod
830 1918 871 1951 in
910 1926 1020 1963 aqua
1063 1915 1208 1964 mergi-

79 1978 199 2014 mur,
246 1967 436 2017 spiritalis
483 1965 648 2016 effectus
669 1997 680 2015 ,
727 1966 830 2018 quot
872 1966 1023 2004 delictis
1065 1965 1210 2003 libero.-

80 2031 198 2057 mur.
229 2019 475 2072 Prosequitur
504 2029 631 2072 postea
651 2033 837 2058 manuum
854 2020 1136 2072 impositionem
1159 2020 1210 2056 ita

80 2084 294 2125 exponens:
324 2071 480 2111 Dehinc
510 2086 659 2111 manus
688 2076 926 2122 imponitur,
955 2085 1026 2122 per
1053 2070 1210 2109 benedi-

87 2129 260 2165 ctionem
275 2125 480 2164 adrocans
491 2156 502 2174 ,
530 2127 580 2168 <9
596 2130 770 2165 invitans
785 2125 974 2177 Spiritum
991 2135 1180 2164 sunctum
1196 2152 1208 2164 .

140 2179 206 2219 52.
236 2179 285 2218 Et
313 2181 406 2233 quia
434 2179 565 2220 allatos
593 2181 687 2219 duos
716 2180 868 2228 Patres,
900 2188 1028 2232 utpote
1057 2180 1104 2218 ad
1134 2181 1209 2218 ini-

83 2231 184 2270 tium
210 2231 313 2271 Saec.
333 2233 397 2271 lll.
427 2235 654 2286 pertinentes
670 2263 681 2282 ,
712 2236 842 2272 minus
870 2235 1043 2285 antiquos
1071 2247 1149 2270 esse
1169 2249 1209 2272 a-

86 2284 260 2338 liquibus
289 2285 468 2335 videtur,
496 2288 628 2326 eadem
658 2288 829 2325 doctrina
856 2295 1016 2339 apparet
1035 2288 1150 2324 etiam
1172 2288 1211 2325 in

85 2337 156 2376 illo
175 2339 377 2380 vetustiore
398 2338 579 2379 haeretico
600 2339 872 2379 Valentiniano
887 2370 898 2388 ,
928 2354 1068 2391 nempe
1084 2339 1211 2377 Theo-

83 2391 180 2430 doro
195 2421 207 2441 ‚
235 2406 354 2445 quem
369 2391 472 2432 laud.
486 2393 661 2432 Clemens
677 2395 716 2432 in
737 2394 816 2432 fine
831 2393 919 2432 Lib.
941 2393 1046 2431 Vlll.
1062 2391 1212 2431 Scrom.

83 2445 178 2484 citat
205 2447 258 2484 ita
287 2446 502 2486 dicentem:
546 2446 693 2496 Panis,
735 2449 785 2489 (9·
812 2447 943 2486 oleum
974 2450 1007 2484 ri
1036 2450 1212 2485 nominis

88 2497 427 2552 sanctificantur,
457 2514 546 2553 quoe
565 2500 711 2540 eadem
728 2532 738 2551 ,
769 2515 859 2554 quoe
888 2509 1056 2549 accepta,
1077 2509 1212 2549 erant,

86 2551 307 2595 secundum
335 2553 395 2603 id,
424 2554 525 2606 quod
552 2564 750 2606 apparet,
794 2559 1034 2603 manentia,
1077 2562 1212 2604 poten-

90 2607 153 2642 tia
180 2614 321 2644 tamen
356 2610 399 2644 in
439 2609 659 2659 spiritaiem
688 2613 909 2661 potentiam
932 2617 1212 2647 transmutan-

97 2666 187 2704 tur,
228 2661 444 2711 nempe‘ad
474 2662 755 2712 producendam
799 2665 837 2700 in
877 2663 985 2701 nobis
1022 2663 1215 2714 gratiam.

90 2709 199 2748 Certe
226 2709 277 2749 ab
306 2710 377 2751 hoc
405 2712 585 2753 haeretico
612 2716 926 2754 confirmationis
954 2716 1091 2768 dogma
1111 2716 1215 2768 apud

92 2760 298 2803 catholicos
326 2775 575 2819 propagatum
603 2783 718 2807 nemo
745 2770 872 2816 dicem
901 2769 963 2808 sed
994 2785 1016 2808 a
1045 2770 1216 2808 traditio—

95 2829 173 2864 ne,
199 2829 289 2868 quae
318 2820 432 2857 etiam
461 2829 545 2858 ante
573 2821 772 2861 haereticos
792 2823 1082 2862 Valentinianos
1111 2823 1214 2876 apud

92 2867 297 2908 catholicos
324 2871 503 2923 vigebat.
549 2873 680 2913 Etiam
708 2876 923 2928 'I'eophilus
952 2876 1215 2915 Antiocheuus

92 2921 134 2960 S.
162 2921 182 2960 J
188 2923 311 2961 ustino
337 2936 492 2964 coaevus
517 2925 589 2965 hoc
609 2927 897 2967 Sacramentum
929 2931 1128 2968 manifeste
1159 2932 1215 2968 in-

95 2976 257 3028 digitat,
287 2976 380 3015 dum
409 2978 498 3016 Lib.
521 2977 548 3016 l.
577 2981 624 3017 ad
654 2981 943 3034 Autolychum,
986 2983 1100 3021 nulla
1128 2983 1214 3021 alia.

92 3042 148 3068 ex
169 3041 237 3078 re,
269 3031 419 3082 iuquit,
453 3029 768 3071 Christianorum
801 3047 950 3074 nomen
986 3041 1216 3087 traximus,

124 3187 186 3232 ¹(a)
209 3183 328 3217 Verba
354 3184 461 3228 probe
488 3181 639 3220 notanda
663 3187 895 3222 vetustissimi
932 3188 1038 3234 liujus
1064 3191 1216 3235 scripto-

101 3237 153 3260 ris
175 3238 276 3264 sunt:
316 3251 343 3270 „
369 3232 555 3276 Sequitur,
593 3245 612 3265 a
637 3244 708 3276 quo
733 3234 933 3267 intellectus
960 3236 1216 3269 intervertatur

101 3293 130 3313 „
151 3284 299 3324 eorum,
323 3288 402 3321 quae
429 3276 470 3310 ad
498 3279 645 3312 haereses
672 3279 828 3312 sacient?
853 3281 883 3313 A
901 3279 1045 3315 diabolo
1061 3282 1218 3322 scilicet,

103 3339 132 3358 ss
157 3330 256 3363 cujus
273 3331 352 3357 sunt
379 3332 495 3368 partes
521 3324 774 3358 intervertendi
802 3326 1012 3367 veritatem,
1037 3328 1097 3372 qui
1127 3328 1218 3371 ipsas

66 3380 71 3390 ν
101 3384 132 3405 ,‚
156 3377 294 3450 (pugne
317 3378 370 3402 res
397 3371 704 3405 sacramentorum
738 3369 939 3406 divinorum
975 3373 1012 3406 in
1049 3372 1220 3409 idolorum

250 3419 448 3469 azzaniga
481 3416 614 3458 Uzeol.
644 3417 757 3458 Tom.
788 3417 895 3460 Vin.

2238 139 2321 182 ²⁰9

1265 215 1388 292 guam
1420 201 1521 253 quod
1550 201 1676 239 <lirino
1703 204 1786 241 oleo
1816 203 2190 254 (confirmationis)
2219 205 2383 256 perjuri-

1293 268 1421 293 imur.

1320 308 1385 347 53.
1417 308 1493 347 Hos
1522 308 1805 360 antiquissimos
1834 307 1986 355 Patres,
2029 312 2062 347 ἃ
2107 315 2302 362 scriptores
2332 327 2388 349 st·—

1265 362 1397 416 qnitur
1426 361 1466 400 S.
1497 361 1743 414 Cyprianus,
1774 361 1929 399 illustris
1959 363 2100 402 Saecnli
2133 368 2196 403 ΙΙΙ.
2228 366 2385 416 Episco-

1266 430 1364 469 pus,
1395 415 1428 452 &
1459 415 1640 466 Martyr.
1682 415 1723 453 ln
1753 414 1874 467 Epist.
1905 417 2008 453 enim
2042 416 2201 455 Lxxu.
2233 421 2277 456 ad
2308 421 2389 458 Ste-

1268 469 1470 521 phanum,
1500 468 1721 516 contendit,
1752 482 1822 506 non
1853 471 1940 506 satis
1969 483 2074 517 esse,
2113 470 2302 510 haereucis
2332 487 2387 510 re-

1267 522 1473 561 deuntibus
1491 536 1626 560 manus
1648 523 1845 573 imponere
1864 552 1874 570 ,
1904 522 1966 559 sed
1996 536 2056 560 eos
2085 537 2162 560 esse
2191 525 2301 561 ctiam
2334 540 2390 562 re-

1267 575 1542 629 baptizandos,
1579 576 1672 627 qnia
1701 584 1793 612 tunc
1824 575 1986 613 demum
2015 577 2128 625 plene
2157 578 2390 629 sanctifica-

1268 634 1329 679 ri,
1357 629 1406 670 ὠ·
1436 641 1523 667 esse
1539 627 1623 682 filii
1652 628 1730 666 Dei
1758 637 1947 679 possunt,
1990 634 2022 666 si
2052 639 2214 679 utroque
2243 630 2390 668 Sacra-

1269 692 1405 722 mento
1433 692 1678 721 nascantur.
1710 682 1757 720 Et
1787 682 1909 734 Epist.
1940 682 2128 721 LXXlll.
2159 683 2317 735 loquens
2347 685 2393 720 dte

1269 737 1469 789 baptizatis
1499 752 1521 775 a
1552 736 1731 788 Philippo
1760 737 1801 775 in
1831 736 2032 785 Samaria,
2076 735 2190 786 Quoi
2218 736 2358 775 deerat
2377 768 2388 785 ‚

1271 792 1422 844 inquit,
1465 789 1505 828 isi
1534 803 1561 828 a
1592 789 1730 838 Petro,
1772 792 1822 829 (2)-
1850 789 2007 828 Jonnne
2024 789 2193 842 factum
2224 800 2309 839 est,
2353 801 2393 828 ut

1270 849 1450 882 oratione
1479 842 1643 892 habita,
1672 844 1722 884 <9¹
1752 856 1877 880 manu
1907 848 2091 894 imposita
2112 849 2389 892 inrocciretur,

1270 899 1321 938 Θ·
1350 897 1628 950 infunderetur
1655 910 1771 948 super
1791 910 1856 935 eos
1877 896 2043 947 Spiritus
2063 907 2249 936 sanctus.
2284 898 2399 950 Quot!

1272 964 1377 989 nunc
1407 965 1556 1002 quoque
1585 951 1692 1002 apud
1721 964 1795 996 nos
1822 955 1998 1003 geritur,
2029 960 2068 988 ut
2099 957 2162 1002 qui
2192 955 2234 990 in
2255 950 2399 990 Eccle-

1272 1009 1335 1043 sia.
1365 1004 1642 1054 baptizantur,
1673 1004 1902 1055 Proepositis
1932 1004 2130 1043 Ecclesiae
2156 1003 2400 1054 offerantur;

1272 1059 1321 1098 Θ
1350 1072 1419 1108 per
1447 1069 1633 1096 nostram
1661 1062 1887 1096 orationem
1906 1089 1917 1106 ,
1946 1059 1995 1099 (ἓν
2017 1072 2165 1098 manus
2185 1063 2400 1109 impositio-

1273 1124 1366 1149 nem
1397 1111 1587 1160 Spiritum
1617 1121 1804 1149 stinctum
1834 1122 2157 1161 consequantur,
2186 1114 2236 1154 <J
2266 1117 2403 1166 signa-

1273 1166 1360 1203 culo
1399 1164 1529 1202 divino
1573 1169 1887 1216 consignentur.
1934 1166 2132 1217 Cypriano
2176 1167 2402 1218 respondens

1273 1218 1529 1257 Firmiliauus
1560 1219 1598 1255 in
1631 1218 1721 1255 Asia
1751 1217 1966 1269 Episcopus
2003 1219 2176 1257 eamdem
2216 1233 2404 1258 manuum

1275 1272 1557 1324 impositionem
1587 1270 1637 1309 ab
1667 1270 1861 1322 Episcopo
1890 1284 2006 1322 snper
2036 1271 2233 1323 baptizatis
2264 1273 2408 1311 saetam

1275 1333 1577 1370 commemorat3
1620 1324 1720 1362 unde
1750 1333 1850 1377 patet
1881 1325 2136 1363 Asiaticorum
2181 1340 2270 1364 cum
2303 1326 2407 1364 Afri-

1274 1381 1376 1417 canis
1410 1380 1450 1418 in
1482 1377 1552 1417 lxoc
1580 1377 1884 1417 confirmationis
1913 1377 2161 1418 Sacrameuto
2189 1379 2407 1418 confitendo

1275 1446 1476 1471 consensus
1495 1459 1505 1471 .

1328 1486 1395 1532 54.
1422 1486 1649 1538 Cypriano,
1689 1484 1722 1521 ἃ
1753 1484 1983 1524 Firmiliano
2013 1500 2167 1524 coaevus
2196 1486 2245 1525 ab
2275 1486 2405 1525 erudi-

1273 1540 1319 1577 tis
1348 1539 1517 1577 creditur
1550 1538 1777 1589 Anonymus
1807 1539 1968 1590 scriptor
1996 1539 2067 1577 lib.
2097 1539 2146 1577 tle
2174 1540 2402 1590 baptismo,

1274 1593 1342 1644 qui
1374 1593 1470 1629 inter
1500 1590 1576 1629 alia
1606 1590 1692 1629 haec
1722 1590 1861 1629 habet:
1906 1591 1981 1630 Per
2010 1606 2159 1630 manus
2189 1597 2405 1645 impositio-

1275 1659 1370 1684 nem
1400 1643 1589 1696 Episcopi
1622 1643 1742 1682 (latur
1777 1648 1984 1697 unicuique
2027 1645 2202 1684 credenti
2237 1648 2407 1697 Spiritus

1276 1708 1468 1748 sanctus,
1512 1702 1613 1736 sicut
1643 1698 1819 1749 Apostoli
1860 1703 1970 1738 circa
1999 1699 2288 1739 Samaritanos
2318 1710 2404 1750 post

1276 1752 1441 1805 Philippi
1470 1751 1671 1801 baptisma
1690 1781 1700 1800 ,
1744 1765 1917 1790 manum
1945 1756 2002 1790 eis
2032 1754 2270 1804 imponendo
2287 1754 2406 1807 fece-

1275 1816 1396 1854 runt,
1437 1805 1487 1846 <9⁶
1517 1804 1593 1843 hac
1623 1808 1780 1843 ratione
1809 1805 2002 1857 Spiritum
2045 1817 2234 1846 sanctum
2268 1812 2309 1845 in
2339 1822 2406 1848 eos

1277 1860 1527 1898 contulerunt
1543 1885 1556 1897 .

1333 1913 1398 1952 55.
1430 1911 1557 1964 Hujus
1586 1911 1825 1951 Sacramenti
1854 1912 2098 1954 collationem
2130 1930 2208 1955 esse
2237 1929 2408 1956 reserva-

1278 1975 1354 2005 tam
1377 1966 1578 2018 Episcopis
1607 1966 1722 2004 tradit
1743 1968 1856 2005 etiam
1873 1968 2094 2007 Concilium
2118 1969 2408 2009 Eliberitanum

1277 2019 1515 2059 celebratum
1544 2020 1649 2060 circa
1678 2021 1833 2058 initium
1863 2021 1963 2060 Saec.
1995 2022 2065 2061 1V.
2104 2023 2196 2062 dum
2226 2038 2311 2065 can.
2343 2024 2411 2063 58.

1278 2073 1415 2125 jubet,
1446 2072 1765 2112 catechumenum
1795 2074 2029 2126 baptizatum
2052 2077 2092 2115 in
2114 2077 2288 2130 periculo
2309 2091 2411 2116 mor-

1276 2129 1353 2177 tis,
1391 2131 1426 2165 si
1454 2130 1738 2177 supervixerit,
1781 2127 1836 2165 ad
1865 2127 2111 2180 Episcopum
2138 2131 2326 2181 perduci,
2371 2140 2414 2168 ut

1278 2194 1348 2234 per
1378 2194 1526 2219 manus
1568 2184 1859 2232 imposicionem
1902 2182 2041 2236 perfici
2081 2189 2229 2233 possit,
2274 2199 2413 2236 nempe

1280 2249 1349 2289 per
1377 2234 1672 2273 Sacramentum
1701 2234 2034 2275 Confirmationis.
2068 2238 2179 2284 Quod
2211 2238 2311 2276 idem
2343 2250 2411 2288 po·

1279 2298 1357 2328 stea
1385 2288 1630 2327 declararunt
1651 2289 1895 2326 Innocentius
1915 2290 1946 2326 Ι.
1975 2289 2097 2340 Epist.
2114 2289 2245 2328 XXV.
2267 2291 2314 2329 ad
2335 2291 2415 2328 De-

1279 2343 1448 2381 centium
1466 2372 1476 2390 ,
1521 2341 1560 2379 S.
1592 2341 1858 2393 Hieronymus
1887 2341 1978 2380 adv.
2008 2341 2291 2395 Luciferinnos
2309 2376 2319 2394 ,
2363 2343 2406 2383 S.

1281 2396 1341 2435 JO.
1371 2396 1664 2448 Clirysostomus
1707 2395 1824 2432 Hom.
1854 2393 1999 2433 XVlll.
2037 2397 2076 2434 in
2107 2397 2212 2435 Acta.
2241 2399 2377 2449 Apost.
2398 2429 2412 2447 ,

1281 2463 1443 2499 maguus
1467 2449 1697 2498 Augustinus
1726 2446 1858 2486 multis
1888 2450 1926 2486 in
1948 2447 2041 2487 locis
2059 2480 2070 2498 ,
2101 2452 2300 2505 praecipue
2322 2452 2413 2491 Lib.

1281 2502 1372 2541 XV.
1405 2501 1467 2540 De
1499 2499 1609 2538 Trin.
1638 2514 1725 2553 cap.
1744 2500 1807 2539 26.
1838 2501 1996 2550 dicens,
2030 2503 2224 2555 Apostolos
2253 2506 2413 2559 quidem

1281 2568 1357 2594 non
1385 2555 1530 2593 dedisse
1546 2555 1736 2606 Spiritum
1765 2564 1936 2594 sanctum
1955 2586 1965 2604 ,
1996 2558 2059 2594 sed
2081 2570 2246 2605 orasse,
2276 2569 2317 2597 ut
2347 2574 2413 2598 ve-

1282 2611 1383 2647 niret
1412 2610 1450 2647 in
1480 2621 1568 2657 eos,
1611 2607 1752 2660 quibus
1788 2622 1925 2647 manus
1962 2611 2246 2664 imponebant,
2289 2626 2410 2663 quern.

1284 2675 1440 2700 morem
1471 2665 1512 2700 in
1540 2665 1620 2700 suis
1642 2661 1873 2713 Praepositis
1903 2666 2027 2701 etiam
2057 2679 2162 2704 nunc
2179 2676 2308 2705 serviit
2331 2665 2414 2704 Ec-

1284 2717 1438 2761 clesitz,·
1481 2715 1654 2768 aliosque
1684 2717 1840 2769 plnres,
1883 2730 2049 2769 quorum
2092 2721 2304 2760 testimonia
2335 2720 2413 2772 legi

1284 2779 1439 2822 possunt
1467 2770 1569 2822 apud
1589 2769 1678 2808 Nat.
1700 2770 1965 2809 Alexandrum
1986 2772 2148 2811 Dissert.
2167 2773 2220 2812 X.
2254 2777 2290 2812 in
2308 2774 2412 2812 Saec.

1284 2825 1361 2872 ll.,
1394 2824 1460 2862 ubi
1492 2823 1624 2861 eadem
1654 2824 1822 2863 vindicat
1852 2834 1983 2863 contra
2013 2826 2172 2866 subtiles
2190 2828 2333 2866 Daltaei
2355 2843 2419 2866 ca-

1284 2877 1530 2921 villationes,
1574 2877 1763 2930 plenaque
1793 2879 1833 2916 in
1864 2877 1950 2916 luce
1987 2878 2171 2919 collocat:
2219 2883 2348 2920 omnia
2378 2897 2418 2918 e·

1283 2933 1367 2970 nim
1397 2931 1640 2980 exscribere,
1683 2932 1799 2970 nimis
1840 2930 1999 2984 longum
2037 2935 2160 2984 foret,
2203 2934 2239 2972 δε
2279 2949 2417 2989 parum

1285 2984 1379 3023 utile
1396 3012 1406 3022 .

1341 3038 1406 3079 56.
1437 3038 1531 3091 Obj.
1560 3042 1690 3092 primo
1719 3038 1894 3079 Dallaeus
1935 3050 2063 3081 contra
2092 3051 2262 3082 nostrum
2304 3055 2416 3093 argu-

2258 3111 2365 3134 men-

1285 3212 1312 3235 „
1337 3196 1518 3241 mysteriis
1545 3196 1736 3230 :emulatur
1753 3219 1760 3227 .
1804 3196 1929 3242 'Pingit
1956 3199 1987 3230 δι
2015 3197 2086 3242 ipse
2110 3194 2308 3241 quosdam,
2346 3194 2415 3225 nti-

1288 3261 1312 3282 ’³
1337 3253 1404 3286 ‘1¹¹e
1431 3240 1610 3276 credentes
1632 3266 1643 3283 ›
1670 3246 1701 3275 ἀ
1727 3242 1843 3276 fideles
1870 3256 1970 3278 snos:
1997 3244 2239 3288 expiationem
2263 3240 2414 3287 delicto-

1287 3307 1313 3327 „
1338 3299 1420 3322 rum
1444 3288 1486 3322 de
1503 3289 1647 3324 lavacro
1662 3291 1908 3334 repromittit.;
1935 3294 1966 3323 3.-
1992 3291 2019 3323 si
2036 3288 2147 3322 adhuc
2167 3285 2321 3325 memini,
2345 3295 2419 3315 mt-

1291 3353 1315 3377 s,
1342 3333 1444 3375 thr-1,
1483 3336 1599 3381 signat
1626 3336 1700 3370 illic
1725 3337 1761 3370 in
1787 3336 1966 3370 frontibus
1991 3335 2123 3369 milites
2151 3345 2226 3367 »uos
2254 3333 2315 3362 &c-

1810 3438 1853 3476 21
