2605 3624
218 143 306 204 ..ζ

148 227 230 274 his,
259 237 345 276 quae
376 229 458 260 sunt
487 220 533 258 de
563 220 779 259 necessitate
809 219 936 258 salutis
958 252 968 269 ,
1000 221 1176 260 liomode
1208 222 1259 258 fa-

145 280 210 317 cili
243 277 455 315 runiedium
499 275 694 313 inveniat.
739 276 839 312 luter
880 276 1011 312 omnia
1039 283 1165 312 autem
1194 275 1262 312 Sa-

145 340 337 370 cramenta
369 330 550 368 maxims:
581 329 809 366 necessitatis
839 339 888 366 est
920 330 1130 379 baptismus
1152 358 1163 376 ,
1193 329 1260 379 qui

146 396 198 423 est
228 385 458 436 regeneratio
487 383 651 421 hominis
682 384 720 420 in
749 384 862 419 vitam
912 381 1151 434 spiritualem
1175 407 1261 418 ......

146 439 195 477 lit
224 440 309 475 ideo
339 447 375 476 ut
405 436 518 474 hoino
547 438 648 474 circa
670 438 881 473 remedium
904 446 979 472 tam
1011 435 1262 473 necessarium

145 493 339 530 desectum
371 492 448 543 pati
467 504 540 527 non
560 490 692 541 possit,
722 491 930 528 institutum
953 498 1030 535 est,
1063 497 1101 524 ut
1133 487 1165 522 δε
1184 502 1261 524 ma-

144 548 241 584 teria
268 546 449 597 baptismi
478 546 525 581 sit
554 545 796 591 communis,
839 542 982 580 scilicet
1012 555 1137 592 aqua,
1174 553 1262 591 quae

145 618 168 640 a
197 599 367 651 quolibet
397 599 442 635 de
473 596 579 635 facili
612 597 742 633 {iuberi
775 604 917 646 potest,
948 594 1167 631 &minister
1196 594 1264 631 ba·-

146 656 278 707 ptismi
309 654 420 690 etiam
453 653 497 688 sit
519 652 755 702 quicumque
777 661 847 685 non
866 648 1080 693 ordinatus,
1111 660 1156 684 ne
1179 659 1265 697 pro-

145 717 231 760 pter
261 707 451 744 desectum
481 705 663 755 baptismi
693 703 806 742 homo
847 700 977 739 salutis
1005 713 1084 737 suae
1114 700 1264 750 dispen-

146 761 255 799 dium
288 761 472 812 patiatur.
493 758 514 772 ³’

202 814 293 858 584.
326 814 382 851 De
415 810 578 848 foemina,
605 820 693 845 vero
723 808 775 844 ita
804 806 933 844 subdit
964 804 1165 856 Angelicus
1194 812 1266 842 art.

146 869 186 915 lt·
210 867 424 916 „Christus
456 872 528 909 est,
572 863 636 913 qui
670 860 933 911 principaliter
975 859 1166 910 baptizat,
1209 872 1266 895 se-

202 921 368 958 cuudum
391 917 484 955 illud
504 917 561 953 Jo-
587 916 614 951 l.
637 914 701 952 55.
732 913 857 963 Super
877 925 994 963 quem
1023 911 1161 949 vitieris
1181 911 1266 962 Spi-

204 979 324 1011 ritum
342 969 646 1008 descendentem
665 997 675 1015 ,
704 967 753 1008 (¹9¹
784 976 1019 1003 manentem
1038 995 1048 1014 ,
1091 964 1150 1003 hic
1180 974 1264 1013 est,

203 1031 266 1077 qui
295 1026 490 1075 lmptizut.
539 1021 693 1059 Dicitur
730 1029 859 1058 autern
888 1021 935 1058 ad
964 1019 1054 1058 Gal.
1077 1019 1144 1056 ΙΙΙ.
1175 1018 1263 1058 28.:

203 1079 297 1117 Non
326 1087 385 1116 est
415 1075 644 1123 masculus,
674 1087 800 1125 neque
817 1072 1027 1125 foemina:
1056 1085 1195 1110 omnes
1225 1086 1264 1111 e-

201 1137 283 1170 nim
314 1145 378 1169 ros
407 1143 530 1168 unum
561 1132 651 1167 estis
682 1132 723 1166 in
756 1127 908 1166 Christo
936 1126 1027 1165 Jesu
1050 1153 1060 1165 .
1103 1126 1152 1165 Et
1181 1127 1265 1164 ideo

145 1220 171 1238 „
200 1188 296 1225 sicut
334 1184 527 1223 masculus
570 1182 690 1220 laicus
733 1190 850 1234 potest
893 1182 1113 1233 baptizare,
1156 1181 1264 1231 quasi

143 1272 169 1292 „
201 1242 373 1278 minister
401 1238 565 1284 Christi,
612 1238 666 1273 ita
704 1237 818 1273 etiam
856 1234 889 1272 8:
928 1235 1117 1273 foemina.
1161 1233 1263 1281 Quia

202 1303 328 1331 tamen
357 1301 475 1341 caput
506 1289 683 1328 mulieris
702 1298 760 1327 est
789 1292 865 1337 vir,
893 1288 942 1328 &¹
963 1297 1080 1339 caput
1109 1290 1178 1324 viri
1209 1296 1265 1324 est

205 1345 379 1385 Christus
400 1375 410 1393 ,
440 1354 479 1382 ut
494 1344 635 1382 dieitur
655 1356 687 1380 1.
716 1343 804 1381 Cor.
822 1342 891 1380 XI.
910 1372 919 1390 ,
949 1356 1022 1380 non
1050 1341 1161 1379 debet
1182 1355 1265 1378 mu—

203 1400 273 1437 lier
303 1400 494 1451 baptizare
515 1427 525 1445 ,
556 1399 585 1435 si
601 1397 697 1434 adsit
725 1398 833 1447 copia
865 1396 935 1434 viri
959 1410 969 1440 ;
999 1394 1267 1433 sicutneclai-

143 1485 172 1505 „
201 1467 268 1491 cus
297 1461 481 1504 praesente
500 1450 677 1497 Clerico,
706 1462 776 1486 nec
797 1449 968 1486 Clericus
999 1457 1184 1500 praesente
1200 1448 1267 1485 Sa-

143 1538 171 1556 ,‚
201 1506 350 1544 cerdote
371 1534 382 1551 ,
419 1506 487 1556 qui
517 1512 642 1540 tamen
672 1511 788 1553 potest
817 1501 1010 1553 baptizare
1028 1531 1038 1549 ,
1082 1510 1269 1553 praesente

145 1548 174 1612 ἑ,
206 1560 424 1611 Episcopo,
454 1570 500 1595 eo
527 1556 628 1609 quod
657 1555 729 1592 hoc
758 1557 917 1605 pertinet
946 1555 991 1592 ad
1012 1554 1184 1592 officium
1200 1554 1269 1592 Sa-

146 1644 174 1664 „
204 1613 367 1651 cei-dotis
381 1637 392 1650 .
413 1611 434 1627 ”
457 1610 568 1650 Notat
596 1617 722 1647 tamen
741 1608 1003 1646 catechismus
1025 1607 1136 1645 Rom.
1157 1607 1198 1645 P.
1219 1608 1268 1645 ΙΙ.

144 1682 232 1719 cap.
264 1680 302 1710 2¹.
331 1679 440 1704 num.
461 1665 525 1703 25.
543 1693 554 1712 ,
583 1662 857 1714 improbandas
886 1675 959 1700 non
989 1676 1066 1699 esse
1095 1662 1269 1699 obstetri-

145 1735 229 1769 ces,
259 1733 347 1772 quae
377 1719 569 1771 baptizare
598 1724 904 1763 consueverunt,
942 1716 1056 1755 etiam
1086 1723 1271 1767 praesente

147 1775 282 1826 aliquo
311 1775 420 1822 viro,
450 1772 518 1824 qui
548 1769 777 1809 conficiendi
808 1767 924 1820 hujus
944 1769 1179 1807 Sacramenti
1198 1770 1272 1806 mi-

142 1830 252 1869 nime
279 1829 424 1879 peritus
453 1827 525 1864 sit.
557 1823 706 1862 Rituale
735 1831 862 1862 autem
894 1821 1106 1860 Romanum
1136 1823 1271 1870 addit,

146 1895 258 1934 posse
280 1881 482 1918 ioeminam
512 1876 671 1927 purioris
684 1880 821 1928 gratia
836 1876 1026 1927 baptizare
1057 1877 1243 1915 infantem
1261 1905 1272 1924 ,

147 1946 229 1974 non
260 1937 424 1971 omnino
453 1931 601 1970 editum
619 1961 630 1978 ,
661 1932 773 1968 etiam
792 1929 1043 1981 praesentibus
1063 1931 1155 1967 viris
1177 1930 1241 1980 (a)
1259 1954 1271 1967 .

205 1988 299 2028 585.
328 1987 498 2024 Demum
528 1993 600 2022 art.
623 1985 659 2022 5.
677 1984 862 2036 inquirit,
893 1991 1020 2020 utrum
1046 1996 1116 2020 non
1144 1982 1273 2034 bapti-

149 2051 253 2082 zatus
283 2042 399 2093 possit
428 2038 716 2078 Sacramentum
759 2035 942 2088 baptismi
979 2034 1183 2074 conferre?
1226 2035 1274 2073 Et

150 2098 204 2135 ita
234 2094 446 2146 respondet:
480 2121 506 2140 „
528 2091 637 2129 Hanc
673 2091 923 2142 quaestionem
956 2091 1185 2141 Augustinus
1215 2089 1274 2126 in—

151 2148 442 2188 determinatam
472 2145 650 2197 reliquit;
693 2144 784 2181 dicit
813 2145 914 2181 enim
945 2142 1033 2180 Lib.
1056 2144 1103 2180 ΙΙ.
1134 2151 1275 2179 contra

152 2207 264 2253 epist.
294 2200 563 2238 Parmeniani
602 2211 688 2248 cap.
716 2197 800 2235 15.:
837 2195 942 2234 Haec
984 2195 1142 2247 quidem
1189 2196 1276 2233 alia.

153 2259 321 2306 quaestio
351 2262 432 2301 est,
461 2261 594 2290 utrum
614 2249 730 2291 &ab
759 2249 841 2298 Jzz's,
871 2253 935 2301 qui
962 2248 1278 2302 nunquumfue·

156 2318 248 2348 runt
281 2306 495 2345 Christiani
513 2335 524 2353 ,
551 2307 672 2356 possit
700 2302 920 2353 baptismus
949 2302 1066 2349 clari,²
1103 2315 1176 2341 nec
1205 2304 1278 2341 ali-

155 2362 248 2415 quid
276 2370 426 2400 temere
456 2358 548 2398 inde
576 2356 871 2407 affirmandum
901 2365 986 2405 est,
1029 2361 1115 2395 sine
1145 2366 1280 2395 aucto-

154 2421 278 2454 ritate
307 2418 410 2453 tanti
442 2413 632 2461 Concilt‘z',
670 2420 866 2463 quantum
894 2419 1023 2448 tantoe
1051 2415 1108 2449 rei
1135 2410 1280 2459 sufficit

161 2469 250 2522 (b).
293 2467 537 2506 Postmodum
567 2478 657 2506 vero
703 2479 771 2517 per
802 2463 1016 2504 Ecclesiam
1052 2465 1281 2503 determina-

157 2531 243 2562 tum
274 2529 354 2569 est,
384 2521 485 2572 quod
515 2533 585 2558 non
612 2520 819 2570 baptizati,
848 2520 927 2557 sive
956 2520 1031 2557 sint
1050 2519 1204 2567 Judaei,
1233 2519 1282 2556 si-

160 2590 210 2615 ve
239 2574 407 2626 pagani,
451 2582 604 2625 possunt
634 2573 926 2611 Sacramentum
967 2572 1150 2625 baptismi
1193 2585 1284 2610 con·

158 2631 260 2668 ferre
282 2654 292 2666 .
321 2627 370 2666 Et
398 2635 480 2678 post
507 2625 669 2679 allegata
698 2626 772 2664 duo
801 2628 1015 2665 testimonia
1043 2625 1199 2665 Nicolai-
1225 2626 1254 2663 Ι.
1272 2655 1284 2674 ,

160 2682 196 2720 ἃ
225 2681 403 2732 Gregorii
434 2680 502 2718 Ill.
530 2680 584 2718 ita
614 2681 762 2731 pergit:
797 2710 822 2729 „
843 2680 892 2719 Et
922 2679 1040 2732 hujus
1077 2681 1173 2718 ratio
1203 2688 1287 2727 est,

164 2765 192 2786 „
221 2736 315 2786 quia
343 2734 438 2772 sicut
467 2747 512 2771 ex
541 2742 649 2786 parte
689 2735 858 2771 materiae
878 2765 889 2783 ‚
926 2743 1112 2787 quantum
1142 2732 1190 2771 ad
1219 2746 1287 2770 ne-

166 2818 194 2837 „
223 2787 434 2825 cessitatem
455 2786 695 2826 Sacramenti
725 2786 866 2826 sufficit
885 2801 1144 2840 quaecumque
1163 2800 1287 2837 aqua,

166 2870 193 2891 „
223 2841 274 2878 ita
303 2840 418 2878 etiam
460 2840 600 2879 sufficit
629 2854 675 2878 ex
711 2849 817 2892 parte
845 2842 1010 2880 ministri
1051 2841 1288 2892 quicumque

165 2924 194 2945 „
224 2892 366 2930 homo.
409 2893 459 2932 Et
488 2895 572 2933 ideo
601 2895 716 2932 etiam
747 2907 817 2933 non
845 2895 1055 2948 baptizatus
1076 2923 1088 2942 ,
1131 2894 1171 2931 in
1198 2892 1288 2930 arti-

168 2976 197 2997 „
226 2945 314 2985 culo
343 2947 572 2984 necessitatis
600 2946 796 3000 baptizare
827 2957 968 3000 potest.
988 2948 1011 2964 ²³

222 2997 317 3042 586.
346 2998 448 3048 Quoe
493 3000 665 3039 doctrina
708 3002 917 3043 universim
953 3003 994 3042 in
1023 2997 1196 3042 Ecclesia
1224 3012 1292 3051 ap-

146 954 174 972 27

147 1006 174 1025 2>

146 1059 173 1078 9)

146 1112 172 1131 >a

141 1166 170 1184 :²

145 1326 173 1347 :5

145 1379 173 1400 >a

144 1432 173 1452 2>

222 3156 271 3193 (a)
297 3149 415 3197 Aliqui
442 3150 648 3185 Calvinistae
673 3151 866 3187 concedunt
887 3176 898 3194 ‚
938 3153 1048 3187 laicos
1072 3151 1166 3187 viros
1192 3163 1290 3196 posse

171 3201 209 3234 in
234 3200 439 3234 necessitate
484 3197 691 3242 baptizare,
729 3198 764 3230 id
789 3207 904 3233 tamen
940 3200 1083 3234 omnino
1117 3197 1289 3242 denegant

171 3246 330 3282 foeminis
350 3269 358 3277 .
388 3246 482 3278 Inter
507 3245 594 3277 alios
619 3243 752 3277 Theod.
780 3245 864 3278 Beza
880 3268 890 3286 ,
915 3247 975 3291 qni
1002 3247 1037 3277 P.
1053 3247 1096 3278 ΙΙ.
1122 3245 1290 3291 Quaestio—

173 3307 250 3329 num
283 3301 406 3337 quaest.
444 3293 523 3335 139·
562 3289 900 3331 to'vssrir‘ryuroempcor
935 3294 1132 3336 baptismum
1161 3292 1286 3337 soemi-

172 3341 289 3377 mirum
305 3338 461 3382 fabulam
484 3347 612 3372 vocat.
945 3336 947 3339 ’

218 3388 266 3428 (b)
291 3384 387 3421 ldem
411 3395 528 3422 tamen
553 3386 587 3422 S.
614 3385 715 3424 Patet
741 3385 819 3422 Lib.
845 3385 923 3424 Vn·
947 3386 992 3421 de
1018 3387 1182 3433 baptismo
1208 3397 1285 3432 cap.

965 140 1231 185 DisSEttT,
1265 140 1342 183 111.
1375 140 1502 183 CAP.
1536 139 1638 184 ΧΠ.

1330 220 1486 271 probata
1518 221 1613 258 suit.
1645 219 1730 258 Jsm
1761 219 1863 257 enini
1893 232 1914 256 a
1943 217 2083 257 saeculo
2104 217 2174 256 IX.
2201 215 2384 255 Nicolaus
2410 218 2444 257 Ι.

1331 276 1370 311 in
1402 268 1499 325 resp.
1542 274 1588 311 ad
1618 273 1795 324 linig-tros
1826 272 1951 318 valere
1993 273 2088 310 dixit
2131 272 2366 323 baptismum
2396 271 2447 309 ab

1331 326 1485 364 homine
1514 327 1676 373 Judaeo,
1707 327 1766 364 vel
1789 325 1938 375 pagano
1965 325 2147 364 collatum
2166 352 2176 362 .
2207 327 2288 362 Post
2317 333 2448 362 autem

1330 381 1429 417 idem
1461 389 1640 417 statutum
1672 379 1741 416 fuit
1770 380 1809 416 in
1830 380 1998 417 Concilio
2020 380 2259 417 Lateranensi
2282 378 2349 416 IV.
2380 391 2448 415 an-

1331 446 1381 469 no
1408 434 1521 469 1215.
1551 447 1635 483 cap.
1667 430 1877 480 firmiter,
1917 433 1983 469 ubi
2014 432 2096 470 liaec
2126 434 2330 484 leguntur:
2374 430 2452 469 Siz-

1328 495 1583 522 crumentum
1621 483 1804 532 baptismi
1833 498 1860 521 a
1889 498 2132 537 quocumque
2160 490 2231 524 rite
2260 486 2452 523 collinum

1327 537 1481 589 proficit
1512 537 1566 574 αλ
1586 537 1756 573 salutem
1773 563 1784 574 .
1814 537 2038 588 Expressius
2054 552 2140 578 vero
2159 539 2354 592 Eugenius
2378 537 2449 576 lV.

1332 593 1371 628 in
1403 589 1666 627 Ins-tructione
1696 590 1965 627 Armenomm
1995 593 2045 630 ita
2073 593 2230 630 definit:
2274 592 2322 630 ln
2351 605 2450 629 cusu

1333 653 1470 681 autem
1499 647 1749 681 necessitatis*
1767 656 1847 679 non
1876 645 2001 680 solum
2020 644 2215 683 Sacerdos
2232 676 2243 695 ,
2272 646 2331 684 vel
2347 644 2450 684 Deti-

1334 710 1482 745 contts,
1515 696 1583 734 sed
1611 706 1737 734 etiarn
1766 697 1916 743 laicus,
1963 698 2019 734 vel
2048 699 2215 745 mulier,
2258 703 2383 737 immo
2413 713 2452 738 e-

1335 754 1437 789 tium
1466 764 1653 803 paganus
1670 779 1681 798 ,
1710 750 1760 790 ὡ*
1790 748 1996 787 lzoeretz'cus
2025 748 2227 801 baptizare
2254 761 2379 800 potest
2396 779 2407 790 .

1389 804 1482 855 587.
1513 805 1588 842 Ob.
1617 808 1745 854 primo
1774 813 1904 841 contra
1933 803 2169 854 baptismum
2199 819 2221 842 a
2243 804 2350 843 laicis
2378 805 2457 843 col-

1334 856 1455 896 latum
1473 884 1484 896 .
1516 859 1554 896 lu
1583 859 1700 896 sacris
1729 857 1862 895 litteris
1891 855 2033 895 nullibi
2063 857 2202 908 legitur
2231 857 2455 897 mandatum

1334 913 1450 950 fuisse
1480 912 1587 949 laicis
1608 913 1822 964 baptizare,
1852 925 1975 962 neque
1993 909 2118 948 ullum
2140 911 2301 949 habetur
2331 925 2460 950 exem-

1334 965 1443 1018 plum
1474 966 1655 1017 baptismi
1684 980 1706 1003 a
1741 965 1849 1003 laicis
1877 965 2027 1002 collati.
2058 965 2169 1012 Quod
2198 966 2299 1002 euim
2330 965 2458 1016 aliqui

1331 1028 1414 1070 post
1437 1019 1714 1057 Bellarminum
1731 1028 1919 1066 asserunt,
1953 1018 2140 1057 Ananiam
2155 1048 2165 1066 ,
2195 1032 2284 1056 cum
2301 1018 2342 1057 S.
2360 1018 2459 1056 Pau-

1332 1072 1414 1110 lum
1444 1073 1676 1125 baptizavit,
1720 1073 1835 1110 fuisse
1882 1072 2055 1121 laicum,
2094 1086 2170 1111 non
2200 1082 2252 1110 est
2296 1073 2455 1111 omnino

1333 1136 1478 1165 certum
1501 1153 1511 1164 .

1388 1180 1480 1219 588.
1513 1179 1658 1230 Resp.,
1705 1193 1844 1217 vanam
1891 1192 1967 1216 esse
2010 1178 2110 1217 hanc
2159 1177 2458 1227 difficultatem,

1332 1247 1450 1286 quam
1479 1234 1550 1272 soli
1579 1233 1784 1271 Novatores
1825 1231 2035 1283 rejicientes
2068 1232 2299 1284 Apostolicas
2342 1233 2460 1270 tradi-

1334 1289 1453 1325 tiones
1483 1301 1634 1325 movere
1665 1295 1843 1337 possunt.
1890 1285 1950 1324 Ex
1980 1287 2179 1325 traditione
2229 1297 2357 1325 autem
2379 1316 2390 1334 ,
2428 1286 2463 1322 ὃς

1333 1343 1597 1394 antiquissimo
1627 1341 1811 1379 Ecclesiae
1844 1353 1910 1376 usu
1942 1339 2153 1387 habenms,
2203 1342 2316 1378 etiam
2346 1339 2466 1377 laicos

1334 1397 1549 1433 necessitate
1568 1404 1731 1447 turgente
1762 1407 1864 1446 posse
1894 1393 2087 1444 baptizare
2104 1420 2114 1430 .
2153 1393 2345 1444 Tempore
2363 1396 2466 1443 Apo-

1334 1448 1514 1486 stolorum
1547 1451 1613 1487 ista
1643 1449 1840 1486 necessitas
1879 1448 2031 1487 fortasse
2061 1459 2134 1485 non
2178 1447 2280 1492 fuit3
2322 1446 2356 1482 ἃ
2386 1447 2463 1483 for-

1336 1511 1429 1541 tasse
1459 1505 1573 1540 etiam
1603 1503 1634 1540 si
1676 1502 1884 1553 aliquando
1927 1501 2068 1548 suerit,
2121 1503 2218 1538 sacri
2248 1501 2462 1551 Scriptores

1337 1553 1407 1592 hoc
1423 1556 1567 1593 factum
1582 1586 1592 1603 ,
1615 1565 1652 1593 ut
1670 1556 1790 1592 multa
1805 1553 1903 1602 alia,
1924 1553 2057 1591 litteris
2079 1567 2149 1592 non
2173 1555 2464 1604 consignarunt.

1391 1608 1482 1661 589.
1515 1610 1628 1647 Dices
1669 1613 1818 1659 primo.
1859 1608 1901 1646 S.
1945 1608 2154 1658 Gregorius
2203 1607 2383 1646 Nazianz.
2426 1606 2466 1644 in

1342 1660 1480 1700 Carni.
1510 1663 1539 1700 Ι.
1569 1676 1648 1699 suae
1678 1664 1766 1700 vitae
1796 1661 1985 1711 eleganter
2013 1661 2193 1698 describit
2232 1659 2462 1698 horribilem

1338 1716 1455 1753 maris
1484 1714 1721 1767 procellam,
1751 1729 1826 1766 qua
1856 1728 1892 1750 se
1908 1712 2151 1751 submersum
2184 1714 2233 1750 iri
2261 1713 2465 1750 vehemen-

1339 1777 1394 1806 ter
1422 1770 1580 1817 timuit,
1611 1782 1700 1806 cum
1732 1767 1899 1805 noudum
1930 1774 2021 1804 esset
2051 1765 2288 1818 baptizatus3
2324 1780 2394 1803 nec
2415 1775 2471 1804 ta-

1340 1836 1428 1860 men
1458 1823 1644 1870 credidit,
1674 1836 1712 1860 se
1742 1835 1846 1873 posse
1876 1835 1898 1858 a
1927 1820 2062 1868 laicis,
2094 1820 2328 1872 quibuscum
2360 1828 2466 1867 erat,

1341 1876 1380 1913 in
1410 1878 1538 1914 mortis
1569 1876 1741 1928 periculo
1772 1875 1984 1925 baptizari.
2029 1874 2135 1911 Idem
2169 1874 2210 1912 S.
2245 1874 2470 1912 Ambrosius

1341 1938 1469 1967 narrat
1497 1930 1543 1966 de
1574 1930 1688 1968 fratre
1717 1941 1786 1967 suo
1813 1929 1977 1979 Satyro,
2007 1929 2075 1979 qui
2104 1928 2142 1965 in
2173 1927 2345 1979 periculo
2374 1940 2470 1964 nau-

1342 1983 1454 2034 fragii
1497 1983 1603 2034 petiit
1645 1982 1830 2034 quidem,
1873 1982 1907 2017 ἃ
1936 1980 2127 2029 obtinuit,
2175 1982 2248 2019 sibi
2279 1980 2470 2019 Euchari-

1343 2037 1452 2073 stiam
1481 2036 1591 2084 dari,
1630 2048 1749 2086 quam
1778 2035 1819 2072 in
1848 2034 1999 2072 sudario
2027 2034 2250 2083 deferebat,
2296 2047 2371 2072 non
2399 2047 2469 2073 au-

1345 2097 1421 2126 tem
1451 2089 1558 2140 petiit
1587 2088 1850 2139 baptismum.

1399 2142 1490 2193 590.
1522 2141 1730 2194 Respondet
1746 2140 2016 2179 Tillemontius
2033 2140 2147 2180 Tom.
2167 2141 2238 2179 IX.
2257 2140 2386 2189 Hm„
2407 2155 2476 2179 ve-

1345 2208 1386 2234 re
1417 2196 1529 2233 fuisse
1551 2193 1823 2233 nonnullorum
1853 2203 2021 2232 veterum
2044 2197 2265 2233 senteutiam
2285 2225 2295 2242 ,
2327 2195 2474 2246 baptis-

1346 2262 1455 2287 mum
1498 2261 1573 2286 non
1615 2247 1730 2286 licere
1759 2262 1780 2286 a
1809 2247 1919 2285 laicis
1966 2248 2070 2300 peti.
2113 2249 2186 2286 Sed
2230 2262 2307 2300 ego
2349 2249 2475 2301 potius

1347 2315 1566 2347 censerem,
1594 2315 1669 2339 non
1699 2302 1813 2339 fuisse
1842 2310 1987 2339 tantum
2018 2303 2209 2354 naufragii
2232 2301 2478 2354 periculum,

1348 2365 1387 2394 ut
1417 2370 1507 2394 vera
1535 2355 1750 2394 crederetur
1794 2357 1992 2395 necessitas
2035 2357 2188 2409 petendi
2234 2357 2476 2409 baptismum

1348 2425 1371 2449 a
1399 2409 1508 2449 laicis
1525 2435 1535 2448 .
1818 2452 1822 2455 ,

1405 2464 1499 2516 591.
1529 2462 1642 2501 Dices
1670 2461 1869 2500 secundo.
1911 2462 1996 2500 Non
2027 2463 2156 2501 minor
2185 2459 2393 2514 aliquando
2421 2467 2476 2499 est

1351 2518 1549 2556 necessitas
1564 2515 1799 2555 Sacramenti
1821 2517 2055 2567 poenitentiae
2073 2516 2120 2553 ad
2140 2515 2297 2553 salutem
2317 2546 2327 2564 ,
2357 2528 2477 2567 quam

1351 2571 1558 2624 baptismi:
1601 2570 1705 2622 atqui
1735 2582 1809 2607 non
1846 2577 1961 2620 potest
2000 2568 2098 2606 illud
2128 2569 2422 2608 Sacramentum
2451 2582 2475 2606 a

1354 2624 1464 2663 laicis
1492 2624 1684 2669 conferri3
1716 2636 1802 2675 ergo
1831 2637 1900 2660 nec
1930 2622 2143 2675 baptismus
2164 2649 2175 2660 .

1411 2678 1503 2729 592.
1534 2676 1646 2730 Resp.
1689 2690 1779 2714 cum
1807 2675 1848 2715 S.
1879 2675 2031 2716 Thoma
2073 2690 2157 2728 neg.
2189 2675 2311 2728 maj.;
2354 2682 2476 2729 potest

1356 2733 1457 2769 enim
1488 2744 1554 2782 per
1583 2731 1846 2768 contritionem
1889 2731 2059 2783 suppleri
2095 2731 2265 2769 defectus
2293 2731 2478 2770 Sacerdo-

1356 2784 1442 2822 talis
1470 2783 1742 2822 absolutionis:
1772 2783 1955 2836 baptismi
1985 2794 2112 2823 autem
2141 2785 2309 2823 defectus
2331 2787 2369 2823 in
2386 2797 2480 2836 pue-

1356 2839 1407 2876 ris
1436 2836 1545 2876 nullo
1573 2837 1649 2875 alio
1678 2837 1846 2876 remedio
1873 2838 2045 2891 suppleri
2074 2848 2219 2892 potest,
2249 2840 2323 2890 nisi
2351 2838 2480 2891 bapti-

1356 2904 1464 2938 sm0,
1494 2899 1559 2930 aut
1587 2891 1806 2944 martyrio·-

1414 2944 1506 2996 595.
1537 2945 1651 2983 Dices
1679 2949 1822 2988 tertio.
1853 2945 1994 2985 Auctor
2028 2946 2358 2985 Constitutionum
2387 2953 2480 2992 apo-

1358 2998 1590 3038 stolicarum
1606 2998 1694 3040 Lib.
1716 3000 1784 3039 111.
1800 3014 1885 3053 cap.
1912 3014 1973 3041 10.
2003 3000 2112 3041 laicis
2140 3000 2292 3040 nullam
2319 3004 2480 3052 potesta-

2349 3059 2428 3088 tem

1359 3152 1419 3187 53.
1446 3152 1521 3194 ait,
1562 3152 1590 3187 si
1617 3152 1652 3187 in
1678 3154 1840 3189 Concilio
1864 3164 1954 3191 esset
1995 3156 2228 3200 interrogatus
2253 3149 2294 3182 de
2319 3148 2384 3182 hac
2411 3161 2446 3182 re
2467 3173 2479 3193 ,

1358 3212 1560 3245 nequaquam
1584 3202 1811 3236 dubitaturum
1830 3225 1840 3243 ,
1879 3204 2002 3237 habere
2026 3216 2085 3236 eos
2109 3203 2275 3243 baptisma
2316 3198 2372 3240 qui
2395 3198 2472 3229 ubi-

1359 3259 1493 3291 cumque
1520 3254 1560 3281 ω’
1586 3261 1606 3282 α
1631 3247 1886 3294 quibuscumque
1912 3252 2002 3284 illud
2029 3249 2135 3282 verbis
2161 3245 2372 3287 evangelicis
2398 3256 2481 3277 con·

1355 3302 1523 3329 secratzzm
1548 3299 1623 3330 sine
1649 3309 1708 3332 sua
1739 3299 1979 3339 sinazlatione,
2005 3301 2048 3332 θ’
2070 3303 2142 3328 Cum
2166 3292 2279 3338 “li‘lua
2295 3289 2377 3336 fide
2418 3301 2478 3326 ‘²⁶'

1353 3350 1529 3387 cepissent
1547 3364 1557 3373 ·
