2605 3624
710 121 790 166 DE
827 118 1210 164 CESSATIONE
1246 118 1766 163 CIRCUMCISIONIS.

129 203 194 245 35.
225 235 251 255 ‚‚
279 203 352 243 Sed
380 201 474 256 quia
503 200 682 240 indecens
711 200 861 237 videtur
879 228 889 247 ,
918 200 1018 252 qnod
1039 201 1192 251 ¹&posto-

76 257 105 297 li
136 274 179 298 ea
206 258 435 297 occultarent
478 263 630 307 propter
658 253 880 292 scandalum
899 283 910 301 ,
957 266 1045 305 qua:
1078 253 1193 303 perti-

73 321 164 350 nent
191 312 238 350 ad
269 310 463 349 veritatem
493 311 608 355 vitae,
640 305 673 342 &
702 307 886 345 doctrinae
910 336 920 354 ,
951 306 984 342 &r
1013 306 1113 359 quod
1144 306 1194 344 si-

75 364 285 403 mulatione
314 371 504 401 uterentur
533 363 572 399 in
601 360 687 408 his,
724 373 812 412 quae
842 360 1031 411 pertinent
1061 360 1106 396 ad
1137 373 1194 397 sa·

78 416 196 455 lutem
227 415 428 461 fidelium;
456 415 546 453 ideo
573 414 860 453 convenientius
882 413 1114 465 Augustinus
1145 412 1194 450 E-

72 472 160 523 pist.
190 468 276 507 XI„
311 469 480 508 distinxit
523 470 594 507 tria
638 477 832 520 tempora:
876 481 995 504 imum
1039 467 1196 519 quidem

71 531 154 562 ante
171 522 310 561 Christi
332 524 542 576 passionem
560 552 571 569 ,
603 522 641 560 in
670 535 748 574 quo
778 520 915 573 legalia
945 534 1070 573 neque
1091 529 1197 558 erant

69 575 296 624 mortifera,
326 590 451 629 neque
481 585 650 614 mortua:
699 574 804 612 aliud
834 583 960 612 autem
992 583 1072 626 post
1102 582 1194 611 tem-

69 642 141 681 pus
169 627 369 683 Evangelii
401 628 615 680 divulgati,
647 630 685 666 in
704 641 780 681 quo
811 627 948 680 legalia
977 636 1062 666 sunt
1094 640 1195 666 mor·

67 689 160 730 tua,
189 681 223 719 8t
252 684 473 723 mortifera:
515 683 667 721 tertium
699 692 824 720 autem
855 690 908 719 est
937 690 1086 731 tempus
1115 695 1194 718 me-

66 735 177 774 dium
199 766 210 784 ,
247 736 392 776 scilicet
421 752 442 776 a
472 738 643 790 passione
670 735 810 774 Christi
842 749 960 787 usque
989 734 1034 772 ad
1064 733 1194 772 divul-

66 790 257 841 gationem
286 790 516 844 Evangelii,
560 792 599 828 in
628 804 705 842 quo
743 787 883 840 legalia
919 787 1077 840 quidem
1109 787 1192 825 sue-

67 850 157 881 runt
186 853 362 893 mortua,
390 845 483 897 quia
512 857 635 896 neque
664 844 744 882 vim
774 841 944 894 aliquam
977 840 1188 889 habebant,

65 909 193 949 neque
220 897 363 950 aliquis
392 912 435 937 ea
462 898 665 937 observare
693 895 915 941 tenebatur,
959 908 1034 933 non
1062 903 1188 933 tamen

67 949 224 989 fuerunt
253 952 475 998 mortifera,
505 951 572 1004 qui
602 949 683 996 illi,
714 950 782 1000 qui
812 949 983 987 conversi
1013 957 1119 986 erant
1139 948 1186 986 ad

67 1002 262 1042 Christum
291 1017 335 1042 ex
349 1004 520 1051 Judaeis,
550 1011 718 1055 poterant
747 1001 815 1039 illa
837 1001 975 1053 legalia
1004 1001 1108 1039 licite
1123 1001 1193 1040 ob-

69 1070 245 1106 servare,
273 1057 480 1095 dnmmodo
509 1070 585 1095 non
614 1057 669 1095 sic
699 1065 879 1108 ponerent
909 1068 1016 1107 spem
1047 1056 1085 1092 in
1114 1056 1192 1103 eis,

67 1109 169 1162 quod
198 1123 241 1147 ea
287 1123 328 1148 re
359 1118 506 1149 utarent
547 1109 622 1148 sibi
665 1110 877 1147 necessaria
915 1109 961 1146 ad
1002 1107 1191 1157 salutem,

64 1162 176 1215 quasi
205 1163 284 1202 sine
326 1124 514 1217 lisgalibus
549 1163 645 1202 fides
672 1162 815 1201 Christi
863 1161 1072 1214 justificare
1114 1175 1192 1201 non

65 1224 207 1267 posset.
237 1216 307 1256 His
335 1227 488 1267 autem,
517 1218 586 1269 qni
616 1216 939 1256 convertebantur
968 1229 1012 1253 ex
1041 1215 1193 1267 gentili·

66 1273 139 1308 tate
167 1269 215 1309 ad
241 1270 435 1310 Christum
454 1301 466 1319 ,
495 1283 572 1310 non
604 1271 725 1309 inerat
752 1284 892 1318 causa,
923 1277 962 1307 ut
991 1281 1034 1306 ea
1062 1269 1192 1308 obsera

66 1331 224 1363 vatent.
270 1323 320 1363 Et
347 1325 432 1364 ideo
460 1323 600 1364 Paulus
640 1324 883 1363 circumcidit
911 1321 1161 1362 Timotheum
1180 1353 1192 1372 ,

65 1377 137 1428 qui
167 1389 212 1415 ex
243 1386 363 1416 matre
390 1378 528 1418 Judaea
555 1379 704 1430 genitus
734 1387 839 1424 erat5
870 1377 1005 1415 Titum
1035 1386 1161 1415 autem
1179 1407 1191 1426 ‚

69 1430 137 1481 qui
168 1443 212 1468 ex
240 1431 449 1482 gentilibus
477 1441 586 1471 natus
613 1439 721 1480 erat,
752 1432 1030 1471 circumcidere
1051 1430 1193 1470 noluit.

124 1482 190 1529 54.
221 1483 308 1522 Ideo
335 1494 462 1524 autem
491 1485 614 1525 noluit
641 1485 808 1537 Spiritus
836 1485 1020 1532 Sanctus,
1052 1493 1090 1522 ut
1120 1493 1192 1526 sta-

66 1535 139 1574 tim
168 1536 404 1578 inhiberetur
433 1538 518 1588 his,
559 1541 628 1593 qui
659 1553 702 1578 ex
731 1539 877 1578 Judaeis
918 1538 1192 1577 converteban-

68 1597 130 1628 tur
150 1620 161 1639 ,
208 1590 422 1632 observatio
450 1592 632 1646 legalium
650 1623 661 1641 ,
703 1594 800 1632 sicut
829 1591 1076 1630 inhibebatur
1107 1591 1190 1639 his,

63 1644 134 1695 qui
163 1656 208 1682 ex
235 1644 443 1698 gentilibus
457 1645 799 1694 convertebantur,
828 1644 1047 1697 gentilitatis
1076 1645 1191 1692 ritus,

66 1697 304 1750 uuquaedam
333 1698 546 1738 differentia
575 1701 673 1737 inter
690 1698 756 1736 hos
785 1700 880 1736 ritus
908 1698 1190 1736 ostenderetur.

66 1748 167 1787 Nam
197 1750 415 1801 gentilitatis
451 1753 546 1790 ritus
574 1751 848 1803 repudiabatur
869 1780 880 1799 ,
923 1759 1121 1802 tamquam
1150 1762 1190 1787 o-

65 1803 200 1840 mnino
229 1802 409 1853 illicitus,
438 1804 472 1841 8<
492 1820 514 1842 a
533 1805 617 1843 Deo
646 1818 796 1856 semper
824 1802 1065 1856 prohibitus;
1097 1805 1192 1841 ritus

67 1862 194 1893 autem
224 1854 319 1908 legis
347 1858 539 1906 cessabat,
570 1867 751 1910 tanquam
784 1856 963 1909 impletus
1019 1871 1059 1895 er
1079 1856 1191 1895 Chri-

64 1907 110 1946 sti
140 1910 351 1958 passionem
373 1941 383 1958 ,
415 1920 576 1964 utpotea
598 1911 679 1949 Deo
709 1913 746 1950 in
778 1911 943 1961 figuram
963 1871 1102 1948 cliristi
1134 1910 1191 1948 in·

65 1961 214 2000 stitutus
233 1963 255 1978 '’
274 1989 286 2001 .
325 1963 544 2017 Utrumque
571 1963 686 2003 illum
715 1964 756 2003 S.
787 1963 950 2002 Thomae
980 1962 1191 2001 articulum

64 2010 266 2066 legendum
295 2016 451 2055 consulo
471 2043 482 2055 .

119 2067 185 2106 55.
215 2068 412 2121 Angelicae
442 2069 534 2109 huic
563 2070 745 2109 doctrinae
775 2082 821 2108 ex
850 2082 990 2122 magno
1010 2069 1191 2122 Augusti-

63 2131 116 2160 no
141 2119 324 2161 derivatae
351 2135 482 2164 omnes
509 2124 742 2162 consentiunt
771 2123 985 2176 Theologi5
1021 2125 1085 2162 sed
1113 2122 1191 2162 alia

63 2172 268 2215 difficultas
296 2178 487 2226 exoritur,
516 2191 656 2230 nempe
684 2178 715 2215 si
740 2185 909 2229 tempore
937 2177 1064 2216 medio
1094 2178 1190 2215 inter

63 2226 206 2266 Christi
236 2231 448 2282 passionem
466 2261 477 2280 ,
507 2230 541 2266 8t
569 2230 770 2283 Evangelii
799 2229 1098 2282 divulgationem
1114 2232 1190 2269 cir-

64 2281 252 2320 cumcisio
278 2293 438 2323 mortua
465 2292 572 2332 erat,
601 2283 636 2320 St
665 2282 811 2323 nullius
841 2283 1007 2332 valoris,
1050 2298 1188 2336 quam-

66 2333 122 2371 vis
153 2335 316 2374 nondum
347 2337 587 2391 mortifera,
616 2338 709 2391 quid
739 2337 944 2376 dicendum
975 2338 1022 2375 de
1053 2339 1098 2375 iis
1120 2337 1188 2376 Ju-

64 2385 238 2426 daeorum
270 2390 507 2440 infantibus,
552 2392 620 2445 qui
649 2405 737 2430 cum
766 2391 846 2430 sola
888 2392 1184 2430 circumcisione

60 2437 232 2480 defuncti
260 2443 372 2483 sunt?
418 2446 478 2484 An
507 2446 545 2483 in
575 2443 652 2483 illis
682 2454 882 2498 peccatum
925 2443 1115 2498 originale
1145 2446 1184 2486 vi

59 2493 363 2536 circumcisionis
390 2498 558 2538 deletum
589 2497 675 2538 est?

115 2546 180 2587 36.
211 2547 420 2603 Respondet
447 2551 573 2591 Guill.
603 2551 729 2592 Estius
756 2554 798 2593 in
828 2551 897 2591 IV.
928 2552 1026 2591 Dist.
1048 2552 1114 2590 Ill.
1145 2550 1183 2604 §.

62 2598 125 2644 14.
143 2629 154 2648 ,
182 2602 516 2644 circumcisionem
547 2606 823 2651 iisjnfantibus
868 2605 1029 2645 rofnisse
1056 2607 1101 2644 ad
1119 2606 1184 2644 de-

59 2649 215 2691 lendam
243 2657 466 2709 originalem
505 2672 645 2698 noxam
667 2685 678 2698 .
730 2621 870 2710 Quod),
912 2660 1064 2712 inquit,
1101 2673 1184 2698 non

61 2711 121 2742 est
149 2715 290 2746 contra
316 2715 560 2763 tripartitam
589 2717 776 2764 temporis
797 2712 1089 2752 distinctionem
1119 2727 1183 2752 su·

62 2768 138 2807 pra
167 2765 338 2817 Ρίξδὶῑανη
361 2791 372 2802 .
400 2764 515 2805 Μιιη
546 2766 675 2805 medio
703 2775 881 2820 tempore
913 2777 1073 2806 mortua.
1102 2771 1184 2819 qui-

65 2809 158 2848 dem
174 2811 298 2863 juere
312 2817 460 2869 legalia,
477 2850 487 2868 ,
516 2829 754 2859 nontamen
783 2819 964 2859 omnibus
981 2852 992 2870 ,
1021 2820 1091 2860 sed
1110 2825 1184 2870 it's,

61 2863 196 2926 quibus
225 2878 335 2906 novoe
362 2871 458 2924 legis
487 2876 668 2912 instituta
698 2874 971 2926 manifestata
998 2874 1184 2926 prodesse

58 2931 152 2971 Jam
181 2928 391 2969 poterant.
421 2926 548 2973 Quam
577 2941 684 2965 suam
714 2930 936 2967 sententiam
968 2928 1094 2967 Estius
1115 2943 1183 2968 au-

62 2973 233 3019 ctoritate
247 2972 483 3015 S-Beruardi
515 2979 745 3029 confirmat,
776 2981 954 3032 rejiciens
983 2992 1183 3035 tamquam

59 3025 188 3064 minus
218 3027 458 3078 probabilem
487 3032 706 3082 opinionem
734 3033 865 3081 Senti,
908 3039 1094 3086 putantis,
1137 3038 1184 3075 iis

59 3078 237 3171 parvulis
267 3081 458 3120 suffecisse
486 3083 525 3120 in
554 3086 766 3122 remedium
810 3089 956 3138 peccati
983 3090 1185 3140 originalis

92 3133 178 3171 dem
210 3144 409 3186 parentum
428 3160 440 3173 .

114 3185 275 3235 Quaeres
303 3187 500 3236 secundo,
531 3203 584 3227 an
603 3188 709 3240 apud
725 3189 915 3229 Hebroeos
942 3202 1090 3241 praeter
1107 3197 1184 3232 cir-

65 3245 347 3280 cumcisionem
377 3242 594 3293 baptismus
624 3256 774 3295 quoque
802 3243 1090 3283 adhiberetur?

120 3290 184 3343 37.
214 3293 327 3350 Resp.
359 3296 500 3335 Multas
529 3299 632 3350 apud
664 3296 846 3334 Hebraeos
889 3297 1003 3335 fnisse
1033 3300 1184 3338 usitatas

61 3341 299 3402 ablutiones,
327 3350 510 3392 discimus
539 3365 584 3391 ex
599 3351 715 3393 sacris
743 3350 879 3392 litteris
896 3351 1091 3404 utriusque
1112 3351 1184 3393 foe-

2246 124 2319 172 ¹4¹

1261 198 1390 236 deris.
1439 199 1583 236 Earum
1615 199 1812 236 nonnulla:
1845 206 1949 238 erant
1979 212 2024 238 ex
2053 197 2254 238 hominurn
2283 201 2387 238 arb:-

1261 253 1359 298 trio,
1391 253 1588 303 principue
1619 264 1708 288 vero
1740 252 2043 301 l'harisaeoruni,
2073 254 2118 292 dc
2148 253 2291 305 quibus
2322 252 2388 291 ha-

1264 305 1404 343 bemus
1435 303 1560 343 Marci
1585 303 1669 342 Vll.
1702 305 1739 341 3.
1770 318 1846 355 seq.
1865 335 1874 351 ‚
1918 307 2018 356 qnod
2061 311 2135 344 nisi
2166 306 2299 345 crebro
2329 307 2388 343 lci-

1265 362 1391 396 rerint
1421 371 1568 395 manus
1588 387 1599 405 ‚
1628 370 1709 395 nou.
1739 356 2021 401 manducatum
2059 368 2235 397 tenentes
2264 359 2389 398 midi-

1265 415 1412 449 tionem
1442 415 1674 458 seniorum,
1716 411 1766 452 ἐν
1795 424 1822 447 ιι
1838 409 1964 461 foro,
2007 415 2081 447 nisi
2118 413 2388 463 baptizentur,

1265 478 1346 503 non
1374 464 1614 503 comedunt.
1647 464 1699 501 Ec
1730 465 1813 501 ulia
1844 464 1972 500 multa
2003 473 2117 511 sunt,
2147 478 2234 513 qim:
2263 467 2387 506 trudi-

1265 527 1309 556 tn
1338 528 1430 557 sunt
1459 519 1533 557 illis
1570 531 1758 565 serrare,
1807 517 2055 568 baptismata
2096 519 2294 567 culicum,
2337 522 2388 562 t'jy

1265 585 1474 611 urceorum
1490 603 1500 619 ‚
1534 573 1583 612 (ἶ)
1599 580 1914 609 σεναυιειιῖοναηι
1933 601 1943 618 ,
1972 570 2022 611 (²)
2044 570 2233 608 lectorum
2253 599 2263 608 .
2292 573 2361 611 Sed
2378 606 2386 621 ,

1265 636 1303 664 ut
1331 626 1430 665 hene
1459 626 1619 664 advertit
1649 626 1690 663 S.
1720 624 1889 664 'l‘homas
1918 625 1954 663 3.
1987 623 2026 662 l'.
2056 632 2194 676 quaest.
2225 624 2288 663 53.
2320 639 2389 664 art.

1269 693 1303 718 1.
1332 680 1379 718 ad
1410 679 1472 729 3.,
1513 677 1760 730 baptismata
1789 679 1859 716 illu.
1897 686 2015 717 erant
2045 681 2215 726 inania,
2264 687 2390 728 utpote

1263 732 1318 771 acl
1345 733 1476 771 solum
1506 732 1744 770 munditiem
1774 735 1911 770 curnis
1940 730 2130 769 ordinarat
2151 758 2160 770 .

1316 786 1384 826 58.
1413 786 1606 836 Quaedam
1637 795 1762 824 tamen
1793 785 1949 824 lotiones
1981 786 2231 824 inveniuntur
2261 798 2306 823 ex
2337 785 2389 825 le-

1262 855 1308 890 ge
1338 842 1570 892 praescriptae
1589 870 1600 888 ‚
1646 849 1684 877 ut
1712 853 1800 892 qua:
1830 839 2006 891 leguntur
2035 839 2158 877 Exodi
2182 838 2292 877 XlX.
2329 853 2391 878 10.

1258 892 1410 933 XXlX.
1431 894 1470 940 4.
1487 924 1497 943 ,
1530 894 1692 933 Levitici
1716 892 1817 931 Vlll.
1838 893 1876 931 6.
1895 923 1905 941 ,
1935 892 2100 944 aliasque
2131 906 2202 931 non
2234 907 2392 942 paucae,

1258 948 1339 986 sive
1368 948 1416 987 ad
1446 947 1632 987 naturales
1663 948 1831 1000 corporis
1861 946 1987 986 sordes
2016 946 2283 998 abstergendas
2301 979 2310 995 ‚
2340 949 2391 985 si·

1264 1013 1311 1039 ve
1339 1001 1387 1040 ad
1416 1001 1549 1053 culpas
1578 1000 1716 1054 legales
1759 1000 1963 1052 expiandas
1981 1027 1991 1039 .
2043 999 2136 1038 Haec
2166 1009 2293 1039 autem
2322 1001 2391 1039 Ju-

1262 1054 1437 1094 daeorum
1468 1056 1695 1107 baptismata
1725 1063 1828 1092 erant
1865 1067 1932 1106 per
1962 1055 2072 1092 totius
2120 1056 2289 1105 corporis
2317 1068 2390 1093 nu-

1262 1108 1339 1147 dati
1370 1110 1683 1157 immersionem,
1732 1121 1805 1146 non
1836 1116 1962 1146 autem
1992 1121 2060 1160 per
2100 1106 2222 1145 solam
2263 1122 2392 1161 asper-

1261 1164 1406 1201 sionem
1424 1188 1435 1201 .

1318 1216 1383 1268 39.
1411 1216 1662 1268 Quamquam
1691 1214 1834 1266 aliquae
1878 1215 1993 1251 etiam
2031 1223 2292 1252 memorantur
2319 1215 2389 1253 ab-

1260 1268 1423 1307 lutiones
1452 1282 1520 1320 per
1549 1268 1667 1307 solam
1684 1267 1964 1319 aspersionem,
1997 1276 2035 1306 ut
2057 1267 2125 1305 illa
2143 1297 2152 1314 ‚
2182 1281 2271 1319 quas
2290 1281 2390 1320 prae-

1260 1324 1405 1375 cipitur
1431 1322 1593 1361 Numer.
1623 1321 1736 1361 XlX.
1771 1334 1832 1359 11.
1862 1320 2010 1358 homiui
2059 1321 2260 1360 immundo
2305 1334 2392 1374 pro-

1261 1386 1345 1429 pter
1373 1384 1590 1415 contactum
1621 1375 1841 1415 cadaveris:
1885 1375 2126 1427 Aspergetur
2154 1387 2208 1412 ex
2237 1373 2313 1412 hac
2342 1388 2389 1413 ‹1-

1261 1444 1342 1482 qua
1372 1433 1387 1482 (
1417 1430 1597 1477 lustrali,
1627 1431 1689 1468 cui
1720 1431 1862 1467 cineres
1892 1441 2020 1466 vaccae
2053 1428 2150 1466 rufae
2182 1429 2321 1466 iuius-‘e
2347 1444 2385 1466 e·

1261 1486 1380 1534 rant)
1411 1483 1473 1522 die
1502 1488 1643 1531 tertio,
1685 1483 1734 1523 <9¹
1762 1485 1931 1531 septimo
1952 1510 1962 1528 ,
2004 1482 2055 1522 ΕΞ*
2084 1495 2140 1518 stc
2176 1481 2388 1519 mundabi-

1259 1547 1348 1576 tur.
1401 1538 1455 1575 Ac
1485 1537 1531 1574 de
1574 1536 1710 1582 variis,
1754 1535 1787 1571 ἃ
1832 1534 1963 1572 multis
1994 1534 2248 1572 Hebraeorum
2280 1535 2388 1573 lotio·

1258 1590 1374 1630 nibus
1423 1590 1606 1628 videndus
1654 1588 1786 1626 l'etrus
1828 1587 1929 1625 Dan.
1960 1587 2124 1626 Huetius
2159 1589 2199 1626 iu
2232 1588 2386 1640 Quaest.

1264 1644 1477 1681 Alnetanis
1506 1642 1596 1681 Lib.
1627 1642 1676 1679 ΙΙ.
1705 1655 1791 1692 cap.
1824 1653 1888 1679 20.

1314 1696 1380 1741 40.
1410 1696 1482 1734 Sed
1513 1696 1633 1733 multo
1669 1693 1858 1732 celebrior
1899 1695 2013 1732 etiam
2042 1695 2147 1747 apud
2186 1695 2387 1735 modernos

1259 1749 1413 1788 Judaeos
1442 1759 1492 1787 est
1523 1749 1734 1800 baptismus
1755 1746 2084 1800 Proselytorum;
2115 1749 2211 1787 unde
2227 1750 2386 1801 quidam

1260 1802 1488 1840 Heterodoxi
1518 1803 1704 1854 originem
1736 1802 1850 1840 nostri
1880 1801 2061 1853 baptismi
2077 1800 2281 1841 Christiani
2312 1812 2388 1841 tra-

1259 1856 1348 1894 here
1378 1858 1459 1894 ausi
1489 1865 1602 1903 sunt,
1635 1863 1672 1892 ut
1702 1854 1804 1892 infra
1833 1855 2071 1893 videbimus.
2102 1853 2302 1908 Proselyti
2329 1857 2390 1894 ‹li-

1264 1910 1448 1948 cebantur
1470 1939 1480 1957 ,
1510 1909 1578 1961 qui
1609 1921 1654 1946 ex
1685 1907 1834 1960 Pagana
1863 1909 2129 1960 superstitione
2157 1909 2204 1947 ad
2234 1909 2388 1962 religio-

1259 1976 1347 2001 nem
1377 1962 1578 2001 Judaicam
1609 1961 1846 2000 transibant.
1892 1961 1980 2000 Duo
2008 1971 2134 2000 autem
2178 1963 2387 2015 distingue-

1258 2016 1402 2055 bantur
1431 2029 1563 2054 eorum
1592 2027 1756 2067 genera:
1799 2015 1868 2054 alii
1899 2016 1999 2054 enim
2030 2025 2134 2054 erant
2175 2016 2290 2055 solius
2319 2018 2386 2056 ‹lo-

1260 2070 1398 2108 micilii
1420 2099 1430 2117 ,
1461 2069 1639 2122 aquibus
1668 2067 1764 2107 nihil
1795 2068 1900 2108 aliud
1921 2069 2171 2121 exigebatur,
2200 2085 2317 2123 quam
2345 2081 2384 2109 ut

1259 2123 1309 2163 ab
1340 2122 1586 2162 idololatricis
1614 2122 1947 2175 superstitionibus
1976 2123 2236 2172 abstinerent,
2281 2125 2313 2161 8<
2345 2134 2386 2163 nt

1258 2177 1437 2230 quaedam
1469 2185 1660 2229 praecepta
1690 2176 1884 2215 Noachica
1911 2176 2178 2216 observarent.
2209 2177 2287 2216 Alii
2319 2193 2382 2216 ve·

1257 2244 1300 2269 ro
1328 2231 1552 2269 dicebantur
1578 2231 1769 2283 proselyti
1787 2229 1985 2282 foecleris,
2028 2240 2092 2269 aut
2115 2232 2284 2282 justitiae
2305 2261 2315 2279 ,
2345 2233 2381 2268 δε

1256 2285 1317 2323 isti
1345 2299 1384 2322 se
1413 2285 1459 2323 ad
1488 2286 1617 2323 omnia
1646 2293 1839 2336 praecepta
1868 2283 1962 2336 legis
1988 2283 2236 2335 obligabant3
2265 2292 2382 2336 atque

1256 2339 1317 2377 isti
1347 2339 1518 2390 primum
1549 2337 1953 2384 circumcidebantur,
1998 2346 2077 2386 post
2105 2346 2232 2375 autem
2257 2366 2267 2385 ,
2312 2337 2380 2376 ubi

1254 2391 1363 2430 dolor
1394 2404 1438 2429 ex
1469 2389 1628 2430 vulnere
1657 2398 1857 2438 cessasset,
1886 2389 2077 2442 baptismo
2105 2390 2216 2428 totius
2245 2403 2382 2441 corpo-

1251 2447 1304 2484 ris
1325 2446 1569 2483 immersione
1599 2443 1858 2482 lustrabantur
1875 2473 1886 2491 ,
1916 2444 2091 2482 foeminis
2117 2443 2197 2482 solo
2227 2442 2295 2482 hoc
2313 2444 2382 2482 ba-

1252 2501 1392 2552 ptismo
1421 2499 1607 2546 initiatis,
1655 2511 1745 2536 cnm
1782 2497 2090 2536 circumcisionis
2125 2505 2246 2536 essent
2274 2498 2382 2537 inca,

1255 2566 1367 2604 paces
1384 2579 1394 2590 .

1308 2606 1373 2651 4¹·
1404 2605 1515 2643 Hunc
1543 2604 1780 2658 baptismum
1811 2604 1964 2643 fuissea
1985 2602 2124 2657 Moyse
2138 2605 2378 2655 institutum,

1254 2658 1286 2695 ἃ
1304 2669 1542 2712 praeceptum
1561 2689 1570 2707 ‚
1600 2659 1826 2698 contendunt
1846 2657 1959 2697 multi
1983 2656 2150 2697 Rabbini
2168 2668 2246 2710 post
2266 2657 2380 2712 Moy-

1252 2727 1331 2751 sem
1378 2712 1655 2752 Maimonidem
1697 2713 1800 2764 apud
1830 2712 2038 2752 Seldenum
2076 2710 2141 2751 De
2169 2706 2381 2765 Synedriis

1253 2767 1342 2806 Lib.
1364 2768 1395 2805 Ι.
1423 2781 1510 2819 cap.
1534 2766 1594 2806 5.:
1623 2766 1768 2818 quibus
1795 2765 2045 2804 subscribunt
2064 2764 2312 2803 Marshamus
2342 2768 2381 2805 iu

1257 2819 1424 2858 Cunone
1453 2819 1636 2859 chronico
1656 2818 1850 2858 Saec.1X.
1873 2850 1883 2867 ,
1915 2818 2153 2870 Lightfootus
2182 2819 2223 2857 in
2255 2817 2380 2859 Horis

1253 2874 1445 2924 hebraicis
1475 2874 1643 2926 cap.41.
1674 2873 1820 2925 aliique
1848 2872 2026 2911 nonnulii
2059 2870 2282 2911 Rabbinicis
2312 2874 2379 2912 do-

1253 2929 1381 2967 ctrinis
1403 2927 1488 2981 plus
1507 2941 1619 2980 aequo
1637 2927 1777 2965 addicti
1796 2953 1806 2964 .
1837 2925 2115 2965 Verumtamen
2135 2929 2277 2980 saepius
2292 2939 2380 2979 pro-

1256 2983 1407 3030 vocati,
1452 2991 1490 3020 ut
1521 2980 1678 3034 aliquod
1711 2979 1825 3031 hujus
1853 2980 2045 3029 instituti,
2087 2979 2148 3018 vel
2221 2981 2380 3032 raecepti

1253 3035 1416 3075 Mosaici
1447 3044 1553 3074 vetus
1582 3041 1875 3073 monumentum
1904 3032 2110 3083 afferrent,
2139 3047 2193 3072 nu
2213 3035 2292 3072 lum
2312 3033 2379 3073 ha-

1251 3100 1381 3128 ctenus
1412 3088 1601 3141 prolatum
1633 3097 1716 3126 est.
1760 3087 1885 3126 Immo
1914 3087 2022 3127 nulla
2053 3086 2168 3139 hujus
2196 3086 2382 3138 baptismi

1254 3145 1395 3181 mentio
1424 3143 1467 3180 fit
1488 3173 1499 3191 ,
1558 3142 1683 3179 nando
1697 3139 1853 3189 Jeihro,
1884 3139 2043 3194 ejusque
2065 3141 2242 3188 familia,
2276 3138 2376 3176 Ruth

1251 3195 1511 3244 Moabitides,
1529 3157 1677 3233 ‹bahal›
1705 3195 2000 3244 Hiericumina,
2031 3194 2200 3242 Achior,
2230 3193 2375 3243 aliique

1251 3249 1432 3302 proselyti
1464 3250 1552 3288 facti
1583 3259 1692 3287 sunt.
1722 3248 1887 3296 Quando
1915 3250 2029 3287 etiam
2060 3248 2250 3285 Hircanus
2280 3255 2371 3281 tem-

1250 3315 1342 3353 pore
1372 3303 1693 3342 Machabaeormn
1726 3301 1914 3340 ldumaeos
1961 3302 2007 3339 ad
2038 3300 2367 3338 circumcisionem

1251 3355 1400 3408 adegit.
1431 3365 1470 3398 ut
1497 3356 1684 3409 Joseptu..
1712 3365 1840 3398 narrat
1866 3353 2082 3396 Lib.X111.
2112 3345 2364 3451 Anti-zvar.
