2605 3624
855 95 932 136 DE
967 92 1334 135 EFFEC'I'IBUS
1371 92 1653 135 BAPTtSm
1667 123 1678 134 .

113 185 152 218 to
179 178 424 226 abstinuisse,
454 191 497 218 ac
526 175 687 217 voluisse
715 172 954 212 solummodo
982 172 1032 211 ab
1051 172 1232 210 omnibus

115 236 249 282 credi,
291 233 461 271 homines
490 228 692 282 justificari
725 240 790 278 per
818 229 1009 277 gratiam,
1040 224 1074 260 8(
1103 225 1231 263 chari-

115 295 253 335 tatem,
281 298 371 337 quae
397 296 466 335 per
493 283 682 334 Spiritum
711 289 898 317 sanctum
929 278 1160 328 diffunditur
1189 283 1230 315 m

113 339 290 378 cordibus
317 350 475 384 eorum,
505 346 624 387 atque
654 334 728 373 illis
758 333 948 371 inliceret.
978 334 1033 371 lta
1047 331 1231 371 Sess.Vl.

116 407 203 446 cap.
219 406 284 444 7.‚
311 390 448 429 &cam
470 402 529 427 ιι.
561 389 637 437 Qui
669 397 794 426 tamen
823 401 972 425 sensum
1001 386 1235 424 delinitionis

115 446 230 497 liujus
260 445 407 496 penitus
436 444 726 495 introspexerit,
769 440 883 480 facile
917 440 1089 490 videbit,
1132 439 1232 478 nihil

111 498 218 537 aliud
247 497 408 537 voluisse
439 496 522 535 illos
554 497 677 535 Patres
706 494 952 546 significare,
983 508 1100 546 quam
1131 494 1232 546 quod

112 551 332 591 scholastici
362 550 582 602 intelligunt
614 565 681 603 pet·
710 549 863 588 habitus
905 552 1088 586 virtutum
1125 546 1234 599 insu·

111 618 203 653 sos,
232 605 282 646 <J
311 608 465 643 animae
494 604 761 643 inhaerentes.
792 603 918 652 Vide,
947 616 1035 654 quae
1065 602 1234 640 diximus

113 658 228 696 Tem.
245 658 312 697 VI.
342 658 448 697 P.11.
479 659 636 698 Dissert.
657 659 686 697 I.
715 671 800 709 cap.
823 671 855 695 ι.

168 711 262 758 542.
291 712 467 751 Ceterum
496 714 656 766 gratiam
688 713 818 764 pueris
847 709 1000 748 infundi
1043 711 1080 747 in
1109 709 1235 760 bapti-

114 778 219 814 stn0‚
248 768 430 804 sexcentis
460 768 499 804 in
529 766 639 815 loeis,
686 765 720 801 8t
748 765 875 804 verbis
903 764 1150 816 apertissimis
1179 778 1236 800 as-

113 820 204 857 serit
250 832 411 872 magum
450 820 590 858 Doctor
634 819 889 870 Augustinus,
948 826 986 854 nt
1030 817 1067 855 in
1111 816 1235 868 Epist.

114 872 296 912 XCVIII.
326 873 372 912 ad
396 873 635 912 Bonifacinm
665 873 815 911 dicens:
845 871 978 909 Semel
1005 879 1236 921 perceptam

115 926 300 976 parc-ulus
325 930 506 980 gratiam
535 940 616 964 non
644 930 792 964 amittit
813 928 890 962 nisi
909 928 1068 974 propria
1098 927 1235 976 impie-

117 988 229 1026 tate,
259 984 293 1018 si
321 984 454 1018 oetatis
483 993 648 1018 accessu
677 988 765 1016 tam
795 979 928 1016 malus
957 981 1125 1015 eraserit
1143 1004 1152 1015 .
1182 977 1235 1014 E-

113 1034 202 1084 pist.
222 1032 494 1070 CLXXXVII.
533 1034 577 1071 ad
610 1033 828 1071 Dardanem
859 1047 945 1084 cap.
966 1032 1004 1069 ὃ.
1056 1029 1235 1070 Dicimus

111 1098 233 1136 ergo,
263 1089 304 1122 in
333 1085 540 1138 baptizatis
555 1087 753 1137 parvulis,
781 1085 1016 1135 quamvisid
1037 1080 1234 1133 nesciant,

113 1137 291 1177 habitare
319 1139 509 1191 Spiritum
538 1150 754 1179 sanctum.
784 1140 834 1178 Et
863 1138 928 1177 Dc·
956 1148 1063 1190 grat.
1093 1140 1142 1179 Εἰ)
1171 1137 1235 1178 lib.

116 1192 203 1229 arb.
232 1207 318 1246 cap.
343 1207 406 1232 22.
438 1194 476 1232 in
506 1195 676 1247 parvulis
704 1197 884 1246 gratiam
914 1192 1089 1240 haerere,
1119 1193 1234 1232 dicit.

112 1245 267 1285 Similia
284 1277 294 1293 ,
324 1247 359 1284 ἃ
388 1249 502 1286 etiam
533 1250 652 1301 magis
669 1244 845 1300 en'ergica
865 1248 1113 1285 inveniuntur
1133 1248 1235 1299 apud

111 1298 155 1356 S.
175 1299 232 1338 Jo.
253 1299 551 1343 Chrisostomum
583 1305 620 1341 iu
652 1303 766 1341 Hom.
798 1302 853 1340 ad
881 1299 1140 1353 Neophytos;
1168 1315 1236 1339 cu-

113 1366 176 1404 ]us
219 1355 476 1405 fragmentum
519 1358 682 1396 servavit
724 1356 765 1395 S.
811 1356 1042 1407 Augustinus
1085 1355 1173 1393 Lib.
1203 1356 1234 1394 Ι.

113 1416 241 1444 contr.
270 1408 346 1447 Jui.
377 1423 464 1463 cap.
484 1409 523 1449 6.
541 1441 552 1459 ,
596 1411 629 1447 8(
657 1411 760 1463 apud
790 1411 976 1448 Isidorum
1006 1407 1235 1448 Pelusiotam

115 1459 204 1498 Lib.
227 1461 292 1499 III.
323 1463 430 1514 epist.
457 1464 546 1511 145.

166 1514 326 1561 Quaeres
345 1520 498 1566 primo,
529 1531 586 1557 an
616 1517 833 1570 baptismus
861 1517 1007 1556 habeat
1036 1521 1077 1556 in
1106 1521 1236 1556 omni-

113 1565 182 1605 bus
209 1569 406 1620 oequalem
435 1569 662 1622 effectum?

168 1621 262 1667 545.
294 1621 434 1676 Resp.,
475 1625 745 1665 Characterem
764 1657 774 1674 ‚
820 1627 887 1678 qui
919 1635 958 1664 ut
986 1640 1072 1678 sup.
1115 1634 1238 1664 osten-

112 1673 242 1712 dimus
283 1676 385 1715 Diss.
414 1679 446 1715 Ι.
489 1685 695 1730 cap'.12.5
740 1681 781 1717 in
811 1679 1002 1731 baptismo
1045 1680 1238 1730 imprimi-

116 1734 206 1785 tur,
237 1740 314 1765 esse
343 1730 534 1781 aequalem
565 1733 604 1770 in
634 1733 841 1778 omnibus3
871 1746 915 1770 ac
945 1740 1142 1784 propterea
1171 1731 1238 1770 ba-

117 1787 305 1839 ptismum
336 1783 406 1820 rite
434 1784 618 1823 collatum
661 1787 858 1833 reiterari,
902 1799 1050 1837 semper
1080 1787 1238 1823 vetitum

119 1831 191 1869 fuit
210 1858 221 1870 .
263 1833 335 1872 Sed
367 1847 554 1887 quantum
586 1839 631 1877 ad
661 1839 756 1876 alios
792 1839 945 1877 effectus
973 1840 1148 1891 superius
1178 1852 1235 1876 re-

115 1887 303 1935 censitos,
349 1889 390 1927 S.
421 1890 589 1930 Thomas
620 1892 656 1931 5.
679 1892 720 1930 P.
750 1903 887 1945 quaest.
907 1893 974 1944 69.
1016 1902 1087 1931 art.
1107 1892 1147 1931 8.
1179 1906 1235 1929 re-

107 1936 251 1987 solvit,
282 1940 486 1991 effectum,
532 1973 558 1992 ,‚
587 1945 633 1982 ad
663 1960 780 1997 quem
810 1946 1022 1999 baptifiinus
1052 1955 1104 1984 est
1132 1947 1236 1996 insti-

107 1998 239 2041 tutus,
276 2008 417 2047 nempe
445 1997 491 2034 ad
523 2000 820 2049 regenerandum
853 1999 1022 2036 homines
1052 2001 1091 2037 in
1122 2000 1235 2049 spiri-

109 2044 256 2107 tualem
284 2049 430 2097 vitam,
458 2064 537 2088 esse
567 2052 756 2102 aequalem
788 2053 827 2089 in
857 2051 1066 2101 omnibus,
1095 2054 1162 2104 qui
1183 2066 1235 2090 ae·

109 2098 277 2150 qualiter
304 2115 343 2139 se
372 2101 514 2142 liabent
543 2105 589 2144 ad
618 2105 853 2157 baptismum
872 2132 882 2143 .
931 2104 1044 2143 Unde
1073 2107 1165 2158 quia
1195 2120 1235 2144 0-

113 2165 221 2214 mnes
263 2157 374 2206 pueri
421 2156 624 2209 aequaliter
666 2173 703 2197 se
733 2158 875 2197 liabent
917 2159 962 2197 ad
994 2159 1233 2211 baptismum

111 2208 127 2255 (
156 2219 249 2267 qma
278 2221 352 2247 nou
381 2210 422 2249 in
451 2211 526 2250 fide
555 2213 738 2265 propria,
780 2213 841 2250 sed
872 2214 911 2250 in
941 2212 1017 2250 fide
1046 2212 1232 2252 Ecclesiae

111 2258 421 2319 baptizantur),
449 2277 578 2303 omnes
594 2265 786 2318 aequalem
808 2267 986 2304 effectum
1018 2268 1234 2320 percipiunt

112 2312 399 2366 inbaptismO.
443 2318 574 2356 Adulti
603 2333 720 2367 vero,
763 2321 828 2372 qui
861 2333 929 2373 per
959 2321 1155 2371 propriam
1187 2321 1233 2359 fi-

108 2365 195 2403 dem
225 2367 270 2405 ad
300 2368 531 2422 baptismum
563 2373 766 2423 accedunt,
797 2372 1088 2425 nouoequaliter
1107 2388 1144 2412 se
1164 2373 1232 2413 ha-

106 2416 198 2479 bent
225 2421 274 2459 ad
301 2421 563 2476 baptismum:
605 2428 764 2479 quidam
795 2430 898 2467 enim
941 2441 1031 2465 cum
1061 2426 1201 2479 majori
1219 2458 1230 2477 ,

105 2472 265 2523 quidam
294 2489 382 2515 cum
413 2479 550 2518 minori
579 2481 775 2520 devotione
798 2483 863 2524 „ad
894 2481 1129 2534 baptismum
1168 2496 1230 2520 ac-

105 2525 264 2587 cedunt:
311 2529 345 2567 ἃ
374 2531 459 2570 ideo
485 2535 645 2586 quidam
677 2534 790 2588 plus,
833 2536 992 2589 quidam
1022 2535 1153 2573 minus
1182 2536 1229 2574 de

106 2587 226 2636 gratia
254 2585 428 2624 novitatis
469 2588 683 2640 accipiunt3
730 2591 827 2628 sicut
856 2590 971 2627 etiam
1015 2588 1064 2627 ab
1095 2589 1229 2627 eodem

103 2643 192 2682 tgne
220 2637 359 2696 accipit
402 2638 489 2690 plus
517 2640 680 2691 caloris,
727 2645 796 2695 qui
825 2642 914 2696 plus
954 2643 988 2681 ei
1018 2644 1228 2695 appropin-

103 2693 219 2735 quat,
263 2687 350 2727 licet
378 2691 501 2743 ignis,
543 2704 727 2748 quantum
759 2706 812 2736 est
841 2697 887 2734 de
916 2711 982 2746 se,
1025 2697 1228 2749 aequaliter

104 2736 312 2803 ”dfmneff
339 2757 450 2784 suum
479 2747 645 2790 calorem
677 2749 844 2788 effundat
873 2754 900 2772 “
918 2777 929 2788 .

159 2791 252 2851 944-
280 2789 329 2833 ht
358 2812 447 2837 curn
477 2800 550 2839 sibi
578 2803 778 2854 objecisset
809 2803 1040 2856 Angelicus,
1083 2806 1124 2844 in
1153 2804 1226 2843 ali·

100 2844 473 2907 quibus-baptizatis
498 2869 683 2907 apparere
727 2857 911 2910 majorem
953 2860 1142 2911 gratiam,
1191 2860 1225 2896 8<

90 2898 380 2961 «perfect-ionem
411 2906 592 2946 virtutum
613 2939 623 2957 ,
665 2925 782 2963 quam
814 2913 851 2949 in
881 2911 988 2960 aliis,
1036 2912 1128 2951 huic
1157 2912 1226 2950 ob-

100 2960 257 3001 Jecttoui
289 2958 508 3008 respondet,
537 2960 608 3000 hoc
635 2977 741 3014 posse
760 2965 965 3017 dupliciter
988 2968 1225 3018 contingere:

105 3034 134 3061 .”
166 3019 242 3044 uno
271 3009 409 3070 mode,
439 3014 530 3063 quia
559 3028 655 3053 uum
685 3017 724 3053 in
753 3019 946 3068 baptismo
963 3021 1124 3074 percipit
1145 3035 1224 3059 tna-

100 3070 224 3117 Jorem
254 3072 442 3113 gratiam,
485 3079 602 3117 quam
632 3067 751 3118 alius,
800 3080 951 3121 propter
987 3073 1225 3112 devotionem

102 3125 292 3175 majorem
309 3129 328 3177 ².
346 3116 425 3155 alio
453 3119 564 3157 modo
582 3150 592 3168 ,
621 3122 713 3173 quia
741 3123 889 3160 etiamsi
920 3124 1110 3176 aequalem
1140 3140 1225 3178 gra-

103 3172 196 3204 tiam
227 3172 466 3222 percipiant,
511 3187 586 3212 non
617 3174 818 3226 :equaliter
861 3190 905 3214 ea
934 3186 1115 3223 utuntur;
1162 3180 1226 3218 sed

105 3229 202 3277 linus
229 3223 429 3264 studiosius
459 3227 498 3265 in
528 3241 572 3265 ea
602 3227 780 3279 proficit,
810 3228 909 3267 alius
935 3243 1003 3281 per
1033 3230 1226 3282 negligen-

109 3277 202 3309 llam
228 3279 359 3326 gratiae
391 3279 463 3318 Dei
492 3281 620 3320 deest.

161 3325 326 3378 Quaeres
349 3333 549 3386 secundo,
591 3344 724 3376 utrum
752 3335 875 3390 fictio
902 3335 1094 3389 impediat
1130 3336 1226 3388 effe-

2270 103 2352 145 Γπ.)

1301 180 1408 208 ctum
1437 170 1662 220 baptismi?
1701 170 1751 208 Ei
1783 184 1838 208 an
1868 170 2075 210 recedente
2099 170 2265 223 fictione
2294 171 2417 219 bapti.

1300 239 1410 262 sinus·
1439 238 1556 261 suum.
1585 234 1846 274 consequntur
1876 225 2061 271 effectum
2080 219 2102 261 .9

1355 279 1446 324 545.
1478 277 1832 315 Fictiorzisnominc
1863 277 1923 315 hic
1953 292 2025 315 non
2056 279 2279 331 intelligitur
2307 292 2351 316 ea
2371 281 2420 316 si-

1301 331 1481 379 mulatio,
1511 345 1589 383 qua
1616 332 1703 383 quis
1731 331 1891 367 exterius
1920 332 2076 381 quidem
2107 347 2223 370 sacrae
2254 332 2419 370 ablutio-

1303 387 1340 422 ni
1371 399 1408 423 se
1436 384 1614 435 subjicit,
1646 385 1804 421 interius
1834 392 1959 420 autem
1991 384 2220 432 reluctatur,
2251 401 2321 423 nec
2353 387 2420 424 Sa-

1301 448 1538 487 cramentum
1567 439 1758 490 suscipere
1787 436 1890 475 vult:
1934 447 2024 474 tuuc
2062 439 2165 474 enim
2196 441 2420 477 Sacramen-

1301 502 1381 531 tum
1413 492 1562 530 nullum
1593 506 1696 538 esse,
1740 491 2066 543 propugnavimus
2112 490 2209 527 Dis-s.
2242 493 2286 529 ll.
2331 508 2417 543 ρῳ.

1304 561 1341 598 7.
1388 547 1461 585 Sed
1494 544 1719 594 intelligitur
1761 544 2000 582 solummodo
2041 542 2100 580 vel
2131 543 2322 581 simulatio
2364 548 2420 582 ‹li-

1300 600 1516 652 spositionis
1558 599 1698 637 debuae
1740 598 1787 636 ad
1829 598 1933 636 illius
1976 596 2153 634 effectum
2192 610 2423 649 consequeu-

1299 655 1392 692 dum
1410 684 1421 702 ,
1453 663 1493 691 ut
1523 662 1605 692 sunt
1635 652 1694 691 illi
1716 651 1835 690 adulti
1853 682 1864 700 ,
1893 652 1961 704 qui
1979 652 2017 688 in
2035 650 2168 688 haeresi
2187 681 2197 698 ,
2228 651 2287 687 vel
2323 653 2423 688 scili-

1302 717 1422 746 smate
1451 707 1687 760 baptismum
1731 706 1949 757 recipiunt5
1980 704 2038 742 vel
2071 714 2282 757 peccatores
2319 720 2424 743 acce-

1303 758 1431 800 dentes
1459 762 1507 800 ad
1538 760 1608 799 hoc
1637 760 1930 800 Sacramentum
1959 760 2039 797 sine
2068 759 2316 797 contritione.

1361 815 1453 862 546.
1481 814 1566 853 Jam
1598 828 1687 852 vero
1729 813 1844 851 talem
1874 813 2067 851 fictionem
2112 813 2298 863 impedire
2337 811 2425 849 effe-

1300 877 1408 908 ctum
1438 869 1647 921 baptismi,
1677 881 1816 920 nempe
1846 867 2073 904 infusionem
2095 868 2253 918 gratim,
2287 867 2316 902 ἃ
2351 868 2426 902 xir-

1303 931 1457 971 tutum,
1488 922 1622 975 probat
1653 922 1693 960 S.
1724 921 1892 959 Thomas
1921 923 1960 959 in
1988 930 2058 958 art.
2080 932 2118 972 9.
2148 932 2194 957 ex
2225 921 2270 957 iis
2302 919 2427 958 verbis

1302 976 1395 1028 Sap.
1424 976 1453 1016 l.
1477 977 1514 1015 5.
1553 975 1718 1026 Spiritus
1745 984 1911 1013 sanctus
1941 973 2158 1023 disciplinae
2186 971 2347 1026 effugiet
2366 974 2426 1026 Ji-

1302 1039 1439 1068 etum.
1485 1031 1583 1068 Cum
1615 1031 1728 1081 igitur
1758 1029 1913 1068 effectus
1943 1028 2123 1080 baptismi
2153 1029 2197 1065 sit
2226 1042 2247 1066 a
2276 1027 2427 1080 Spiritu

1303 1093 1457 1132 sancto,
1488 1097 1554 1135 per
1584 1083 1777 1122 fictionem
1809 1082 2066 1134 impedietur.
2096 1081 2225 1119 Postea
2255 1082 2425 1132 idipsum

1303 1137 1440 1188 probat
1469 1138 1688 1175 auctoritate
1718 1137 1950 1175 Damasceni
1981 1135 2070 1173 Lib.
2092 1136 2140 1173 ll.
2178 1134 2226 1172 cle
2243 1133 2336 1188 fide
2363 1149 2427 1172 or·

1305 1190 1409 1229 thori.
1439 1203 1523 1241 cap.
1547 1190 1612 1228 50.
1641 1191 1821 1228 dicentis:
1865 1188 1975 1226 Deus
2004 1202 2084 1226 non
2115 1192 2217 1239 cogit
2246 1188 2428 1226 homines·

1304 1244 1360 1282 ad
1383 1245 1618 1297 justitiam,·
1661 1243 1764 1281 unde
1792 1242 1987 1281 concludit
2015 1241 2057 1279 S.
2087 1242 2253 1288 Doctor,
2287 1251 2324 1280 nt
2353 1243 2426 1279 ali-

1304 1298 1392 1350 quis
1420 1297 1648 1350 justificetur
1691 1310 1759 1350 per
1794 1295 2060 1347 baptismum,
2109 1296 2283 1347 requiri,
2325 1297 2427 1345 quod

1306 1351 1477 1390 voluntas
1513 1350 1681 1389 hominis
1722 1348 1977 1403 amplectatur
2011 1349 2246 1400 baptismum
2267 1378 2276 1396 ,
2327 1349 2360 1384 8<
2391 1363 2429 1387 e-

1303 1405 1365 1457 jus
1393 1406 1598 1444 effectum.
1645 1404 1778 1457 Neque
1816 1405 1855 1442 in
1885 1403 1956 1442 hac
1994 1411 2101 1455 parte
2131 1401 2211 1440 ulla
2246 1410 2298 1440 est
2327 1402 2429 1440 disti-

1288 1459 1427 1498 -cultas
1448 1486 1458 1498 .

1361 1514 1454 1564 547.
1484 1513 1682 1561 Quantum
1711 1512 1757 1550 ad
1787 1511 1905 1549 aliam
1937 1519 2081 1562 partem
2100 1540 2110 1555 ,
2158 1510 2353 1561 respondet
2382 1509 2425 1549 S.

1308 1565 1476 1604 Thomas
1505 1576 1574 1604 art.
1602 1580 1661 1603 10.
1691 1565 1957 1613 affirmative,
2001 1563 2039 1601 id
2070 1563 2234 1615 probans
2263 1565 2429 1602 auctori-

1307 1628 1379 1657 tate
1409 1619 1448 1657 S.
1480 1621 1680 1671 Augustini
1713 1619 1800 1657 Lib.
1824 1618 1853 1656 I.
1885 1616 1948 1656 De
1976 1616 2081 1667 bapt.
2113 1627 2254 1654 contra
2286 1616 2428 1654 Dona-

1308 1677 1423 1710 tisias
1453 1688 1538 1724 cap.
1567 1686 1626 1711 ι’).
1669 1673 1848 1710 dicentis:
1900 1670 2008 1708 Tunc
2037 1672 2168 1709 valere
2211 1675 2343 1720 incipit
2373 1671 2430 1708 at

1307 1728 1478 1764 salutem
1510 1726 1754 1777 baptismus,
1802 1738 1893 1762 cum
1924 1725 1993 1762 illa.
2026 1724 2143 1777 fictio
2170 1729 2302 1763 veraci
2333 1739 2427 1762 con-

1295 1780 1480 1832 sessione
1508 1783 1736 1827 recesserit,
1766 1792 1881 1830 quoe,
1925 1777 2042 1815 conte
2070 1783 2110 1815 m
2141 1779 2335 1827 malitia„
2370 1780 2429 1817 sei

1304 1835 1513 1886 sacrilegio
1541 1842 1849 1883 perset'ercytte‘5
1882 1842 2139 1881 peccatorum
2169 1831 2427 1870 abolitionem

1303 1902 1383 1926 non
1412 1882 1570 1925 sinebit?
1584 1886 1711 1940 fieri.
1756 1887 1845 1937 (lta
1875 1886 2093 1923 referuntur
2134 1886 2250 1924 verba
2278 1886 2318 1924 S.
2350 1886 2429 1924 Do-

1304 1942 1416 1979 ctoris
1437 1943 1475 1979 in
1497 1941 1668 1979 Decretis
1684 1940 1782 1979 Dist.
1800 1939 1867 1978 IV.
1898 1938 1962 1977 De
1979 1951 2158 1978 consecr.
2179 1954 2264 1991 cap.
2299 1938 2428 1982 Tunc,-

1303 1995 1366 2033 sed
1397 1997 1435 2033 in
1463 1996 1545 2047 ipso
1573 2003 1676 2032 textu
1707 1993 1824 2045 paulo
1851 1992 1961 2032 aliter
1981 1994 2153 2032 ordinata
2183 2004 2266 2031 suut
2289 1995 2326 2042 ).
2360 1994 2430 2030 t‘t-

1303 2049 1419 2087 terius
1449 2062 1539 2087 vero
1568 2049 1606 2087 id
1637 2046 1990 2101 probatAngelicus
2012 2060 2056 2085 ex
2085 2046 2326 2095 charactere,
2357 2050 2428 2099 qni

1303 2104 1344 2141 in
1372 2102 1620 2142 Sacramento
1645 2103 1858 2155 accipitur,
1889 2100 1922 2137 8(
1952 2105 2016 2153 qui
2045 2111 2102 2139 est
2131 2101 2426 2154 quasi-sorani,

1303 2157 1353 2197 (9⁶
1382 2159 1632 2208 consequitur
1659 2160 1862 2208 proprium
1890 2153 2080 2204 effectum
2098 2186 2108 2205 ,
2151 2159 2215 2205 qui
2244 2165 2301 2193 est
2328 2169 2426 2206 gra-

1302 2214 1360 2249 tia
1390 2215 1596 2250 remittens
1624 2215 1764 2248 omniu,
1791 2219 1961 2260 peccata
1983 2235 1994 2247 .
2042 2208 2258 2257 Impeditur
2286 2220 2426 2246 autem.

1302 2264 1540 2316 quandoque
1568 2278 1638 2316 per
1666 2263 1913 2318 fictionem:
1962 2262 2066 2300 unde
2101 2272 2279 2312 oportet,
2321 2261 2426 2313 quo}

1302 2328 1459 2356 remota.
1489 2332 1540 2356 ea.
1569 2331 1638 2370 per
1673 2320 1979 2368 poenitentiam,
2027 2315 2243 2365 baptismus
2285 2319 2424 2353 statiua

1300 2381 1568 2423 consequatur
1596 2384 1711 2409 suum
1741 2368 1930 2419 effectum
1949 2395 1959 2406 .
2008 2369 2066 2406 Ad
2096 2369 2196 2421 quod
2228 2368 2425 2421 explican-

1300 2426 1391 2464 dum
1425 2427 1542 2463 utitur
1570 2425 1765 2477 aptissima
1795 2422 2045 2461 similitudine
2074 2423 2243 2474 corporis
2270 2425 2424 2473 gravis,

1299 2480 1400 2531 quod
1432 2492 1474 2516 ex
1506 2493 1571 2516 sua
1603 2480 1726 2516 forma
1755 2477 1897 2524 habet,
1928 2485 1967 2514 ut
1983 2475 2105 2514 tendat
2120 2477 2314 2524 deorsum,
2345 2481 2424 2514 nisi

1297 2537 1346 2571 sit
1375 2532 1525 2584 aliquid
1553 2530 1759 2582 prohibens
1777 2562 1787 2579 ‚
1835 2543 1909 2582 quo
1936 2538 2088 2567 remoto
2116 2533 2255 2568 statim
2285 2534 2423 2580 incipit

1296 2591 1442 2625 moveri
1471 2585 1684 2624 deorsum.
1730 2585 1813 2623 Hac
1845 2586 1989 2622 ratione
2019 2584 2259 2636 potissimum
2289 2586 2423 2622 uteba-

1296 2649 1356 2678 tur
1384 2640 1425 2678 S.
1455 2640 1691 2691 Augustinus
1721 2639 1810 2677 Lib.
1832 2638 1862 2676 l.
1892 2635 1957 2675 De
1986 2636 2195 2687 Baptismo
2224 2651 2310 2689 cap.
2337 2651 2422 2686 11.,

1296 2704 1336 2732 ut
1365 2693 1569 2747 probaret,
1599 2693 1798 2731 haereticos
1828 2692 2026 2730 redeuntes
2045 2691 2092 2730 ad
2106 2690 2321 2732 Ecclesiam
2342 2705 2421 2731 nou

1296 2763 1375 2786 esse
1407 2750 1544 2787 iterum
1575 2746 1851 2799 baptizandos.

1351 2801 1443 2848 548.
1475 2803 1516 2840 In
1547 2815 1646 2854 resp.
1690 2810 1816 2839 autem
1846 2799 1891 2837 ad
1925 2813 1983 2846 2.‚
2026 2799 2060 2836 &
2091 2799 2129 2838 5.
2171 2798 2348 2838 observat
2377 2799 2419 2838 S.

1295 2856 1466 2904 Doctor,
1509 2856 1702 2894 fictionem
1733 2867 1806 2892 non
1837 2854 2026 2891 removeri
2057 2866 2123 2905 per
2153 2851 2388 2905 baptismum
2408 2884 2418 2900 ,

1294 2910 1357 2948 sed
1388 2924 1454 2963 per
1485 2910 1748 2961 poenitentiam
1790 2907 2080 2959 subsequentem
2100 2937 2112 2955 ,
2158 2920 2235 2959 qua
2264 2907 2418 2946 fictione

1295 2973 1437 3003 remota
1468 2963 1685 3014 baptismus
1706 2960 1838 3014 aufert
1854 2974 2019 3000 omnem
2036 2961 2198 3012 culpam
2216 2992 2226 3009 ,
2256 2962 2306 3003 Θ·
2327 2973 2418 2998 retz-

1295 3028 1382 3055 tum
1410 3022 1592 3057 omnium
1633 3025 1890 3067 peccatorum
1930 3014 2244 3067 pnaeceilentium
2288 3013 2414 3065 bapti-

1294 3086 1454 3121 smum,
1501 3073 1550 3113 (9¹
1580 3075 1703 3109 etiam
1734 3069 1854 3108 simul
1882 3073 2141 3108 existentium
2170 3081 2260 3107 cum
2291 3067 2415 3118 bapti·

1293 3139 1408 3164 smo.
1438 3125 1523 3164 Non
1553 3135 1679 3164 autem
1709 3123 1894 3163 tolluntur
1925 3133 2080 3177 peccata
2098 3154 2108 3172 ,
2137 3137 2226 3175 quae
2249 3131 2326 3174 post
2347 3122 2415 3159 ba-

1293 3181 1478 3232 ptismum
1509 3188 1654 3233 patrata
1683 3187 1795 3218 sunt:
1825 3177 1910 3216 Ilaec
1939 3179 2044 3216 enim
2064 3179 2308 3215 remittuntur
2328 3174 2413 3224 qui-

1293 3234 1381 3271 dem
1411 3248 1478 3286 per
1508 3235 1795 3286 paenitentiam,
1839 3232 1899 3269 sed
1931 3244 2006 3269 non
2039 3244 2105 3283 per
2145 3230 2378 3279 baptismum
2398 3254 2408 3269 ‚

1291 3286 1406 3337 cujus
1435 3287 1590 3326 effectus
1619 3300 1695 3326 nou
1727 3296 1777 3324 est
1808 3285 1939 3323 tollere
1969 3292 2121 3337 peccata
2151 3283 2276 3319 sutura
2294 3308 2303 3325 ‚
2344 3279 2409 3313 :ed

1292 3341 1417 3383 solum
1446 3342 1640 3395 pxaeterita
1655 3369 1669 3392 ,
1698 3340 1757 3386 vel
1786 3339 1988 3392 praeseutia
2004 3367 2016 3389 ‚
2048 3335 2147 3380 unde
2166 3340 2319 3420 peccata
2341 3341 2408 3379 120-

2266 3396 2281 3421 ⁸
2299 3396 2343 3421 Εὖ
