2605 3624
7 3463 23 3624 m·

809 134 890 180 DE
925 133 1308 179 ATTRITIONE
1343 133 1801 178 FORMIDOLOSA.
2316 132 2390 172 131

143 219 242 271 vili,
282 218 350 274 qui
380 218 482 259 utilis
509 216 665 270 quidem
693 222 779 264 est,
811 226 849 252 ut
880 215 1099 253 recedamus
1127 230 1149 252 a
1179 228 1261 251 ma-

143 273 218 324 lis,
259 288 334 313 non
364 282 489 311 tamen
518 269 683 317 sufficit,
728 278 766 307 ut
791 269 875 322 filii
904 267 983 306 Det
1011 273 1135 307 simus
1157 299 1168 318 ,
1210 267 1261 308 <9‘

142 327 286 367 bonum
313 327 434 377 plenu.
462 325 660 362 voluntate
676 321 894 374 faciamus
916 348 927 360 .

198 379 288 426 246.
316 378 523 429 Gregorius
550 378 734 425 demum,
777 378 844 430 qui
875 376 1109 428 apertissime
1147 376 1260 415 nobis

143 433 244 472 favet
273 435 288 483 (
318 445 403 482 sup.
433 445 474 469 u.
495 431 587 469 512.
618 430 633 479 )
663 430 912 483 explicandus
955 438 1007 467 est
1035 430 1082 467 de
1123 432 1260 468 timore

141 499 232 525 cum
260 484 444 523 charitate
473 483 696 536 conjuncte,
726 498 841 537 quem
872 483 1011 522 habere
1040 496 1261 536 nonpossu-

141 552 255 587 mus,
301 538 376 577 nisi
404 551 579 591 superna
607 541 743 590 gruna.
784 537 909 576 corda
956 546 1096 576 nostru.
1138 537 1259 576 ernol-

139 592 317 631 nantur-

195 645 288 696 247.
319 646 407 685 lust.
434 650 590 698 primo.
631 644 670 683 S.
703 644 956 696 Augustinus,
998 643 1110 695 cujus
1138 644 1262 682 maxi-

138 712 205 738 ma
234 708 287 738 est
315 702 544 747 auctoritas,
589 698 764 750 pluribus
796 700 832 736 iu
863 697 954 736 locis
984 699 1156 736 timorem
1187 712 1262 736 ser-

137 752 285 801 vilem,
315 752 349 789 8(
379 754 630 792 sufficientem
661 753 933 790 commendat.
972 750 1108 789 Primo
1137 752 1264 790 Serm-

139 806 278 845 CLXt.
309 806 373 844 De
401 806 523 846 verbis
538 807 672 856 Apost.
691 821 729 844 n.
747 805 787 844 8.
819 804 973 852 Timor,
1005 807 1157 857 inquit,
1187 818 1263 855 quo

138 858 370 912 gehennam
390 864 535 908 times,
563 861 613 900 (ρ’
630 859 716 897 ideo
747 859 861 896 mala
890 871 969 896 non
988 857 1106 910 sacis
1123 888 1133 905 ,
1164 871 1259 894 con-

137 917 237 953 tinet
267 923 327 962 te,
362 916 412 955 Εἰ)
440 919 498 952 sic
527 915 719 951 volentem
747 925 916 961 peccare
944 915 1128 949 anirnnm
1158 914 1258 948 inte·

139 970 286 1005 riorem
327 981 408 1005 non
448 971 567 1005 sinit.
616 967 707 1004 Item
739 966 869 1003 'Pi-act.
892 965 962 1003 lX.
994 967 1034 1004 in
1063 965 1185 1015 Epist.
1215 964 1257 1003 S.

139 1019 200 1057 Jo'.
229 1034 269 1058 n.
299 1019 339 1064 4.
373 1019 505 1058 Timor
522 1019 601 1057 Dei·
629 1023 684 1057 sic
715 1019 895 1055 vulnerat
913 1049 924 1065 ,
953 1017 1147 1068 quomodo
1175 1030 1258 1056 me-

138 1070 217 1110 dici·
231 1072 540 1124 ferramentum
568 1071 818 1123 putredinem
846 1073 968 1109 tollit.
1001 1072 1190 1119 Demum,
1220 1084 1261 1108 o-

137 1126 263 1164 missis
291 1126 378 1165 aliis
413 1125 506 1164 locis
548 1126 710 1164 celebris
739 1134 790 1163 est
823 1124 889 1162 illa
930 1126 1123 1163 distinctio
1150 1124 1261 1162 Chri-

138 1179 348 1217 suanorum
365 1210 377 1229 ,
406 1193 523 1234 quam
554 1178 668 1218 habet
698 1178 762 1217 De
779 1177 1074 1216 catechizandis
1103 1176 1261 1215 rudibus

135 1245 224 1284 cap.
251 1245 334 1284 17.‚
364 1246 505 1286 nempe
534 1235 573 1272 in
604 1246 664 1272 eos
686 1263 696 1281 ‚
726 1234 794 1322 qui
824 1232 916 1271 fidei
945 1231 1164 1270 cliristianae
1195 1244 1260 1268 no-

90 1305 95 1312 ·
136 1297 226 1322 men
256 1286 378 1336 dant,
408 1296 447 1324 ut
469 1286 689 1325 hominibus
719 1301 742 1338 p
762 1295 920 1334 aceant,
950 1284 1009 1323 vel
1039 1283 1170 1337 aliqua
1200 1285 1258 1323 in-

136 1340 337 1379 commoda
366 1341 517 1387 vitent3
559 1349 641 1378 tum
672 1341 709 1378 iu
739 1352 828 1388 eos,
864 1341 932 1391 qui
963 1339 1126 1390 idipsum
1157 1351 1258 1390 prae·

137 1400 262 1441 stant,
292 1401 333 1432 ut
362 1394 562 1433 commoda
581 1393 805 1446 temporalia
834 1393 908 1431 sibi
940 1399 1096 1444 parent3
1125 1405 1169 1429 ac
1184 1399 1258 1429 ter-

140 1446 194 1483 tio
223 1447 261 1484 in
292 1459 378 1496 eos,
407 1449 473 1499 qui
489 1447 696 1486 Christiani
726 1447 848 1494 fiunt,
877 1446 926 1484 ob
947 1454 1091 1483 metum
1119 1444 1258 1497 gelien-

136 1511 230 1547 nae,
271 1499 306 1536 8(
335 1500 381 1538 ad
412 1501 638 1539 lucrandum
681 1514 841 1552 regumn
886 1508 1099 1544 aeternum3
1145 1507 1260 1552 atque

137 1549 206 1589 hos
242 1561 449 1603 postremos
489 1567 577 1592 rere
609 1551 853 1592 Christianos
889 1567 968 1591 esse
998 1554 1225 1604 pronunciat
1247 1579 1259 1591 .

134 1604 272 1642 Censet
301 1619 388 1658 ergo
416 1608 591 1645 timorem
609 1637 622 1656 ,
663 1607 698 1644 &
725 1620 831 1659 spem
873 1606 1050 1645 sufficere
1085 1605 1132 1643 ad
1161 1605 1259 1644 obti-

136 1658 304 1697 nendum
347 1659 550 1699 salutarem
580 1661 761 1712 baptismi
805 1660 982 1698 effectum
1005 1685 1016 1697 .
1063 1659 1161 1696 Cum
1191 1674 1259 1697 au-

135 1719 212 1755 tem
256 1721 349 1751 teste
389 1714 521 1752 eodem
550 1714 592 1752 S.
624 1715 836 1765 Augustino
878 1715 917 1752 in
947 1712 1024 1750 fine
1053 1712 1164 1750 Libri
1193 1712 1260 1750 De

136 1764 308 1803 adulter.
338 1768 559 1818 conjugiis,
588 1766 732 1805 eadem
751 1768 908 1820 ornnino
935 1766 1256 1817 sitpoeniteutiae,

134 1830 181 1856 ac
211 1817 392 1875 baptismi
422 1822 544 1869 ratio,
593 1834 704 1871 spes,
748 1820 781 1855 8(
809 1821 923 1857 timor
951 1820 999 1857 ad
1027 1833 1256 1871 cousequen-

133 1870 223 1909 dam
254 1873 564 1921 justificationem
595 1875 710 1912 etiam
741 1875 780 1911 in
799 1874 1020 1926 poeniteutia
1040 1871 1258 1912 sufficient.

163 1977 171 1984 .
191 1924 283 1986 243.
315 1924 455 1985 Resp.‚
488 1929 529 1966 S.
560 1927 814 1979 Augustinum
838 1956 849 1974 ,
895 1939 968 1965 non
997 1925 1113 1964 aliam
1143 1940 1258 1977 agno-

132 1988 231 2037 yisse
260 1993 298 2016 in
327 1988 463 2017 timore
492 1982 670 2018 virtutem
693 2010 703 2027 ,
741 1981 814 2018 nisi
845 1988 884 2016 nt
915 1978 1063 2017 malum
1093 1981 1258 2019 exterius

131 2031 344 2083 tmpediat‚
374 2042 489 2085 atque
515 2036 570 2072 sic
600 2033 796 2072 homiuem
812 2033 859 2071 ad
875 2032 1099 2071 charitatem
1128 2033 1257 2085 dispo-

131 2092 195 2144 nat
215 2114 227 2132 ‚
271 2098 315 2122 ex
345 2099 422 2137 qua
452 2096 662 2125 nostrorum
693 2096 932 2138 peccatorum
963 2099 1052 2124 vera
1081 2087 1255 2124 remissio

128 2136 329 2193 dimanat.
360 2139 441 2177 Hoc
470 2140 510 2178 S.
533 2141 672 2179 Doctor
700 2141 740 2178 in
770 2142 853 2193 ipso
866 2140 992 2178 Serm.
1020 2138 1156 2178 CLVI.
1184 2140 1254 2178 ob-

129 2200 274 2252 jectum
304 2191 364 2230 his
390 2193 518 2233 verbis
545 2193 740 2242 declarat,
769 2208 860 2245 quae
893 2193 1044 2231 subdit:
1074 2223 1099 2242 „
1119 2194 1252 2232 Custo-

131 2271 158 2292 ,‚
187 2245 268 2282 diat
296 2253 422 2283 tamen
450 2255 485 2283 te
514 2249 626 2284 timor
656 2248 751 2294 iste,
778 2248 871 2285 dum
893 2259 966 2284 non
988 2246 1082 2284 facis
1113 2247 1250 2284 timen-

131 2324 159 2344 „
188 2296 264 2343 do,
307 2297 342 2334 &
372 2300 496 2337 veniet
523 2299 714 2338 charitas:
745 2301 856 2336 intrat
887 2301 925 2336 in
953 2311 1017 2336 cor
1046 2308 1154 2336 tuum
1173 2329 1183 2347 ,
1213 2301 1249 2337 8(

131 2377 159 2396 ,,
189 2359 375 2409 quantum
406 2351 473 2390 illa
505 2353 645 2401 intrat,
675 2360 821 2390 tantum
850 2353 965 2390 timor
984 2353 1083 2389 exit.
1114 2351 1251 2391 Timor

131 2430 159 2449 „
190 2415 290 2463 enim
321 2404 359 2441 id
388 2406 548 2457 agebat,
577 2420 623 2443 ne
653 2406 816 2452 faceres3
845 2405 1006 2443 charitas
1024 2406 1059 2443 id
1077 2406 1180 2456 agit,
1211 2416 1251 2444 ut

130 2483 158 2502 „
188 2455 284 2493 nolis
312 2458 468 2507 facere,
495 2460 643 2498 etiamsi
672 2460 829 2512 impune
849 2460 964 2511 possis
992 2459 1249 2497 admittere.“

129 2506 178 2568 lt]
208 2517 303 2548 totus
330 2520 381 2548 est
411 2511 467 2550 ibi
489 2514 749 2564 Augustinus,
781 2523 819 2551 ut
849 2513 996 2550 timoris
1025 2511 1252 2551 insufficien-

126 2568 221 2600 tiam
239 2592 250 2610 ,
279 2562 314 2600 8(
344 2567 597 2604 necessitatem
626 2566 820 2605 charitatis
848 2565 1043 2604 ostendat.

186 2615 494 2677 249255111115121·
522 2618 691 2672 loquitur
706 2621 747 2659 S.
769 2620 909 2658 Doctor
937 2620 978 2657 in
1000 2618 1102 2657 laud.
1120 2619 1252 2658 Tract.

132 2665 228 2714 IX.,
258 2667 353 2706 nilnl
383 2671 488 2709 alind
527 2672 614 2711 boni
646 2675 686 2712 in
728 2675 864 2711 timore
906 2687 1133 2725 agnoscens,
1176 2674 1249 2711 nisi

129 2720 234 2780 quod
251 2730 446 2761 externum
478 2725 624 2765 malum
653 2725 826 2774 cohibet,
857 2727 890 2763 8(
911 2728 1072 2775 sensim,
1103 2740 1147 2765 ac
1167 2741 1250 2764 sen·-

128 2785 202 2810 sun
233 2774 292 2835 ad-
308 2774 531 2815 cliaritatem
562 2778 873 2817 introducendam
895 2781 1084 2832 disponit.
1105 2811 1132 2828 „
1151 2780 1249 2818 Sunt

131 2853 159 2873 „
191 2824 388 2888 homines,
432 2831 556 2882 inquit
585 2832 730 2870 ibidem
759 2846 868 2870 num.
892 2834 956 2880 5.,
999 2835 1065 2886 qui
1099 2844 1248 2885 propte-

131 2907 159 2927 „
188 2892 251 2917 rea
281 2890 412 2920 timent
442 2883 568 2922 Deum
591 2915 602 2933 ,
633 2900 679 2923 ue
708 2888 904 2924 mittantur
932 2887 971 2923 in
1000 2886 1212 2938 gehennam
1235 2916 1250 2934 ,

131 2960 159 2980 „
190 2947 234 2970 ne
266 2935 360 2972 sorte
387 2937 542 2976 ardeant
577 2952 668 2976 cum
697 2939 851 2976 diabolo
893 2941 932 2977 in
961 2940 1046 2992 igne
1073 2950 1216 2978 aeterno
1235 2965 1249 2977 .

132 3014 160 3033 „
192 2986 275 3037 lpse
302 2998 354 3049 est
383 2991 498 3028 timor
526 2990 620 3040 ille,
648 2994 717 3045 qui
749 2993 947 3031 introducit
991 2993 1213 3032 charitatem
1236 3008 1249 3039 ;

132 3067 161 3087 „
192 3041 254 3077 sed
285 3055 339 3103 sic
370 3046 496 3091 veuit,
526 3054 563 3082 ut
593 3055 727 3083 exeat.
769 3046 809 3083 Si
840 3048 940 3083 euim
984 3055 1137 3098 propter
1165 3062 1248 3099 poe·

131 3119 161 3140 „
190 3107 258 3131 nas
286 3103 396 3133 times
426 3097 580 3144 Deum,
610 3099 780 3136 noudum
810 3113 942 3146 amas,
972 3113 1087 3150 quem
1118 3102 1171 3137 sic
1201 3101 1248 3137 ti-

130 3173 160 3194 „
190 3160 294 3185 mes.
323 3149 406 3187 Non
437 3149 539 3188 bona
559 3151 773 3200 desideras,
803 3152 866 3190 sed
888 3151 990 3188 mala
1010 3165 1141 3189 caves.
1171 3152 1245 3190 Sed

131 3225 162 3245 „
188 3213 232 3260 eit
263 3214 334 3250 eo,
361 3203 461 3255 quod
492 3203 593 3241 mala
621 3218 756 3252 caves,
793 3205 950 3255 corrigis
979 3213 1015 3240 te
1035 3233 1047 3250 ,
1088 3204 1123 3240 8(
1153 3205 1247 3243 inci—

134 3277 163 3298 „
191 3255 372 3314 pis-bona
402 3258 614 3295 desiderare
633 3284 645 3295 .
672 3258 770 3295 Cum
803 3258 898 3295 bona
927 3257 1140 3295 desiderare
1169 3272 1246 3296 coe-

133 3331 162 3354 ‚‚
191 3318 316 3357 peris,
347 3311 416 3347 erit
448 3313 485 3349 in
514 3321 546 3348 te
575 3313 689 3349 timor
717 3320 841 3349 castus
864 3314 911 3348 ·‘.
1198 3337 1203 3340 -

188 3359 283 3401 250.
310 3361 486 3404 Tertium
521 3367 564 3406 S.
599 3366 801 3419 Augustini
847 3363 1135 3414 testimonium,
1180 3365 1246 3405 cui

1328 214 1449 264 magis
1480 215 1647 250 insistunt
1679 211 1883 249 adversarii
1903 240 1913 256 ,
1954 207 2067 246 facile
2097 203 2352 258 explicabitur
2374 236 2384 255 ,
2416 205 2449 242 8(

1327 279 1416 304 cum
1450 276 1631 318 perpetua
1660 266 1701 303 S.
1732 264 1849 302 Patris
1889 264 2056 300 doctruia
2101 273 2375 313 componetur,
2417 261 2449 298 si

1327 328 1424 357 totus
1453 321 1662 356 attendatur
1683 327 1899 363 contextus,
1932 317 1969 352 in
1990 328 2066 367 quo
2086 315 2296 352 luculi-nter
2323 323 2448 350 osteu-

1326 373 1427 410 ditur
1444 402 1455 420 ,
1485 372 1601 410 fidem
1624 402 1634 419 ‚
1664 384 1769 422 spem
1788 400 1798 417 ,
1829 370 1861 404 ὃ(
1884 370 2056 406 timorem
2074 367 2192 404 bonas
2220 381 2296 404 esse
2325 368 2450 418 dispo·

1326 427 1480 464 sitiones
1522 426 1568 463 ad
1598 425 1855 462 Christianam
1901 421 2121 472 religionem
2165 420 2448 470 profitenj„uu‚

1327 493 1402 518 non
1431 490 1556 518 tamen
1577 478 1752 516 sufficere
1773 506 1783 524 ‚
1814 476 1884 513 nisi
1902 477 2016 512 etiam
2045 481 2173 510 sancta
2202 472 2354 511 dilectio
2382 488 2445 512 ac-

1327 534 1462 571 cedat.
1495 535 1613 570 Antea
1641 533 1743 569 enim
1774 543 1858 580 cap.
1881 529 1919 574 4.
1965 526 2028 564 De
2056 525 2350 564 catechizantis
2379 540 2445 563 ru-

1328 585 1437 624 dibus
1454 595 1650 638 postquam
1669 584 1862 622 charitatis
1892 581 2149 620 necessitatem
2171 580 2338 628 exposuit
2356 609 2365 627 ,
2397 582 2448 619 ita

1329 641 1585 679 Catechistam
1615 638 1850 690 alloquitur:
1873 665 1900 684 ‚‚
1923 635 2004 672 Hac
2032 645 2121 683 ergo
2148 631 2349 669 dilectione
2377 633 2450 670 tibi

1331 724 1360 743 ,‚
1388 703 1567 746 tauquam
1598 693 1678 730 sine
1699 691 1915 743 propositO,
1945 699 2023 740 quo
2052 686 2190 724 reseras
2219 686 2347 722 omnia
2361 699 2451 736 quae

1331 778 1358 797 ,‚
1389 748 1511 795 dicis,
1541 746 1727 798 quidquid
1758 756 1918 790 narras,
1949 752 2000 780 ita
2030 752 2165 787 narra,
2196 747 2234 776 ut
2263 738 2357 786 ille,
2386 739 2452 776 cui

1331 831 1358 850 ,‚
1389 798 1784 853 loqueris,audiendo
1797 797 1952 842 credat,
1982 793 2168 833 credendo
2183 801 2306 844 speret
2327 821 2337 839 ‚
2368 805 2451 843 spe-

1330 884 1357 904 „
1388 855 1503 892 rando
1531 861 1631 891 amet
1651 854 1701 890 “.
1746 850 1872 889 Postea
1913 850 1967 887 sie
2010 847 2249 900 prosequitur
2291 858 2377 897 cap.
2409 846 2449 883 5.

1326 938 1354 958 ,,
1383 908 1442 946 De
1471 910 1553 959 ipsa
1581 908 1776 944 severitate
1806 905 1879 942 Dei
1901 933 1912 950 ,
1960 916 2038 954 qua
2080 900 2194 939 corda
2223 899 2449 937 mortalium

1325 991 1352 1011 ‚,
1382 961 1634 1000 saluberrimo
1650 971 1786 997 terrore
1806 957 2051 1010 quatiuntur,
2067 954 2233 993 charitas
2249 952 2451 991 aedificau-

1330 1044 1358 1064 „
1386 1015 1435 1053 da
1463 1024 1515 1052 est
1537 1040 1608 1052 .....
1631 1013 1835 1051 Rarissime
1864 1011 2009 1062 quippe
2038 1007 2204 1055 accidit,
2234 1008 2356 1044 immo
2385 1019 2451 1044 ve-

1330 1098 1358 1117 „
1387 1082 1428 1106 ro
1457 1062 1679 1120 n'unquam,
1728 1073 1768 1102 ut
1797 1066 2002 1116 quisquam
2039 1063 2163 1099 veniat
2207 1058 2334 1097 voleus
2363 1058 2451 1098 fieri

1330 1151 1356 1171 ‚,
1385 1122 1651 1166 Christianus,
1681 1131 1757 1171 quo
1785 1119 1924 1155 nonsit
1951 1115 2082 1165 aliquo
2098 1115 2169 1151 Dei
2200 1115 2336 1150 timore
2366 1126 2452 1164 per-

1328 1204 1357 1224 „
1385 1175 1540 1213 culsus.
1582 1173 1624 1211 Si
1654 1174 1756 1209 euim
1785 1169 1942 1222 aliquod
1970 1167 2215 1206 commodum
2246 1178 2451 1217 expectan-

1329 1257 1356 1277 ‚,
1385 1229 1433 1266 do
1461 1227 1511 1266 ab
1542 1225 1792 1272 hominibus,
1835 1223 1977 1275 quibus
2005 1235 2043 1258 se
2072 1221 2185 1258 aliter
2215 1219 2452 1271 placiturum

1329 1308 1356 1330 ‚‚
1385 1296 1458 1319 non
1475 1288 1609 1332 putat,
1637 1287 1703 1317 aut
1723 1277 1880 1329 aliquod
1908 1275 1957 1313 ab
1986 1273 2209 1311 hominibus
2238 1274 2451 1310 incommo-

1328 1364 1357 1385 „
1385 1335 1478 1373 dum
1507 1331 1708 1372 devitando
1727 1356 1815 1370 ......
1837 1328 1918 1368 vult
1946 1327 2032 1366 fieri
2061 1326 2298 1363 Christianus
2317 1355 2328 1373 ,
2377 1338 2452 1364 non

1326 1418 1353 1437 ‚‚
1384 1388 1470 1427 fieri
1499 1386 1581 1425 vult
1610 1386 1762 1439 potius,
1800 1397 1918 1438 quam
1948 1381 2093 1432 fingere
2113 1382 2139 1400 ‘⁶
2157 1405 2169 1417 .
2209 1378 2453 1417 Cohaerenter

1324 1442 1372 1480 ad
1403 1442 1487 1479 liaec
1517 1440 1711 1492 principia
1738 1452 1824 1488 cap.
1852 1450 1912 1488 ¹7·
1941 1433 2133 1486 triplicem
2163 1433 2359 1484 distinguit
2389 1446 2450 1470 eo-

1325 1509 1413 1533 rum
1443 1494 1628 1541 classem,
1664 1493 1731 1545 qui
1761 1489 1965 1529 Christiani
1995 1487 2080 1525 fieri
2110 1485 2270 1532 volunt,
2312 1499 2451 1537 nempe

1326 1562 1458 1587 eorum
1476 1577 1486 1595 ,
1516 1549 1583 1599 qui
1602 1556 1798 1599 propterea
1814 1542 1946 1583 volunt
1963 1555 2040 1578 esse
2053 1538 2257 1578 Christiani
2282 1569 2292 1586 ,
2325 1549 2361 1576 ut
2383 1548 2449 1577 aut

1327 1610 1615 1654 promereantur
1644 1599 1836 1645 homines,
1866 1611 1888 1634 a
1916 1594 2060 1649 quibus
2088 1592 2314 1644 temporalia
2342 1604 2450 1631 com-

1328 1656 1441 1694 moda
1471 1663 1693 1706 expectant,
1730 1661 1794 1690 aut
1823 1651 1914 1703 quia
1942 1647 2134 1686 offendere
2164 1646 2295 1684 nolunt
2313 1675 2324 1694 ,
2354 1659 2449 1697 quos

1327 1712 1487 1754 timent3
1531 1708 1564 1744 8(
1595 1707 1661 1744 lios
1697 1704 1876 1754 reprobos
1918 1700 2115 1754 appellat;
2158 1709 2240 1738 tum
2281 1712 2414 1736 eorum
2436 1729 2449 1748 ,

1325 1764 1393 1815 qui
1423 1764 1564 1800 intrant
1586 1760 1797 1799 Ecclesiam
1819 1757 1920 1805 Dei,
1951 1765 1989 1793 ut
2010 1753 2198 1793 feliciores
2226 1753 2299 1790 sint
2330 1754 2368 1789 in
2392 1765 2450 1789 re-

1324 1816 1396 1854 bus
1426 1816 1609 1861 terrenis,
1647 1827 1765 1866 quam
1795 1810 1884 1858 illi,
1925 1810 1993 1861 qui
2023 1821 2097 1846 non
2126 1806 2258 1845 colunt
2286 1806 2449 1852 Deum;

1325 1868 1360 1905 &
1392 1870 1456 1907 hos
1485 1869 1578 1906 dicit
1607 1881 1685 1905 esse
1713 1868 1753 1904 in
1780 1863 1980 1917 perierim,
2018 1862 2053 1898 8(
2081 1861 2199 1899 facile
2227 1875 2249 1897 a
2277 1859 2354 1898 fide
2382 1860 2449 1898 de-

1324 1922 1440 1960 ficere
1458 1948 1468 1960 .
1512 1922 1690 1973 Denique
1730 1933 1819 1956 eum
1863 1930 1950 1955 rere
1996 1915 2268 1953 Christianum
2315 1913 2450 1966 appel-

1323 1975 1403 2024 lat,
1441 1976 1507 2028 qui
1538 1983 1696 2025 propter
1723 1970 2009 2010 beatitudinem
2038 1971 2327 2018 sempiternum
2345 1997 2355 2014 ‚
2398 1967 2450 2006 Εἰ)

1323 2039 1559 2080 perpetuam
1589 2030 1764 2078 requiem
1787 2055 1798 2074 ,
1841 2037 1921 2076 qua
1949 2030 2033 2073 post
2063 2020 2169 2058 (mne
2199 2025 2323 2058 vitam
2351 2033 2451 2058 sun·

1322 2086 1396 2121 ctis
1411 2082 1561 2134 fictura
1589 2083 1854 2132 promittitur,
1883 2075 2067 2128 vult-fieri
2100 2073 2375 2121 Christianus,
2406 2083 2450 2110 ut:

1322 2150 1404 2175 non
1433 2145 1499 2175 eat
1528 2140 1569 2174 ιή
1598 2140 1734 2188 ignem
1763 2142 1962 2171 oeternum
1991 2142 2082 2167 cnm
2113 2128 2292 2176 diabolo,
2321 2127 2448 2165 sedin

1319 2203 1492 2243 regnum
1520 2199 1719 2227 oeternum
1747 2190 1865 2224 intret
1894 2198 1986 2222 cnm
2018 2181 2196 2221 Christo:
2226 2181 2313 2219 haec
2341 2182 2474 2224 enini,

1318 2258 1424 2296 spes,
1454 2244 1488 2280 &
1517 2243 1747 2280 desiderium
1778 2238 2022 2288 beatitudinis
2049 2237 2315 2286 sempiternae,
2346 2235 2444 2272 sicut

1317 2296 1481 2335 &timor
1498 2298 1595 2347 ignis
1623 2295 1753 2332 aeterui
1776 2323 1787 2340 ,
1817 2301 1869 2330 est
1896 2288 2222 2342 supernaturalis,
2252 2287 2286 2322 8(
2315 2285 2444 2324 chari-

1318 2352 1383 2388 tati
1414 2350 1592 2402 persectae
1621 2348 1748 2385 locum
1780 2353 1915 2398 parat3
1955 2343 2054 2380 unde
2082 2341 2209 2379 subdit
2239 2341 2445 2378 immedia-

1319 2413 1377 2442 te:
1411 2404 1486 2454 Qui
1507 2406 1631 2440 etium
1660 2398 1902 2451 proficiendo
1931 2398 2127 2448 perveniet
2155 2393 2211 2431 ad
2239 2395 2365 2431 talem
2394 2407 2443 2430 ιι-

1320 2461 1475 2494 m'mwn
1494 2487 1504 2503 ,
1534 2464 1574 2492 ut
1603 2455 1688 2504 plus
1716 2461 1826 2490 amec
1855 2450 1987 2489 Deum
2010 2480 2020 2497 ‚
2050 2461 2174 2500 quam
2203 2451 2342 2486 timeat
2371 2460 2443 2499 ge·

1321 2509 1498 2548 hennam
1518 2535 1527 2546 .
1560 2510 1683 2559 Atque
1713 2506 1782 2544 liae
1813 2505 1933 2543 solum
1963 2505 2011 2541 de
2039 2516 2153 2540 causa
2184 2502 2269 2539 istos
2299 2511 2443 2553 postre-

1319 2577 1422 2611 mos,
1471 2564 1537 2615 qui
1567 2562 1719 2599 Christo
1753 2573 1892 2597 nomeu
1919 2558 2008 2595 dant
2049 2564 2205 2606 propter·
2233 2552 2444 2592 beatitudi-

1319 2631 1414 2655 nem
1443 2619 1731 2665 sempiternam
1761 2615 1832 2651 ἃς.
1864 2625 1950 2649 vere
1978 2609 2211 2648 Christianos
2248 2622 2326 2645 esse
2354 2620 2444 2659 pro·

1320 2671 1506 2708 nunciat.
1534 2670 1709 2707 Ceterum
1741 2669 1915 2718 iniquum
1947 2673 2036 2702 csset
2054 2693 2065 2711 ‚
2093 2661 2353 2712 omnibusque
2382 2674 2441 2709 sa7

1318 2725 1435 2762 nioris
1465 2724 1610 2761 criticae
1654 2720 1795 2773 regulis
1831 2719 2086 2764 contrarium,
2130 2729 2174 2753 ex
2205 2714 2276 2752 hoc
2316 2713 2443 2752 solum

1316 2777 1478 2815 obscuro
1508 2777 1589 2814 loco
1617 2785 1782 2813 mentem
1813 2774 1854 2811 S.
1876 2772 2077 2823 Augustini
2107 2769 2296 2816 desinire,
2325 2770 2440 2807 inuu-

1317 2832 1435 2868 meris
1464 2830 1553 2868 aliis
1582 2829 1865 2881 praetermissis,
1909 2827 1947 2863 in
1977 2824 2120 2877 quibus
2149 2823 2294 2871 nitide,
2330 2821 2444 2858 lucu·

1317 2883 1464 2931 lenter,
1512 2884 1750 2935 apertissime
1778 2880 2036 2918 necessitatem
2073 2877 2269 2915 charitatis
2295 2875 2343 2914 ad
2372 2874 2443 2913 ob·

1316 2939 1511 2976 tinendam
1541 2936 1854 2988 justificationem
1884 2933 2045 2971 statuit.

1373 2993 1465 3029 251.
1499 2993 1586 3028 lust.
1628 2987 1828 3027 secundo.
1875 2988 1920 3040 S.
1947 2985 2158 3037 Gregorius
2183 2984 2363 3022 ¹Nazianz.
2399 2982 2440 3019 in

1315 3044 1421 3083 Orat.
1445 3044 1511 3083 lV.
1541 3045 1637 3082 alias
1658 3044 1723 3081 lll.
1754 3057 1863 3082 num.
1883 3040 1950 3079 60.
1969 3050 2042 3078 tres
2072 3039 2213 3091 pariter
2240 3035 2435 3086 distinguit

1315 3097 1619 3136 Christianorum
1650 3096 1812 3143 classes,
1856 3108 1988 3132 eorum
2025 3107 2165 3145 nempe
2187 3123 2198 3140 ,
2242 3091 2308 3142 qui
2337 3088 2437 3124 bono

1313 3154 1505 3203 conjungi
1532 3161 1689 3203 propter
1717 3155 1844 3202 ipsum
1875 3147 2018 3186 bouum
2039 3153 2257 3198 exoptant,·
2287 3151 2365 3178 tum
2385 3140 2434 3176 il-

1314 3203 1439 3242 loruin
1472 3205 1722 3243 honestorum
1741 3233 1752 3251 ,
1781 3204 1832 3243 ζῇ·
1861 3201 2105 3240 Ιαιιίίὂὲίὶυνη
2136 3204 2325 3241 virorum,
2362 3192 2431 3243 <1¹¹i

1312 3262 1462 3306 pretio,
1493 3272 1543 3297 ac
1574 3255 1756 3296 merceio
1784 3255 1934 3306 aliquid
1949 3255 2148 3307 filetum,-
2189 3250 2222 3285 8(
2255 3250 2291 3284 in
2320 3247 2431 3282 tertia

1313 3310 1429 3349 classe.
1459 3326 1520 3350 eos
1547 3311 1726 3357 collocat,
1756 3325 1822 3362 qui
1843 3322 1961 3360 prena.
1991 3315 2096 3343 metu
2123 3316 2151 3339 az
2179 3301 2348 3344 scelere,
2377 3298 2430 3337 Θ·

1312 3365 1518 3418 maleficio
1544 3364 1821 3406 deterrentur.
1847 3363 1958 3402 Hanc
1988 3357 2178 3409 triplicem
2197 3352 2437 3405 Christiano-

2291 3416 2383 3443 rum
