2605 3624
351 117 378 146 α
1166 70 1433 144 DISSERT.

303 193 392 219 cum
425 180 479 219 ad
507 193 569 219 res
599 179 752 219 dirimas
778 180 1008 231 pertinent,
1050 178 1323 219 Sacramenta
1351 194 1423 232 ap-

297 235 497 288 pellantur
511 261 522 271 .

355 290 392 325 5.
421 285 602 325 Secundo
628 285 846 325 adhibitum
888 295 943 325 est
971 286 1043 325 hoc
1072 286 1305 326 vocabulum
1336 301 1416 325 ma-

295 342 350 393 gis
365 343 490 379 stricte
521 341 570 378 ad
596 340 866 391 designandam
885 354 965 378 rem
985 354 1154 389 sacram,
1183 354 1259 379 non
1275 355 1412 392 quam-

292 408 481 446 cumque,
511 395 574 431 sed
603 406 830 442 arcanam,
860 393 894 429 &
916 392 1187 442 reconditam,
1216 392 1410 444 cujusmo-

291 447 332 485 di
361 457 446 485 sunt
473 447 657 485 altissima
679 446 883 499 Religionis
911 456 1046 485 nostrae
1077 448 1283 498 mysteria3
1315 447 1414 484 unde

290 499 391 538 illud
421 500 590 552 Apostoli
619 500 722 553 Eph.
744 501 772 539 1.
790 513 828 552 ς).
875 498 924 537 Ut
953 510 1091 538 not-um
1107 500 1273 551 jaceret
1304 498 1414 537 nobis

290 553 608 592 Sacramentum
631 555 842 592 voluntatis
859 567 968 597 suoe;
998 553 1031 589 &
1051 568 1137 604 cap.
1155 554 1220 590 111.
1237 565 1276 604 9.
1310 551 1413 602 Quae

289 610 342 646 sit
369 607 611 655 dispensatio
637 606 892 645 Sacrainenti
920 606 1140 644 absconditi
1168 619 1195 642 a
1224 605 1411 650 saeculis,-

289 674 428 712 nempe
457 662 730 699 lucarnationis
758 660 975 699 Dominicae
993 687 1004 699 .
1051 660 1275 711 Eodemque
1303 673 1411 697 sensu

287 716 393 765 apud
422 724 566 753 veteres
595 715 747 762 Patres,
786 713 1073 752 Tertullianum
1092 745 1102 761 ‚
1137 714 1409 765 Cypriwmm,

283 767 457 820 aliosque
484 781 622 807 nomen
651 766 908 805 sacramenti
937 780 1038 818 saepe
1065 768 1257 805 occurrit.
1287 765 1411 804 Nobis

284 831 452 869 autem,
495 821 694 874 inquiebat
735 821 953 858 Lactantius
988 819 1076 858 Lib.
1098 820 1128 858 l.
1168 818 1408 857 Divinarum

285 874 581 913 Institutionum
600 889 686 926 cap.
709 887 764 920 1.,
793 876 858 924 qui
878 873 1193 910 Sacramentum
1221 883 1326 910 veroe
1347 886 1407 910 re-

284 927 442 981 ligionis
468 931 697 978 accepimus
721 925 791 964 ἃς.
838 926 887 964 Et
916 926 956 963 S.
988 926 1212 964 Ambroslus
1242 927 1407 965 Librum

281 982 474 1033 inscripsit
502 981 550 1019 <le
578 980 879 1017 Incarnationis
901 978 1131 1017 Dominicoe
1159 979 1406 1017 Sacramen-

281 1044 342 1073 to.
372 1034 421 1072 Et
451 1036 504 1072 sic
534 1034 749 1086 promiscue
779 1045 916 1070 nomen
937 1032 1226 1082 sacramenti,
1255 1032 1405 1086 &My-

280 1091 390 1126 sterii
418 1087 519 1138 apud
551 1087 687 1125 latinos
716 1085 841 1124 Patres
871 1088 1090 1125 invenimus
1112 1087 1201 1137 (a).

334 1140 373 1179 6.
404 1139 581 1178 Demwn
610 1141 767 1192 propria
797 1138 912 1191 hujus
947 1139 1125 1178 vocabuli
1163 1141 1267 1180 notio
1302 1138 1406 1191 apud

277 1193 514 1232 Christianos
544 1202 597 1231 est
626 1192 718 1242 illa,
763 1201 802 1230 nt
832 1194 1019 1231 indicetur
1049 1206 1107 1231 res
1135 1207 1240 1231 sacra
1270 1194 1405 1232 visibi-

278 1246 327 1285 lis
346 1278 355 1293 ‚
385 1262 428 1285 ac
458 1246 673 1295 sensibilis,
718 1260 796 1299 qua
825 1246 1033 1286 invisibilis
1062 1247 1135 1285 Dei
1166 1249 1286 1299 gratia
1315 1260 1405 1285 con-

276 1302 420 1339 fertur:
453 1301 549 1339 unde
580 1300 701 1353 aliqui
717 1299 1032 1338 Sacramentum
1057 1301 1203 1338 dictum
1234 1315 1311 1339 esse
1342 1314 1405 1337 vo-

278 1352 361 1392 lunt
377 1370 398 1392 a
419 1368 458 1393 re
474 1385 486 1403 ,
515 1369 594 1406 qua
608 1366 854 1399 sacramur3
882 1356 978 1393 sicut
1001 1355 1267 1392 indumentum
1287 1385 1297 1402 ,
1328 1366 1405 1405 quo

276 1408 502 1455 induimur,
532 1409 565 1444 ἃ
595 1421 805 1446 ornamur.
841 1408 915 1446 Sed
944 1409 985 1447 S.
1016 1407 1186 1446 Thomas
1216 1417 1404 1461 repugnat

274 1460 313 1499 5.
338 1460 375 1498 Ρ.
407 1475 472 1512 qu.
493 1460 558 1498 60.
587 1469 658 1497 art.
685 1474 719 1499 1.
748 1461 795 1498 ad
823 1474 855 1498 ι.
894 1461 928 1497 8(
958 1461 1248 1499 Sacramentum
1286 1463 1400 1499 deno-

271 1515 464 1552 minatum
494 1527 571 1551 esse
600 1511 683 1551 vult
717 1528 742 1551 a
776 1518 1023 1562 sanctitate,
1066 1529 1184 1565 quam
1224 1517 1262 1552 in
1292 1515 1398 1552 nohis

270 1569 448 1619 producit
475 1579 546 1618 per
573 1565 738 1604 modum
765 1565 1130 1618 causoesormalis,
1161 1568 1398 1621 velfinalis.

271 1620 321 1660 Et
339 1622 391 1659 sic
413 1620 480 1658 illa
509 1632 581 1658 vox
611 1619 780 1656 restricta
812 1620 882 1656 fuit
912 1621 958 1656 ad
989 1619 1075 1658 illos
1102 1631 1246 1673 septem
1276 1635 1400 1659 sacros

268 1676 365 1713 ritus
381 1705 392 1722 ‚
412 1687 507 1727 quos
528 1675 682 1726 proprie
698 1672 971 1710 Sacramenta
993 1675 1255 1712 nominamus.
1284 1675 1398 1722 Quod

269 1741 409 1766 nomen
451 1729 566 1765 etiam
598 1727 842 1764 Protestautes
884 1727 1084 1764 admittere
1126 1728 1246 1764 coacti
1282 1737 1397 1776 sunt,

270 1782 450 1833 quamvis
480 1782 518 1818 in
547 1781 663 1818 sacris
692 1778 844 1826 litteris,
877 1781 1291 1830 utsuprainnuimus,
1321 1794 1398 1819 non

267 1835 484 1887 reperiatur
516 1832 571 1884 (b)
589 1858 600 1870 .
629 1832 677 1870 Et
708 1831 791 1870 haee
819 1842 1007 1884 quantum
1036 1833 1085 1870 ad
1114 1846 1253 1870 nomen
1283 1834 1340 1883 (c)
1358 1860 1369 1871 .

325 1902 363 1940 7.
392 1888 593 1934 Quantum
622 1898 712 1925 vero
740 1885 788 1923 ad
819 1899 899 1923 rem
930 1887 1051 1938 ipsam
1075 1895 1215 1936 spectat
1237 1885 1308 1924 hoc
1333 1899 1398 1922 no·

264 1941 376 1980 mine
404 1943 637 1993 designatam
655 1970 665 1987 ,
696 1940 814 1978 variae
845 1947 1047 1992 suppetunt
1067 1939 1304 1978 Sacratnenti
1333 1939 1396 1976 de-

267 1995 490 2034 finitiones.
520 1993 675 2046 Aliquae
703 1992 954 2044 generaliores
982 2001 1067 2031 sunt
1086 2023 1097 2041 ‚
1127 1991 1161 2028 δε
1190 2002 1266 2031 tam
1298 1999 1397 2030 vete-

266 2050 344 2096 ris,
373 2063 491 2101 quam
505 2049 596 2086 novi
617 2047 775 2085 foederis
795 2056 1031 2085 sacramenta
1045 2047 1394 2098 compreliendnnt3

262 2111 306 2139 ut
334 2102 401 2141 illa
429 2102 663 2141 communis:
692 2099 1006 2139 Sacramentum
1023 2109 1080 2138 est
1095 2103 1253 2152 signam
1270 2104 1395 2137 sensi-

264 2154 338 2193 bile
366 2159 425 2194 rei
451 2168 611 2201 sacrae;
640 2163 721 2192 tum
751 2154 819 2193 illa
847 2155 888 2193 in
907 2155 1000 2193 Jure
1018 2155 1110 2193 Can.
1133 2154 1231 2193 Dist.
1254 2155 1301 2191 H.
1332 2153 1395 2191 De

265 2218 490 2247 consecrat.
512 2223 598 2260 cap.
615 2207 897 2261 Sacrificium:
927 2207 1131 2246 Invisibilis
1150 2205 1393 2260 gratioefor-

263 2275 338 2300 ma
367 2262 520 2302 visibilis
539 2277 555 2307 ,-
585 2261 646 2300 hae
677 2264 782 2303 enim
812 2261 1052 2301 definitiones
1080 2263 1311 2302 conveniunt
1339 2270 1392 2301 et-

311 2453 359 2487 (τι)
385 2447 534 2481 Nomine
559 2449 725 2493 mysterii
751 2448 907 2484 solebant
934 2452 1050 2485 Graeci
1088 2451 1244 2486 indicare
1277 2449 1381 2497 quid-

261 2494 347 2541 qnid
371 2495 436 2528 sub
462 2504 606 2528 externa
633 2494 790 2527 sensibili
809 2498 920 2540 specie
939 2498 1072 2542 aliquid
1091 2498 1322 2538 admirabile,
1350 2501 1382 2531 ἃ

258 2542 421 2577 divinum
447 2542 673 2581 continebat,
700 2539 860 2586 quodque
887 2543 922 2575 in
947 2545 1070 2587 vulgus
1087 2546 1268 2591 propalare,
1287 2543 1382 2579 ltaud

259 2588 432 2627 decebat3
460 2587 548 2621 unde
574 2589 680 2621 etiam
707 2586 910 2622 Sacerdotes
933 2584 1045 2627 ,αὖε-αι
1071 2594 1286 2625 vocabantur
1311 2590 1384 2625 tine*

262 2636 307 2668 τέ
330 2632 427 2673 μείω
443 2656 453 2675 ,
479 2633 570 2678 quod
589 2644 639 2669 est
656 2636 814 2668 claudere
831 2655 842 2674 ,
870 2638 902 2667 &
924 2632 1024 2676 ςὀμν
1038 2660 1049 2678 ,
1076 2639 1180 2671 latine
1199 2652 1237 2670 os
1252 2660 1262 2677 ,
1288 2631 1383 2683 quod

261 2683 438 2722 oporteret
465 2681 526 2714 τῖε
550 2679 664 2719 μόςας
687 2678 785 2717 μύων
807 2678 850 2715 τὸ
869 2680 966 2716 ςοάα
991 2704 1001 2722 ‚
1037 2683 1063 2729 'g
1087 2682 1135 2720 ut}
1157 2680 1333 2721 “maim-r
1357 2676 1384 2713 εἴ

262 2726 462 2769 peninar,
482 2734 604 2766 nempe
625 2722 796 2754 Claudere
822 2737 884 2764 os,
917 2736 980 2756 nec
1007 2738 1045 2758 ea
1067 2726 1289 2769 patefacere,
1315 2735 1381 2771 (μω

260 2773 357 2804 docti
383 2778 504 2810 erant,
541 2777 580 2802 nt
606 2769 654 2800 ait
680 2768 886 2802 Eustatius.
925 2770 1015 2803 Hinc
1040 2772 1186 2805 celebris
1210 2772 1316 2804 etiarn
1343 2780 1381 2800 a·

259 2815 331 2863 pud
355 2815 574 2850 Christianos
601 2814 756 2858 priorum
784 2817 979 2848 seculorum
1002 2816 1203 2861 Disciplina
1220 2818 1380 2855 Arcani,

259 2862 303 2897 de
329 2874 394 2907 qua
422 2862 535 2895 multa
558 2861 692 2905 egregie
718 2858 881 2894 disseruit
900 2862 1108 2897 Emmanuel
1127 2878 1144 2898 a
1165 2863 1379 2900 schelestra-

260 2918 295 2943 te
312 2931 322 2950 ,
341 2909 452 2953 patria
466 2907 728 2951 Antnerpiensis
741 2928 752 2947 ,
772 2906 830 2939 sed
844 2909 962 2941 Romae
982 2919 1140 2944 mortuus
1159 2923 1250 2944 anno
1271 2911 1374 2956 1692.

261 2957 319 2990 ubi
347 2953 510 2989 custodis
536 2952 758 2987 Bibliothecae
779 2955 957 2987 Vaticanae
983 2967 1127 2989 munere
1153 2956 1375 3002 fungebatur.

259 3001 429 3038 Eatndem
449 3002 620 3035 Arcanum
637 3001 862 3043 disciplinam
878 3013 989 3046 nuper
1007 3002 1197 3036 illustravit
1213 3026 1224 3044 ,
1243 3015 1281 3037 :tc
1299 3006 1377 3038 vin-

260 3049 393 3083 dicavit.
421 3048 456 3081 P.
472 3046 695 3081 Hermannus
722 3045 921 3080 Scholliner
945 3046 1030 3081 Ord.
1043 3049 1076 3081 S.
1097 3049 1224 3082 Bened.
1240 3050 1275 3083 in
1290 3049 1379 3084 Dis-

260 3104 344 3130 σενι.
359 3096 510 3139 theolog.
530 3095 653 3127 histor.
669 3101 789 3127 contra
804 3093 999 3133 Dallaeum,
1019 3094 1264 3136 Albertinutn‚
1284 3096 1380 3129 ‘ren-

259 3143 389 3176 zelinm
403 3164 415 3183 ,
427 3139 678 3186 Binghamum‚
694 3139 923 3173 Bohemerum
936 3161 947 3181 ,
960 3140 1117 3185 aliosque
1132 3142 1256 3185 Tiguri
1276 3154 1287 3175 ι
1298 3143 1378 3186 756.

258 3190 298 3222 in
324 3188 358 3231 4.

247 3247 252 3251 ·
304 3236 353 3274 (ὂ)
384 3232 619 3279 Excipiendus
644 3241 696 3266 est
723 3231 834 3267 Andr.
858 3231 1128 3274 Carlostadius,
1164 3234 1224 3278 qui
1252 3234 1381 3268 Sacra-

260 3285 367 3315 menti
392 3293 534 3322 vocem,
569 3289 686 3325 utpote
714 3291 780 3313 non
805 3280 996 3320 biblicam,
1027 3278 1282 3324 explodendam
1307 3291 1381 3313 esse

259 3329 491 3374 pertinaciter
515 3325 769 3364 contendebat.
806 3327 925 3373 Ipsum
953 3326 1079 3363 acriter
1105 3327 1290 3374 castigavit
1315 3328 1382 3361 iin-

1462 101 1496 145 Ι.
1530 102 1659 145 CAP.
1680 102 1716 145 1.

1490 182 1568 219 iam
1597 182 1877 228 sacramentis,
1906 194 1996 234 quae
2026 182 2180 222 fuerunt
2207 190 2292 221 ante
2318 182 2510 222 Christum
2529 215 2540 234 ,
2569 185 2605 224 in

1488 236 1631 286 quibus
1660 236 1730 273 snb
1761 234 1978 274 visibilibus
1998 235 2227 288 quibusdam
2257 238 2372 288 signis
2399 240 2520 288 gratia
2550 239 2605 274 iu-

1488 288 1654 326 visibilis
1681 288 1968 336 conserebatur,
2004 303 2228 342 quanquam
2259 304 2330 328 non
2361 304 2405 327 ex
2435 291 2605 328 intrinse-

1483 354 1528 377 ca
1557 342 1889 379 Sacramentorum
1920 344 2082 390 virtute,
2124 344 2188 381 sed
2218 357 2263 380 ex
2300 343 2373 381 side
2404 344 2444 382 in
2474 353 2605 383 ventu-

1485 406 1572 431 rum
1601 393 1783 433 Messinm
1801 424 1812 442 ,
1844 404 1883 431 ut
1912 409 1978 432 suo
2008 395 2091 434 loco
2118 396 2401 448 explicabitur.

1538 445 1576 483 8.
1609 446 1707 484 Aliae
1737 456 1821 484 suut
1852 450 1972 499 magis
2002 450 2206 497 restrictae,
2235 449 2438 487 &nonnisi
2468 449 2604 488 Sacra-

1482 500 1619 536 mentis
1647 513 1755 536 novae
1786 500 1879 550 legis
1907 504 2158 546 conveniunt3
2189 512 2228 539 ut
2258 502 2351 550 illa,
2380 518 2497 556 quam
2528 513 2604 541 tra·

1479 553 1534 590 dit
1565 552 1606 589 S.
1636 552 1805 590 Thomas
1836 555 1874 589 in
1903 555 2099 604 Opust-ulo
2130 555 2178 592 V·-
2211 557 2410 607 inquiens:
2452 557 2603 594 Sacra-

1480 614 1661 643 mentum,
1691 618 1801 643 nom:
1831 605 1929 657 legis
1959 616 2016 642 est
2046 607 2243 645 invisibilis
2271 613 2418 661 gratiae
2447 608 2603 648 visibilis

1467 657 1646 711 forma,
1687 668 1728 695 ut
1759 659 1844 711 ejus
1873 658 2172 698 similitudinem
2200 670 2344 713 gerat,
2385 662 2434 702 (9⁶
2473 675 2605 700 causa

1480 717 1629 750 existat
1658 715 1674 763 (
1704 713 1803 760 Quae
1831 712 2003 750 definitio
2031 722 2083 749 est
2112 713 2289 764 Magistri
2317 715 2602 753 Sententiarum

1477 766 1567 804 Lib.
1585 765 1651 804 IV.
1674 766 1771 805 Dist.
1793 767 1822 804 Ι.
1845 768 1888 813 ),
1918 775 1999 803 tum
2029 767 2142 803 etiam
2173 766 2241 803 illa
2270 764 2439 816 ejusdem
2460 768 2501 806 S.
2525 768 2604 806 Do-

1476 821 1588 858 ctoris
1618 819 1656 858 5.
1675 819 1714 856 ἰ).
1744 819 1894 872 qu.Go.
1924 829 1994 856 art.
2017 832 2053 858 2.
2095 820 2162 857 ubi
2192 819 2480 858 Sacramentum
2510 822 2604 860 dicit

1474 887 1554 910 esse
1581 876 1736 923 signum
1767 877 1823 911 rei
1852 885 2011 920 sacrae,
2054 875 2293 924 inquantum
2330 883 2389 910 est
2417 874 2602 926 sanctifi-

1472 938 1577 963 cans
1606 925 1785 963 homines
1803 952 1812 964 .
1852 926 1959 962 Hanc
1987 935 2114 962 autem
2143 926 2403 964 definitionem
2444 928 2493 965 ita
2527 931 2603 966 An-

1473 979 1620 1031 gelicus
1648 980 1804 1030 exponit
1832 987 1904 1016 art.
1927 979 1992 1026 5.,
2024 988 2061 1015 ut
2091 978 2382 1017 Sacramentum
2415 982 2460 1017 sit
2490 980 2522 1017 ἃ
2552 985 2603 1019 si-

1473 1045 1597 1083 gnum
1628 1035 1983 1070 rememorativum
2012 1032 2095 1082 ejus
2113 1062 2123 1078 ‚
2151 1033 2253 1084 quod
2284 1035 2499 1084 praecessit,
2528 1035 2600 1072 sci-

1474 1086 1563 1123 licet
1594 1086 1777 1136 passionis
1802 1085 1969 1123 Christi:
2013 1084 2047 1120 &
2089 1084 2445 1124 demonstrativum
2487 1086 2601 1138 ejus,

1472 1139 1575 1191 quod
1604 1140 1644 1176 in
1673 1138 1784 1176 nobis
1812 1137 1929 1176 efficit
1959 1151 2026 1190 per
2053 1137 2194 1176 Christi
2225 1141 2436 1190 passionem
2456 1169 2466 1188 ‚
2496 1140 2601 1179 scili-

1472 1201 1531 1230 cet
1559 1193 1692 1244 gratiae
1709 1222 1721 1240 ‚
1751 1191 1785 1227 &
1804 1195 2104 1244 prognosticon,
2135 1191 2228 1231 idest
2248 1195 2600 1244 praeuuticiativum

1474 1247 1615 1284 futurae
1645 1245 1779 1297 gloriae
1796 1272 1806 1283 .
2309 1270 2311 1274 Δ

1528 1313 1567 1352 9.
1599 1299 1679 1337 Hoc
1708 1299 1850 1351 triplex
1879 1297 2212 1338 sacramentorum
2242 1299 2392 1351 siguum
2423 1299 2599 1338 Catechi·

1472 1367 1575 1390 smus
1607 1352 1800 1391 Romanus
1830 1351 1871 1390 P.
1893 1352 1943 1390 ll.
1972 1367 2059 1405 cap.
2095 1367 2127 1390 ι.
2159 1352 2375 1391 luculenter
2415 1356 2598 1406 exponit,

1471 1416 1585 1457 atque
1614 1420 1660 1443 ex
1703 1407 1818 1446 sacris
1862 1406 1995 1444 litteris
2037 1406 2238 1444 confirmat
2280 1409 2321 1444 in
2350 1407 2597 1450 Sacramento

1468 1460 1680 1512 Baptistni‚
1723 1473 1800 1511 quo
1843 1461 2128 1498 rememoratur
2146 1460 2290 1498 Christi
2326 1473 2453 1506 mors3
2499 1461 2599 1498 unde

1470 1514 1669 1565 Apostolus
1700 1513 1809 1551 Rom.
1831 1512 1900 1552 Vl.
1923 1514 1960 1552 5.
2002 1514 2271 1564 Quicumque,
2301 1514 2379 1560 ait⁷
2410 1511 2605 1565 baptizati

1466 1580 1605 1604 suenus
1635 1571 1675 1605 in
1708 1566 1860 1605 Christo
1888 1566 2002 1616 lesu,
2034 1572 2076 1604 in
2105 1576 2232 1604 morte
2260 1571 2381 1618 ipsius
2409 1565 2599 1618 baptizati

1466 1634 1604 1659 sumus
1623 1647 1632 1659 .
1671 1620 1736 1659 Est
1767 1622 1880 1659 etiam
1909 1622 2062 1672 signum
2091 1620 2449 1659 demonstratis-um
2479 1620 2597 1658 coele—

1465 1677 1529 1713 stis
1557 1676 1688 1726 gratiae
1720 1675 1758 1713 in
1788 1674 1898 1712 nobis
1926 1674 2075 1712 diffusae
2093 1705 2104 1723 ‚
2133 1689 2210 1726 qua
2239 1676 2278 1713 in
2307 1687 2445 1712 novam
2477 1676 2597 1713 vitam

1468 1742 1739 1779 regeneramur
1755 1756 1766 1774 ‚
1794 1729 1941 1766 dicente
1969 1729 2100 1765 eodem
2125 1727 2303 1780 Apostolo
2324 1729 2360 1766 in
2385 1727 2517 1765 eodem
2539 1727 2594 1764 lo-

1466 1795 1511 1818 co
1533 1781 1679 1826 vers.4.
1720 1780 1943 1831 Consepulti
1972 1794 2109 1819 sumus
2137 1793 2228 1817 cum
2259 1781 2323 1817 illo
2350 1793 2420 1829 per
2448 1779 2594 1830 baptis-

1466 1846 1576 1869 mum
1608 1839 1648 1870 in
1679 1845 1872 1880 mortem,
1916 1843 1956 1870 ut
1984 1833 2180 1884 quomodo
2213 1832 2388 1870 Christus
2417 1837 2593 1871 surrexit

1464 1898 1493 1922 a
1522 1889 1687 1924 mortuis
1714 1899 1784 1935 per
1811 1886 1983 1936 gloriam
1999 1885 2153 1931 Patris,
2183 1889 2242 1922 ita
2269 1886 2320 1925 <9⁶
2349 1899 2422 1923 nos
2451 1889 2492 1922 in
2522 1899 2593 1924 no-

1464 1943 1584 1977 vitate
1613 1943 1702 1976 s‘itae
1730 1938 1982 1976 ambulemus
1998 1964 2008 1975 .
2047 1936 2240 1975 Postremo
2261 1948 2312 1976 est
2333 1941 2480 1990 signum
2502 1953 2592 1990 pro·

1461 1997 1671 2045 gnosticon
1700 1993 1788 2031 vitae
1819 2001 2000 2039 aeternae,
2038 1992 2138 2043 quod
2171 1992 2271 2029 idem
2303 1991 2505 2044 Apostolus
2533 1994 2593 2031 in-

1462 2048 1545 2098 quit
1562 2076 1572 2095 ‚
1602 2060 1691 2083 cum
1709 2045 1853 2084 ibidem
1870 2059 1966 2084 vers.
1986 2046 2022 2083 5.
2039 2046 2155 2083 dicit:
2184 2044 2227 2082 St
2254 2049 2360 2082 enirn
2384 2046 2591 2096 complan-

1461 2098 1668 2150 ttitijiicti
1695 2112 1832 2136 sumus
1860 2097 2109 2136 similitudini
2146 2102 2285 2136 mortis
2314 2100 2427 2151 ejus,
2468 2099 2589 2138 simul

1460 2154 1511 2193 ζῇ*
1540 2156 1837 2191 resurrectionis
1865 2156 2035 2190 erimus.
2077 2152 2142 2190 Sic
2187 2153 2302 2190 etiam
2332 2155 2370 2190 in
2400 2151 2589 2191 Euchari-

1462 2207 1530 2245 stia
1560 2205 1644 2244 haec
1674 2208 1745 2244 tria
1773 2207 1878 2257 signa
1907 2206 2096 2255 breviter,
2139 2205 2173 2242 8(
2203 2205 2390 2257 eleganter
2418 2205 2587 2258 comple-

1461 2273 1532 2300 xus
1562 2269 1613 2300 est
1641 2261 1684 2300 S.
1701 2259 1868 2299 Thomas
1897 2260 1936 2298 in
1964 2258 2034 2297 illa
2063 2258 2328 2312 pulcherrima
2355 2259 2586 2312 antiphona:

2489 2312 2528 2352 O

1450 2448 1633 2494 placabilis
1659 2447 1736 2493 ejus
1762 2447 1872 2483 hostis
1898 2449 2009 2482 Mart.
2036 2446 2212 2483 Luthenu
2251 2449 2286 2494 in
2315 2446 2425 2480 Libro
2449 2444 2580 2480 Contra

1449 2499 1603 2530 caelestes
1629 2494 1841 2539 Prophetas,
1866 2495 2150 2539 seusanatz'cos;
2175 2505 2394 2542 quamquam
2420 2494 2492 2538 ipse
2516 2494 2582 2527 Ln-

1451 2542 1571 2577 therus
1598 2553 1786 2588 antequam
1812 2544 1928 2577 factus
1959 2551 2050 2576 esset
2076 2542 2289 2576 Carlostadii
2328 2540 2519 2581 inimicus,
2557 2551 2579 2573 a

1451 2590 1670 2624 sacramenti
1695 2591 1836 2623 nomine
1862 2589 2098 2631 abhorrebat:⁸
2136 2593 2168 2622 δε
2200 2598 2319 2634 postea
2353 2599 2393 2620 eo
2427 2598 2494 2619 non
2525 2589 2577 2619 si-

1450 2650 1549 2681 gnum
1575 2641 1626 2670 rei
1652 2649 1783 2677 sacre,
1809 2635 1868 2668 sed
1893 2641 2001 2680 ipsam
2029 2649 2098 2672 rem
2123 2649 2282 2676 sacrwn,
2320 2641 2484 2667 secretam
2500 2655 2511 2673 ,
2538 2637 2579 2666 (9¹

1447 2683 1691 2717 absconditam·
1710 2681 1886 2726 designari
1914 2682 2076 2723 volebat,
2109 2682 2203 2727 quod
2240 2692 2342 2714 nemo
2378 2690 2468 2710 unus
2494 2685 2577 2710 ante

1450 2730 1566 2774 ipsum
1592 2728 1799 2761 somniavit.
1836 2729 1976 2761 Ulricus
2002 2729 2110 2760 etiarn
2135 2726 2328 2769 Zwinglius
2356 2724 2390 2755 in
2418 2735 2480 2756 sno
2505 2724 2575 2756 im-

1448 2777 1508 2819 pio
1534 2775 1642 2808 Libro
1669 2773 1725 2806 De
1752 2787 1854 2813 vera,
1892 2780 1934 2806 ΕΤ
1954 2772 2059 2815 salsa
2097 2776 2268 2815 religione
2294 2781 2383 2815 aegr²
2411 2769 2574 2810 ferebat,

1447 2821 1538 2854 hanc
1564 2831 1684 2853 vocem
1711 2820 1816 2852 fuisse
1841 2827 2018 2862 receptam
2037 2841 2046 2849 .
2072 2818 2140 2851 Sed
2163 2816 2258 2851 haud
2286 2817 2335 2849 ita
2361 2823 2570 2848 censuerunt

1446 2877 1583 2901 veteres
1607 2865 1774 2899 Ecclesiae
1800 2864 1917 2897 latinae
1942 2865 2158 2907 scriptores,
2191 2867 2222 2896 ἃ
2250 2863 2367 2895 Patres
2385 2883 2394 2901 ,
2431 2860 2574 2894 'Pertul-

1442 2914 1582 2953 Ῑὶειηιιε,
1608 2912 1831 2956 Cyprianus,
1861 2910 2121 2953 Hieronymus,
2162 2910 2405 2954 Augustinus,
2441 2908 2576 2949 Grego-

1444 2961 1516 2993 rius
1544 2962 1606 2992 &c.
1623 2980 1634 2998 ,
1659 2957 1719 3002 qui
1746 2969 1823 3001 quie
1851 2969 1869 2989 a
1897 2957 2030 2989 Graecis
2058 2958 2233 3002 appellata
2259 2956 2398 2988 fuerint
2423 2951 2572 2996 Mrste·

1446 3009 1526 3045 ria,
1551 3006 1659 3038 latine
1685 3001 1801 3036 dicere
1827 3002 2054 3036 Sacramenta
2080 3015 2150 3036 nun
2178 3002 2408 3036 dubitarunt·
2435 2999 2486 3030 Ac
2513 2996 2574 3030 de-

1447 3063 1546 3085 mum
1572 3051 1638 3096 ipsi
1663 3050 1861 3083 Novatores
1888 3049 1996 3082 fasces
2035 3050 2242 3083 submittere
2278 3048 2497 3096 debuerunt,
2537 3052 2576 3078 ut

1447 3098 1544 3131 nulla
1571 3096 1721 3140 amplius
1744 3096 1790 3129 sit
1816 3107 1881 3129 nos
1908 3097 1998 3129 inter
2025 3097 2151 3130 &illos
2176 3095 2218 3130 de
2237 3096 2299 3128 hoc
2324 3102 2464 3123 nomme
2490 3101 2573 3124 con-

1450 3144 1645 3176 troversia.

1501 3195 1547 3226 (c)
1579 3190 1630 3223 De
1655 3202 1725 3234 qno
1748 3189 1849 3234 plura
1876 3189 2008 3222 habent
2036 3188 2185 3222 isidorus
2211 3183 2290 3219 Lib·
2315 3182 2378 3216 Vi·
2419 3181 2574 3227 ΕζΥυιο·

1449 3237 1618 3277 logiarnm
1643 3248 1718 3281 cap.
1746 3244 1853 3282 postr.
1880 3236 1962 3269 Ger.
1988 3236 2045 3268 J0.
2071 3233 2214 3268 Vossius
2241 3232 2275 3263 in
2303 3229 2573 3276 Etymologii5‚

1451 3283 1484 3313 δι
1509 3282 1637 3316 Matth.
1667 3283 1853 3319 Max-tinius
1880 3283 1917 3317 in
1942 3281 2074 3317 Lexico
2095 3278 2340 3325 philosophico
2372 3287 2456 3311 voce
2481 3274 2572 3321 MJ-

1451 3331 1591 3363 sterium
1606 3351 1615 3362 .
