2605 3624
268 111 325 153 26

211 190 270 226 itii
307 186 362 225 ‹ch
401 183 737 239 justificationem
777 182 1024 234 purgationis
1053 184 1068 232 (
1098 185 1151 222 sic
1181 185 1328 237 legebat

211 241 253 280 S.
285 241 472 287 Thomas,
520 238 584 275 sed
613 236 787 275 Maurini
816 235 944 287 legunt
986 234 1041 272 ad
1069 237 1327 291 significatio-

210 306 306 331 nem
346 294 593 344 purgationis
622 290 638 339 )
668 288 822 327 valebat
849 290 898 329 ζῆ·
928 292 970 325 in
997 291 1169 339 parrulis
1208 297 1325 345 origi—

211 347 317 383 nalis
337 376 348 393 ,
379 349 593 396 veterisque
620 347 801 393 peccati,
830 346 929 380 sicut
952 343 1001 383 Θ·
1022 342 1240 393 baptismus
1271 344 1327 384 cx*

207 399 273 436 illo
302 398 433 436 valere
461 402 579 451 caepit
607 397 663 435 ad
691 400 985 435 innovationem
1027 395 1196 437 hominis
1218 430 1228 448 ,
1271 413 1324 438 ex

205 465 280 503 quo
300 461 358 490 est
386 457 610 490 institutus.
639 451 766 499 Quam
795 450 1008 488 doctrinam
1028 450 1069 489 S.
1087 450 1195 490 Pater
1223 454 1324 492 mul-

204 506 252 543 tis
281 504 368 544 aliis
398 508 436 544 in
466 506 559 544 locis
588 507 638 544 ita
666 513 879 543 constanter
907 505 1069 555 repetit,
1099 516 1139 543 ut
1166 507 1213 545 de
1241 507 1324 559 ejus

204 560 364 597 veritate
391 561 643 597 certissimum
674 573 711 597 se
731 559 847 596 fuisse
874 558 1067 596 ostendat.
1097 558 1188 597 Vid.
1218 562 1256 598 in
1287 575 1323 598 e·

204 613 293 664 pist.
313 612 585 651 CLXXXVII.
606 612 654 650 ad
674 612 896 650 Dardanum
913 624 947 649 c.
973 624 1056 659 11.,
1087 611 1154 651 11111
1185 615 1324 666 iuquit:

208 664 464 704 circumcisio
492 669 665 717 antiquis
694 665 854 703 Sanctis
880 676 951 715 pro
966 663 1171 714 Baptismo
1188 666 1325 718 fuisse

201 719 400 758 creditur.
430 720 479 759 Et
498 719 587 758 Lib.
605 720 651 757 11.
680 728 810 757 contra
838 718 979 756 litteras
996 717 1171 758 petiliani
1201 735 1235 758 c.
1259 733 1322 772 72.

207 771 324 812 Certe
335 771 350 821 ⁴,
381 774 532 825 iuquit,
562 776 749 824 antiquiss
775 772 939 823 populus
957 770 1036 810 Dei
1055 776 1322 812 circumcisio-

203 839 300 865 nem
329 840 399 876 pro
429 827 636 879 Raptis-mo
664 824 864 871 habebat;
892 839 1033 878 nempe
1061 835 1244 879 quantum
1275 829 1323 866 ad

201 882 419 919 remedium
436 889 565 919 contra
582 889 778 932 peccatum
794 879 993 930 originale,
1009 882 1187 933 quamvis
1201 894 1322 933 quan-

201 943 284 971 tum
313 935 360 972 ad
390 933 603 972 efficaciam
632 933 814 985 operandi
843 932 1022 985 aliquod,
1053 946 1234 986 magnum
1263 935 1322 973 di-

200 988 367 1026 scrimen
398 989 497 1025 inter
527 995 731 1038 utrumque
759 986 1052 1025 Sacramentum
1081 990 1155 1036 sit,
1187 996 1226 1027 ut
1255 1002 1322 1041 po-

197 1050 277 1078 stea
303 1042 400 1079 duce
430 1039 615 1091 Angelico
642 1040 878 1078 ostendemus
907 1040 970 1091 (a)
987 1066 998 1078 .

262 1106 350 1144 ¹7¹·
380 1092 514 1146 Neque
543 1106 634 1132 vero
664 1091 871 1146 peculiaris
901 1092 984 1132 liaec
1004 1093 1078 1132 suit
1105 1094 1221 1133 solius
1242 1096 1321 1133 Au·

199 1147 343 1199 gustini
372 1148 580 1196 sententia,
611 1155 650 1184 ut
678 1147 836 1199 quidam
866 1148 982 1186 nimis
1011 1147 1244 1186 confidenter
1263 1162 1321 1187 as-

197 1209 348 1238 serunt.
390 1200 490 1238 Nam
520 1200 652 1238 saltem
682 1208 765 1252 post
794 1208 962 1239 exortam
1006 1199 1185 1240 Iiaeresim
1215 1202 1322 1242 Pela-

197 1255 351 1305 giauam
369 1283 379 1300 ,
421 1265 510 1305 quae
540 1254 703 1307 dogmati
734 1254 997 1293 transfusionis
1035 1257 1177 1307 peccati
1206 1257 1322 1307 origi·

197 1305 300 1345 nalis
329 1305 581 1355 illustrando,
625 1306 659 1343 δε
687 1307 950 1346 confirmando
989 1311 1225 1347 occasionem
1255 1310 1319 1346 de-

200 1360 256 1397 dit
277 1389 288 1408 ,
319 1359 430 1398 multi
451 1359 580 1398 Sancti
603 1359 745 1409 Patres,
778 1362 975 1413 praecipue
1003 1361 1112 1400 latini
1130 1393 1141 1411 ,
1170 1375 1319 1400 omnes—

197 1423 274 1464 que
304 1413 384 1450 fere
413 1412 599 1465 Theologi
628 1413 853 1452 Scholastici
885 1416 925 1452 in
943 1415 1144 1466 Augustini
1172 1426 1319 1455 senteu-

197 1468 291 1504 tiam
336 1466 541 1514 inanibus,
585 1467 821 1518 pedibusque
864 1468 1042 1516 iverunt,
1089 1478 1319 1518 statuentes,

194 1519 523 1565 Circumcisione,
561 1527 640 1556 tam
670 1520 708 1555 in
739 1517 1049 1571 adultis,'quam
1080 1522 1118 1559 in
1148 1523 1320 1574 parvulis

196 1573 314 1610 fuisse
342 1581 542 1622 peccatum
578 1570 768 1623 originale
796 1573 1019 1623 expiatum3
1068 1583 1107 1611 ut
1135 1588 1223 1612 mox
1253 1590 1320 1626 pa-

193 1625 316 1664 tebit.
347 1625 448 1662 Inter
464 1634 604 1663 veteres
633 1635 760 1662 tamen
790 1637 859 1676 pro
879 1625 1011 1663 eadem
1040 1628 1222 1664 sententia
1242 1641 1318 1667 non

194 1679 388 1717 immerito
424 1677 602 1716 laudatur
629 1677 670 1716 S.
700 1677 925 1715 Ambrosius
945 1707 956 1725 ,
999 1677 1110 1730 cujus
1140 1681 1319 1731 Augusti-

193 1745 268 1771 nus
297 1733 477 1784 frequens
507 1732 578 1770 fuit
614 1731 794 1770 auditor.
843 1731 917 1769 Hic
947 1732 1047 1770 eniin
1095 1733 1136 1770 in
1165 1733 1255 1771 Lib.
1270 1734 1320 1772 ΙΙ.

195 1786 262 1824 De
291 1784 500 1824 Abraham
521 1798 555 1822 c.
582 1797 642 1822 11.
665 1814 692 1832 ,,
713 1783 875 1835 Egregie
896 1793 1020 1822 autem
1039 1815 1049 1832 ,
1080 1789 1203 1836 inquit
1219 1816 1229 1833 ,
1260 1787 1319 1825 in-

197 1868 226 1889 „
256 1839 385 1878 1101100
414 1839 457 1877 in
486 1838 623 1891 primis
651 1837 840 1889 vagitibus
858 1838 1088 1877 circumcidi
1116 1853 1240 1878 mares
1254 1838 1318 1878 lex

240 2004 287 2041 (a)
314 2000 348 2033 S.
368 1999 404 2033 P.
419 1999 635 2045 Augustinus
665 1999 707 2034 ad
731 1999 824 2033 hanc
849 2001 1060 2035 sententiam
1086 2003 1317 2048 comproban-

194 2046 276 2081 dam
302 2047 468 2080 utebatur
505 2047 611 2081 etiam
653 2047 696 2080 iis
722 2046 838 2080 verbis
866 2048 953 2080 Gen.
973 2049 1088 2082 XVII.
1121 2050 1173 2083 15.
1194 2072 1204 2090 ,
1240 2060 1318 2094 quae

196 2106 240 2127 ex
267 2104 369 2138 greca
389 2094 502 2127 LXX.
529 2095 680 2138 Interpr.
719 2093 877 2127 versione
904 2094 952 2127 ita
979 2095 1139 2139 legebat:
1176 2096 1320 2131 Mascu-

194 2142 269 2180 lus,
295 2145 348 2183 qui
364 2153 428 2173 non
444 2142 707 2174 circumcidetur
720 2152 822 2173 carne
846 2145 1000 2184 praeputii
1029 2146 1081 2175 sui
1099 2150 1217 2176 octavo
1231 2146 1290 2177 die
1306 2168 1318 2187 ,

193 2187 354 2220 interibit
379 2191 491 2220 anima
516 2189 581 2221 illa
605 2189 649 2221 de
680 2199 805 2231 genere
831 2200 889 2220 suo
910 2209 921 2228 ,
962 2192 1039 2233 quia
1079 2197 1318 2224 testamentum.

192 2246 297 2266 meum
321 2234 532 2276 dissipavit.
574 2233 627 2267 Ex
655 2230 719 2267 lioc
746 2234 844 2266 textu
872 2231 974 2278 plura
1002 2235 1036 2268 S.
1062 2235 1194 2269 Docror
1219 2238 1318 2270 colli-

193 2277 319 2324 gebat:
346 2285 454 2323 primo
480 2279 615 2313 illatam
639 2280 751 2324 legem
776 2289 844 2313 non
870 2282 1041 2325 respicere
1066 2281 1203 2316 adultos
1222 2305 1232 2323 ‚
1259 2282 1318 2318 sed

195 2324 373 2366 infantes,
408 2334 553 2370 propter
577 2325 637 2359 illa
663 2325 793 2360 verba:
820 2327 948 2360 Octavo
973 2330 1059 2361 die.-
1098 2332 1248 2363 secundo
1276 2332 1318 2363 il-

191 2371 265 2405 lam
280 2371 598 2405 interminationem
614 2386 622 2404 1
639 2374 923 2408 interibitanima
942 2377 1007 2408 illa
1031 2375 1075 2408 de
1091 2386 1216 2420 genere
1237 2391 1316 2417 sno,

195 2415 391 2461 significare
416 2426 564 2450 mortem
590 2427 781 2453 aeternam:
810 2424 939 2461 tertio,
966 2433 1047 2454 cum
1074 2423 1222 2456 infantes
1248 2434 1316 2457 non

194 2471 336 2509 possent
360 2474 435 2495 esse
459 2463 509 2495 rei
535 2464 671 2496 violatae
696 2466 781 2510 Iegis
805 2467 1117 2509 Circumcisionis,
1142 2478 1235 2503 recte
1262 2471 1317 2504 in-

194 2509 355 2549 ferebat,
380 2520 437 2541 eos
462 2520 530 2541 non
557 2510 623 2541 alia
650 2508 691 2542 de
716 2522 818 2545 031153
836 2523 952 2547 morte
977 2525 1109 2549 aeterna
1133 2513 1315 2557 damnari,

195 2567 302 2601 quain
328 2563 470 2600 propter
494 2555 662 2599 originale
688 2566 895 2600 peccatum,
920 2561 1012 2604 quod
1037 2562 1111 2595 sine
1129 2562 1316 2596 circumci-

193 2603 290 2636 sione
305 2601 412 2634 deleri
440 2613 504 2634 non
531 2609 697 2645 poterat3
722 2614 760 2634 ea
777 2603 884 2637 ferme
911 2608 1046 2640 ratione
1068 2629 1079 2648 ,
1104 2620 1172 2652 qua
1198 2611 1232 2642 in
1252 2611 1318 2644 Le—

197 2657 240 2693 ge
266 2660 356 2682 nova
382 2648 480 2692 pueri
510 2658 578 2680 non
604 2647 772 2692 baptizati
798 2648 1008 2683 damnantur
1026 2674 1035 2691 ,
1077 2665 1148 2687 non
1174 2666 1318 2701 propter

193 2695 425 2727 violationem
452 2694 536 2737 legis
562 2694 730 2738 Baptismi
746 2715 757 2734 ‚
793 2694 849 2726 sed
878 2705 1017 2741 propter
1040 2709 1222 2742 peccatum
1247 2705 1319 2736 ori-

195 2741 313 2785 ginis,
345 2738 437 2784 quod
462 2740 535 2772 sine
561 2740 739 2784 Baptismo
766 2752 831 2774 non
856 2743 1017 2775 tollitur.
1056 2744 1145 2777 Hinc
1173 2747 1231 2779 illa
1255 2759 1319 2793 po.—

195 2796 328 2821 streina
353 2786 481 2820 verba:
508 2786 599 2831 Quia
626 2795 861 2820 testamentum
886 2801 988 2822 meum
1012 2791 1223 2834 dissipavit,
1249 2806 1316 2828 non

197 2833 240 2867 de
274 2841 405 2878 pacto,
439 2832 495 2864 vel
529 2841 740 2867 testamento
773 2833 1039 2870 Abraliainitico
1072 2837 1316 2882 intelligebat,

195 2878 256 2914 sed
283 2878 324 2912 (le
361 2887 573 2912 testamento
599 2880 716 2923 primo
735 2901 746 2920 ,
787 2893 845 2913 seu
883 2880 924 2914 (le
961 2891 1063 2927 pacto
1087 2881 1286 2919 Adaini'tioo
1305 2909 1316 2927 ‚

195 2923 290 2973 quod
324 2937 442 2958 omnes
476 2922 638 2958 lis-mines
665 2927 699 2959 in
725 2925 861 2960 Aetamo
885 2926 1120 2973 dissiparunt.
1160 2931 1240 2964 Haec
1264 2942 1316 2966 est

196 2972 345 3008 celebris
371 2972 431 3004 illa
455 2972 649 3016 expositio,
676 2984 744 3016 qua
771 2975 804 3005 S.
821 2973 950 3007 Doctor
976 2983 1095 3008 contra
1117 2976 1315 3021 Pelagianos

195 3028 240 3053 ex
268 3018 541 3052 Circumcisione
583 3018 753 3062 probabat
779 3020 1049 3054 transfusionem
1085 3022 1219 3066 peccati
1246 3026 1318 3057 ori—

195 3066 350 3111 ginalis,
374 3067 405 3097 ἃ
429 3075 470 3097 ex
498 3076 566 3109 qua
589 3066 750 3105 eruitur,
786 3067 1099 3100 circumcisionem
1125 3069 1230 3102 fuisse
1255 3069 1319 3104 da—

195 3121 271 3145 tam
298 3111 497 3144 Abraliamo
516 3132 527 3151 ‚
558 3110 704 3156 ejusque
728 3113 876 3156 posteris
903 3114 937 3145 in
961 3113 1157 3147 remedium
1181 3117 1315 3160 peccati

196 3157 398 3202 originalis.
425 3158 475 3190 Ea
500 3157 660 3201 pluribus
688 3158 721 3190 in
749 3160 832 3191 locis
858 3170 942 3192 usus
966 3169 1019 3192 est
1046 3161 1079 3192 S.
1107 3161 1232 3202 Pater,
1257 3161 1318 3195 sed

195 3205 370 3249 praecipue
398 3204 476 3236 Lib.
497 3203 594 3237 XVI.
620 3203 676 3238 De
702 3207 775 3238 (iia.
803 3203 872 3237 Dei
896 3216 971 3249 cap.
995 3217 1078 3250 27.:
1104 3208 1264 3251 quamvis
1290 3210 1320 3241 i-

196 3250 315 3285 bidem
329 3250 503 3295 permittit
518 3272 529 3290 ,
549 3250 607 3284 illa
625 3250 750 3284 verba:
779 3256 856 3294 quia
874 3261 1107 3286 testamentum
1121 3266 1223 3286 mcum
1241 3256 1318 3287 clis-

197 3301 350 3341 sipcwit,
374 3308 471 3340 posse
496 3297 602 3330 etiam
628 3299 748 3330 referri
777 3296 819 3330 ad
845 3307 1094 3333 testamentum
1107 3300 1318 3334 Abraliami-

198 3346 309 3378 ticum
329 3364 341 3384 ,
364 3341 554 3379 dummodo
572 3342 874 3380 animadvertatur
889 3366 900 3387 ‚
927 3347 1080 3381 animam
1105 3348 1245 3394 parvuli
1263 3348 1317 3383 in-

976 97 1243 147 0155011.
1276 103 1310 147 1.
1343 102 1472 148 cAP.
1507 103 1561 148 v.
1595 105 1630 160 ς.
1662 104 1716 147 11.

1395 214 1423 234 ,‚
1451 183 1587 236 jubet,
1630 186 1744 223 etiam
1775 183 2023 230 vernaculos3
2064 182 2156 237 quia
2185 182 2280 222 sici-it
2308 183 2358 223 ab
2387 184 2512 224 infan-

1394 267 1420 287 „
1450 239 1503 276 tia
1524 248 1745 291 peccatum,
1775 238 1827 277 ita
1855 239 1904 278 ab
1926 238 2085 278 infantia
2115 239 2384 277 circumcisio.
2416 239 2512 276 -..il-

1395 322 1421 340 ,‚
1451 291 1533 330 lum
1564 303 1711 345 tempus
1747 305 1913 331 vacuum
1956 292 2065 331 debet
2093 306 2170 330 esse
2217 292 2372 340 tutelae,
2420 293 2514 343 quia

1391 375 1418 394 „
1446 345 1601 384 nullum
1631 354 1681 384 est
1722 345 1848 398 culpae
1879 361 2044 385 vacuum
2066 371 2138 384 .....
2159 345 2243 384 Non
2281 359 2392 384 senex
2424 357 2512 396 ergo

1392 428 1418 447 „
1450 398 1691 451 proselytus,
1736 412 1802 438 nec
1845 401 1970 438 infans
2012 399 2238 439 vernaculus
2287 400 2509 450 excipitur,

1392 481 1418 500 ,‚
1447 453 1540 504 quia
1567 452 1689 490 omnis
1719 460 1808 490 aetas
1837 463 1990 506 peccato
2017 453 2181 491 obnoxia
2210 462 2288 502 est,
2319 452 2453 490 &ideo
2472 464 2514 489 ο-

1392 534 1419 554 „
1449 507 1545 543 miiis
1576 515 1665 543 aetas
1695 505 1940 544 Sacramenta
1969 507 2103 545 idonea
2133 505 2189 557 (b)
2212 506 2233 522 ''
2251 532 2263 544 .

1430 571 1538 612 μιν.
1568 557 1642 595 Sed
1663 567 1789 610 postea
1810 573 1991 610 magnum
2015 561 2265 611 Augustinnm
2287 559 2403 597 secuti
2425 565 2512 597 sunt

1391 611 1467 649 duo
1496 612 1671 650 fidissimi
1692 610 1775 662 ejus
1794 612 1974 663 discipuli
1992 612 2170 665 Prosper,
2199 612 2233 649 ἃ
2257 612 2482 664 Fulgentius
2499 642 2512 659 ,

1392 674 1522 704 auetor
1551 667 1641 703 item
1671 665 1837 703 incertus
1867 665 1956 703 Lib.
1976 663 2040 703 De
2066 665 2387 716 promissionibus
2408 695 2420 714 ‚
2461 666 2512 705 <9¹

1390 718 1706 770 praedictionibus
1736 718 1814 756 Det
1857 719 1896 756 iii
1928 719 2106 770 Append.
2136 719 2309 769 Operum
2352 718 2394 756 S.
2424 718 2512 756 Pro-

1391 774 1491 824 speri
1508 787 1527 819 ;.
1549 772 1583 810 8<
1612 782 1743 811 auctor
1771 772 1861 810 Lib.
1891 770 1956 811 De
1984 775 2187 811 vocatione
2215 774 2395 808 omnium
2414 784 2513 823 gen-

1390 830 1489 863 tium
1507 855 1518 874 ,
1548 826 1694 880 aliique
1723 827 1863 878 passim
1881 851 1892 863 .

1451 881 1539 932 175.
1567 880 1642 919 Sed
1672 892 1752 932 prae
1783 881 1916 918 ceteris
1956 878 2081 917 audiri
2110 886 2278 917 meretur
2306 878 2347 916 S.
2368 877 2513 928 Grego-

1390 933 1470 970 rius
1500 933 1601 985 Papa
1621 964 1632 981 ‚
1675 934 1742 985 qui
1773 933 1862 972 Lib.
1885 931 1952 971 IV.
1982 932 2206 970 Moralium
2236 946 2270 970 c.
2293 932 2331 971 5.
2362 932 2510 983 inquit:

1393 985 1506 1036 Quod
1535 986 1642 1038 apud
1670 999 1743 1024 nos
1772 987 1875 1024 valet
1904 999 2014 1037 aqua
2043 985 2323 1037 baptismatis,
2371 983 2441 1022 lzoc
2469 997 2510 1022 e·

1386 1044 1445 1091 git
1474 1039 1581 1090 apud
1608 1049 1756 1079 veteres
1773 1070 1783 1088 ,
1813 1041 1871 1077 rel
1899 1053 1968 1090 pro
1988 1040 2159 1091 pirre-ulis
2187 1040 2275 1077 sola
2282 1038 2422 1091 fides,
2452 1038 2512 1075 vel

1387 1106 1458 1144 pro
1486 1092 1706 1146 majoribus
1735 1097 1853 1131 virtus
1883 1093 2104 1146 Sacrificii,
2146 1093 2204 1131 vel
2231 1106 2301 1143 pro
2330 1091 2415 1139 his,
2445 1094 2511 1142 qui

1390 1159 1444 1185 ex
1477 1146 1643 1185 Abrahae
1663 1152 1783 1199 stirpe
1797 1146 2022 1196 prodierunt
2039 1177 2049 1195 ,
2080 1151 2319 1200 mysterium
2340 1149 2512 1182 circum-

1388 1204 1573 1239 cisionis.
1603 1202 1703 1250 Quae
1734 1201 1853 1240 verba
1883 1201 2130 1238 inveniuntur
2159 1202 2274 1238 etiam
2305 1200 2344 1237 111
2367 1199 2510 1235 Decre-

1389 1262 1425 1291 to
1455 1255 1630 1293 Gratiani
1661 1253 1701 1292 P.
1718 1255 1783 1292 111.
1814 1253 1878 1292 De
1910 1252 2096 1292 Consecr.
2127 1253 2228 1292 Dist.
2244 1252 2314 1290 IV.
2343 1265 2427 1289 can.
2447 1253 2485 1289 5.

1446 1307 1535 1358 174.
1566 1309 1721 1346 Accedit
1750 1321 1880 1346 vener.
1910 1307 2032 1355 Beda,
2074 1308 2145 1360 qui
2173 1309 2212 1346 in
2242 1321 2277 1345 c.
2306 1307 2354 1343 Il.
2394 1305 2513 1343 Lucae

1383 1361 1730 1400 Circuincisioiiem
1760 1362 1853 1400 dicit
1882 1366 2079 1411 praecipue
2100 1360 2332 1412 significasse
2361 1359 2512 1396 donum

1385 1418 1658 1464 remissionis,
1695 1415 1797 1467 quod
1825 1415 1990 1453 solveret
2019 1428 2048 1452 a
2076 1424 2241 1466 peccato
2267 1416 2514 1464 praevarica-

1387 1472 1504 1506 tionis
1535 1467 1661 1506 Ailae.
1700 1467 1811 1517 Quod
1841 1468 1977 1520 probat
2006 1482 2081 1506 una
2108 1482 2198 1506 cum
2226 1467 2268 1507 S.
2300 1467 2512 1518 Augustino

1388 1534 1433 1558 ex
1463 1521 1533 1559 illa
1561 1523 1883 1561 commiuatione:
1913 1520 2154 1573 Masculus,
2184 1523 2299 1575 cujus
2326 1524 2512 1571 praeputii

1386 1586 1484 1612 caro
1511 1579 1752 1613 circumcisa
1780 1588 1862 1613 non
1879 1574 2037 1627 suerit,
2080 1573 2216 1626 peribit
2252 1578 2396 1612 anima
2440 1575 2513 1612 illa

1386 1625 1436 1664 de
1462 1628 1601 1676 populo
1629 1638 1716 1677 tuo,
1746 1633 1840 1679 quia.
1867 1638 2031 1678 pactum
2056 1642 2190 1666 meum
2210 1632 2366 1666 irritum
2376 1625 2482 1678 fecit
2499 1652 2513 1667 ο

1388 1678 1517 1726 Quam
1548 1683 1883 1720 comminationem
1915 1691 2110 1732 comparat
2137 1695 2228 1719 cum
2257 1681 2327 1720 illa
2341 1681 2513 1720 Salvato-

1389 1733 1442 1769 ris
1470 1736 1586 1772 nostri
1608 1733 1715 1772 Joan.
1734 1736 1798 1773 lll.
1827 1734 1918 1772 Nisa·
1946 1740 2032 1786 quis
2061 1743 2226 1772 renatus
2241 1733 2374 1786 fuerit
2393 1748 2447 1771 ex
2467 1747 2514 1772 a·

1388 1798 1469 1836 qun
1490 1816 1501 1834 ,
1539 1788 1588 1827 Θ
1619 1786 1766 1836 Spiritu
1794 1796 1964 1841 sancto,
2006 1801 2087 1826 non
2115 1796 2241 1839 potest
2270 1791 2434 1827 introire
2470 1791 2514 1826 in

1385 1851 1557 1891 regnum
1584 1838 1690 1895 Dei.

2368 1895 2459 1946 175.

1385 2001 1586 2035 circumcisi
1610 2001 1704 2047 juste
1743 2001 1886 2036 interire
1914 2012 1986 2036 non
2012 2013 2136 2048 posse,
2165 2004 2238 2036 nisi
2262 2003 2448 2046 originalis
2473 2016 2512 2036 o·

1387 2049 1578 2092 bligatione
1602 2053 1737 2093 peccati
1752 2072 1761 2080 .

1434 2095 1509 2128 Nos
1535 2095 1599 2129 liae
1639 2096 1754 2140 magui
1783 2095 1968 2139 Augustini
2005 2096 2139 2130 ratione
2176 2097 2229 2129 usi
2257 2108 2324 2129 non
2361 2108 2512 2138 sumus,

1385 2145 1494 2186 primo
1517 2143 1602 2186 quia
1627 2144 1661 2175 S.
1682 2142 1836 2175 Thomas
1863 2142 2139 2176 studiosissimus
2165 2144 2199 2175 S.
2215 2144 2377 2177 Doctoris
2402 2142 2510 2175 disci-

1386 2188 1516 2232 pulus,
1543 2187 1701 2221 eamdfm
1722 2200 1900 2232 nunquam
1928 2187 2114 2229 adhibuit3
2142 2202 2204 2222 nec
2229 2192 2335 2222 etiam
2363 2191 2403 2222 iis
2430 2200 2510 2221 ver-

1385 2235 1458 2268 bis:
1487 2234 1667 2268 Masculus
1682 2258 1691 2276 ,
1717 2236 1809 2282 cnjus
1834 2239 1988 2278 praeputii
2014 2247 2094 2269 caro
2114 2239 2177 2269 &c.
2203 2247 2285 2270 usus
2305 2243 2388 2275 est,
2412 2242 2449 2268 ut
2469 2247 2509 2268 o-

1386 2279 1587 2323 stenderet,
1621 2283 1937 2315 circumcisionem
1965 2283 2072 2315 l'ui'sse
2108 2282 2228 2316 datam
2254 2281 2296 2315 ad
2321 2281 2511 2315 delendum

1385 2336 1569 2372 peccatum
1596 2329 1766 2373 originis.
1803 2329 1988 2369 Secundo,
2019 2329 2102 2374 quia
2127 2329 2302 2374 expositio
2327 2330 2361 2362 S.
2387 2331 2511 2372 Augu-

1385 2374 1468 2406 stini
1495 2373 1644 2408 deducta
1672 2388 1714 2408 ex
1750 2384 1864 2418 graeco
1898 2377 1991 2409 fonte
2018 2376 2138 2409 multis
2157 2397 2168 2416 ,
2208 2379 2240 2409 ὃς
2265 2388 2332 2409 11011
2372 2376 2511 2409 levibus

1383 2420 1534 2454 obnoxia
1560 2431 1612 2455 est
1637 2421 1930 2463 difficultatibus,
1967 2432 2044 2468 quae
2078 2423 2271 2466 longiorem
2312 2433 2512 2456 sermonem

1384 2468 1588 2511 exigerent.
1629 2467 1868 2502 Veruntamen
1894 2470 1921 2502 si
1965 2470 2044 2514 quis
2070 2481 2127 2503 035
2160 2470 2272 2502 inulta
2314 2468 2511 2502 eruditione

1384 2514 1540 2555 solutas,
1567 2518 1598 2548 &
1617 2516 1650 2548 S.
1669 2517 1856 2559 Augustini
1884 2514 2081 2549 doctrinam
2107 2516 2263 2560 apprime
2290 2514 2508 2549 vindicatam

1381 2558 1500 2593 videre
1527 2564 1623 2606 cupit
1641 2585 1650 2602 ‚
1677 2561 1774 2595 adeat
1793 2559 2034 2596 doctissimum
2055 2563 2090 2596 P.
2106 2562 2162 2596 Jo.
2189 2563 2295 2596 Laur.
2316 2561 2410 2596 Berti
2426 2561 2507 2596 Lib.

1384 2604 1509 2640 XXX·
1537 2606 1591 2641 De
1617 2608 1735 2643 Tlteol.
1764 2609 1920 2653 Disclpl.
1948 2622 1978 2642 c.
1997 2609 2031 2652 4.

1435 2654 1482 2691 <bu
1513 2652 1624 2688 Video
1648 2654 1782 2689 laudari
1810 2657 1902 2689 inter
1925 2667 1982 2690 eos
2008 2665 2144 2691 veteres
2163 2677 2175 2697 ,
2200 2655 2359 2701 quiante
2386 2656 2510 2688 S.Au-

1387 2699 1567 2744 gustinuin
1593 2700 1812 2743 docuerunt,
1837 2704 2104 2736 circumcisione
2130 2702 2283 2735 deletum
2302 2701 2407 2733 fuisse
2429 2712 2510 2745 pec-

1387 2755 1504 2780 catum
1531 2747 1726 2790 originale,
1755 2748 1959 2791 lsycliium,
1997 2760 2056 2789 5,οη
2084 2747 2302 2790 Hesycliiiim
2327 2747 2506 2792 Jerosoly·

1384 2793 1560 2825 initannm
1578 2814 1589 2833 ,
1626 2794 1685 2837 qui
1712 2794 1747 2826 in
1772 2794 1838 2826 fine
1866 2795 1962 2827 Libri
1985 2795 2043 2826 111.
2081 2794 2115 2826 111
2144 2793 2340 2826 Leviticuin
2366 2797 2379 2831 (
2405 2794 2508 2826 Tom.

1386 2840 1466 2873 XII.
1495 2838 1657 2872 Bibliotli.
1696 2840 1860 2872 maximae
1887 2840 1946 2872 SS.
1973 2840 2036 2872 Pr.
2065 2838 2173 2884 Lugd.
2202 2851 2279 2884 pag.
2299 2840 2355 2882 118.
2383 2844 2395 2878 )
2420 2840 2508 2874 scri-

1385 2885 1464 2926 bit,
1496 2885 1667 2918 infantem
1693 2885 1979 2919 incircumcisum
2006 2887 2118 2930 perire
2143 2885 2302 2919 debuisse
2329 2884 2371 2918 110
2397 2897 2508 2931 popu·

1385 2932 1444 2972 10,
1479 2936 1556 2976 qnia
1583 2941 1664 2964 ante
1705 2935 2001 2966 circumcisionem
2026 2933 2282 2966 abominabilem
2308 2933 2407 2966 habet
2431 2944 2509 2964 car-

1383 2988 1479 3018 nem,
1506 2980 1547 3011 (9⁴
1564 2980 1824 3015 iminimdam....
1845 2979 2035 3013 Mimdaenr
2058 2987 2167 3013 antem
2192 2992 2252 3021 per
2270 2982 2505 3012 circumcisio-

1385 3033 1458 3057 nem
1479 3046 1489 3064 ,
1516 3037 1582 3069 ‹711ae
1608 3027 1787 3069 imaginem
1810 3030 1901 3067 gerit
1915 3030 2177 3059 resurrectionis
2195 3035 2410 3059 mortuorum·
2438 3023 2506 3056 Sed

1385 3067 1566 3103 fatendum
1591 3079 1641 3103 est
1662 3092 1673 3111 ,
1698 3071 1870 3105 incertam
1896 3085 1968 3105 esse
1995 3072 2100 3117 liujus
2129 3073 2314 3118 Scriptori's
2340 3079 2505 3104 &tatem-

1386 3116 1457 3149 Hos
1485 3117 1591 3149 libros
1616 3118 1722 3149 latine
1750 3115 1906 3163 >³:riptos'
1928 3120 2034 3152 fuisse
2061 3128 2228 3164 apparet,
2252 3117 2334 3160 quia
2364 3118 2397 3150 in
2420 3118 2503 3161 ipsis

1386 3165 1621 3196 communiter
1657 3162 1841 3198 adhibetur
1868 3166 1975 3199 latina
2001 3168 2115 3199 versio
2140 3165 2327 3206 Scriptiirae
2354 3175 2460 3196 saerae
2482 3176 2503 3197 a

1389 3210 1422 3240 S.
1440 3209 1656 3252 Hieronymo
1669 3209 1835 3244 adornata
1851 3234 1862 3253 ‚
1888 3225 1965 3256 111110
1991 3213 2127 3247 nonnisi
2144 3220 2219 3256 post
2240 3212 2269 3244 S.
2288 3212 2502 3256 Gregoriiim

1388 3255 1438 3288 Μ.
1467 3256 1501 3288 111
1529 3269 1591 3289 usu
1618 3269 1690 3289 0550
1730 3267 1847 3302 cta-pit.
1877 3258 1957 3292 Vid.
1985 3261 2084 3294 Rem-
2111 3258 2253 3291 Ceilli'er
2285 3257 2334 3290 lle
2371 3267 2501 3291 αιισόν.

1387 3304 1513 3335 eccels.
1544 3303 1642 3335 Τοιη.
1663 3304 1773 3337 XVII.
1802 3316 1876 3351 cap.
1893 3317 1947 3339 20.
1963 3318 1976 3345 3
2002 3307 2086 3338 item
2116 3304 2201 3337 Phil.
2225 3304 2382 3339 Labheus
2398 3305 2500 3340 'som-

1383 3350 1413 3384 Ι.
1439 3350 1475 3382 in
1493 3349 1659 3385 Bellariu.
1686 3349 1741 3386 De
1769 3352 2008 3397 Scriptoribas
2026 3354 2282 3389 ecclesiasticis
2297 3374 2306 3386 .
