2605 3624
244 136 299 184 40

188 210 281 248 dum
311 222 423 247 suum
453 218 520 257 per
547 205 705 258 signum
725 204 843 243 Clzisti
861 236 870 253 ,
898 205 947 246 ὅ)
967 210 1190 244 orationem
1211 220 1298 244 ma—

188 277 262 300 nus
289 263 543 313 impositionis
584 269 674 311 puto
703 259 984 312 sanctificari,
1025 260 1074 299 <J
1103 259 1203 310 quod
1230 274 1300 298 ac-

187 320 332 366 cipiunt
362 344 373 361 ,
419 316 598 362 quamvis
628 326 708 350 non
736 318 785 350 sit
826 326 964 362 corpus
997 312 1162 361 Christi,
1199 326 1294 350 san-

185 378 292 404 ctum
323 377 379 404 est
408 376 574 414 tamen,
603 367 652 406 Θ·
681 369 857 404 sanctius
885 380 1007 417 quam
1036 365 1133 414 cibi,
1163 367 1295 417 quibus

183 421 358 467 alimur,
388 424 577 470 quoniam
607 419 917 457 Sacramentum
949 429 1036 464 εει,-
1067 421 1133 457 ubi
1162 420 1295 458 Sacra·

183 475 300 511 menti
332 486 470 511 nomen
501 472 681 510 latissime
710 475 897 510 sumitur.
926 472 984 510 Ex
1013 485 1090 523 quo
1111 486 1196 524 ergo
1224 473 1295 510 ali—

181 528 333 578 quando
361 526 400 563 S.
423 525 464 564 P.
495 536 631 578 praeter
660 525 893 577 Baptismum
913 555 924 573 ,
955 525 987 560 8(
1017 525 1296 563 Eucliaristiain

180 579 367 617 nonnulla
396 579 473 617 alia
502 581 666 616 nominet
681 579 950 625 Sacramenta,
981 579 1112 615 inferri
1134 591 1208 616 non
1230 592 1295 630 po·

181 640 275 680 test,
307 632 416 681 liaec,
459 646 546 684 quae
576 633 771 680 nominat,
801 645 878 670 esse
905 631 1150 670 Sacramenta
1179 645 1294 680 vere,

181 684 216 721 8(
246 688 398 738 proprie
426 686 539 724 talia.

236 740 327 790 249.
361 739 497 791 Hesp„
528 751 592 776 nos
621 739 782 776 minime
812 737 1009 785 inficiari,
1053 751 1191 776 nomen
1219 737 1295 776 Sa-

179 797 406 840 cramenti,
438 802 513 829 tam
544 807 565 829 a
595 791 635 829 S.
657 791 698 829 P.
723 793 927 842 Augustino
945 821 954 838 ,
986 804 1100 842 quam
1130 792 1179 828 ab
1208 791 1294 830 aliis

177 846 313 897 priscis
330 845 510 884 Ecclesiae
532 844 759 883 Ductoribus
777 874 787 892 ,
817 844 1023 896 aliquando
1051 845 1150 881 sumi
1180 845 1218 881 in
1239 844 1293 881 la-

178 901 274 936 tiore
303 899 598 950 significatione:
646 898 708 934 sed
740 897 820 934 liaec
850 898 1019 947 exceptio
1060 896 1188 934 locum
1217 910 1292 936 nou

178 950 293 989 habet
315 982 326 999 ,
354 952 507 1003 quaudo
534 951 574 989 S.
606 950 744 987 Doctor
771 950 890 998 dicit,
929 949 1262 988 confirmationem
1279 981 1291 1000 ,

178 1004 417 1042 &Ordinem
448 1018 524 1041 esse
552 1004 628 1040 duo
655 1002 927 1050 Sacramenta,
957 1015 1044 1054 quae
1076 1004 1202 1041 iterari
1218 1016 1291 1043 non

173 1066 354 1110 possunt,
395 1058 486 1108 quia
528 1056 754 1108 imprimunt
791 1057 831 1094 in
873 1057 1001 1093 anima
1044 1056 1292 1095 indelebilem

175 1110 458 1157 characterem,
488 1109 814 1161 quemadmodum
844 1110 1032 1160 imprimit
1053 1110 1132 1162 ipse
1148 1110 1292 1161 Baptis-

174 1177 291 1201 mus.
334 1163 451 1201 Libro
480 1164 585 1201 enim
614 1163 662 1200 ll.
695 1161 847 1200 Contra
888 1167 998 1212 epist.
1029 1162 1293 1201 Parmeniani

171 1230 258 1268 cap.
279 1217 338 1254 15.
369 1215 493 1267 §.1X.
517 1216 569 1253 'de
598 1215 812 1267 Baptismo,
855 1216 888 1252 &
917 1217 1063 1254 Ordine
1090 1217 1204 1256 dicit:
1238 1215 1291 1254 U-

173 1278 355 1320 trumque
383 1269 697 1307 Sacramentum
727 1277 812 1318 est,
858 1270 907 1309 (9¹
935 1269 1114 1320 quadam
1152 1283 1287 1308 conse-

171 1327 353 1361 cratione
394 1322 542 1359 homini
572 1322 690 1360 datur
711 1348 797 1362 ......
818 1322 979 1373 ideoque
1007 1327 1048 1360 in
1081 1322 1285 1362 Catlzolica

169 1385 378 1427 utrumque
393 1389 473 1413 non
489 1377 577 1414 licet
593 1380 730 1414 iterari
750 1403 760 1414 .
790 1376 839 1415 Et
862 1377 947 1414 Lib.
970 1377 1015 1414 11.
1050 1376 1160 1414 Cont.
1191 1376 1285 1416 Litt.

170 1428 356 1466 Petiliam·
384 1443 470 1481 cap.
498 1429 584 1474 ¹04·
614 1429 663 1467 T.
693 1429 781 1467 Xll.
811 1429 1126 1467 Sacramentum
1158 1429 1286 1468 Chris-

171 1486 320 1529 matis,
351 1483 501 1532 inquit,
531 1486 571 1518 in
590 1495 737 1533 genere
766 1482 969 1519 visibilium
989 1484 1285 1535 signaculorum

168 1543 475 1573 sacrosanctum
504 1542 584 1582 est,
613 1538 714 1571 sicut
741 1537 823 1586 ipse
844 1534 1093 1583 Baptismus,
1123 1536 1192 1574 sed
1218 1550 1284 1587 po-

171 1598 246 1627 test
275 1601 361 1626 esse
389 1587 438 1628 Θ
468 1590 508 1624 in
538 1585 757 1625 hominibus
786 1591 994 1638 pessimis,
1023 1589 1170 1627 scilicet
1197 1604 1284 1641 pro-

168 1651 250 1694 pter
279 1641 563 1679 characterem.
608 1640 667 1678 En
695 1640 770 1678 duo
806 1639 882 1678 alia
913 1654 1023 1688 vera,
1067 1640 1100 1676 St
1131 1644 1284 1693 propria

169 1696 414 1733 Sacramenta
443 1702 582 1746 praeter
611 1693 845 1745 Baptismum
871 1723 881 1740 ,
910 1693 943 1730 8(
972 1692 1254 1732 Eucharistiam
1272 1726 1283 1745 ‚

165 1762 255 1801 quae
302 1756 451 1799 propter
491 1746 747 1785 characterem
793 1747 1021 1797 impressum
1063 1748 1191 1785 iterari
1221 1762 1284 1785 ne-

168 1811 339 1853 queunt.
370 1800 638 1838 Paenitentiam
665 1807 705 1836 ut
734 1813 896 1846 verum,
927 1799 1188 1850 &proprium
1217 1814 1284 1838 no-

168 1869 228 1894 vae
258 1854 349 1905 legis
372 1852 656 1891 Sacramentum
688 1854 851 1902 agnoscit
882 1852 1114 1901 Augustinus
1143 1854 1181 1890 in
1209 1853 1285 1892 fine

169 1907 261 1947 Lib.
283 1908 313 1944 l.
342 1905 406 1943 De
420 1905 652 1944 adulterinis
681 1907 875 1957 conjugiis
890 1904 939 1942 Τ.
963 1904 1061 1942 Vlll.
1091 1906 1283 1956 inquiens:

171 1960 276 2011 Quae
293 1959 576 2010 Baptismatis,
597 1958 741 1997 eadem
763 1959 1092 1996 reconciliationis
1113 1968 1170 1996 est
1190 1971 1285 1996 cau-

171 2027 249 2052 sa.
293 2013 587 2052 Matrimonium
617 2012 758 2064 pariter
788 2021 894 2049 vocat
925 2014 961 2049 iu
990 2026 1098 2049 sensu
1128 2013 1283 2063 proprio

167 2067 482 2105 Sacramentum
520 2068 558 2105 iu
587 2065 675 2104 Lib.
706 2064 769 2102 De
810 2064 909 2102 bono
951 2066 1154 2117 conjugali
1196 2079 1282 2117 cap.

172 2120 235 2159 18.
265 2120 315 2158 T.
335 2120 405 2158 XI.
424 2150 433 2167 ,
464 2118 498 2155 8(
526 2119 683 2171 quidem
713 2119 874 2169 saepius3
912 2128 1023 2170 atque
1052 2120 1105 2156 ita
1133 2118 1284 2156 conclu-

167 2174 251 2212 dit:
281 2173 329 2210 In
358 2181 584 2211 nostrorum
621 2176 756 2224 quippe
785 2175 926 2221 nuptiis
955 2172 1039 2220 plus
1059 2172 1161 2210 Valet
1190 2184 1284 2209 san-

167 2231 288 2265 ctitas
316 2225 606 2275 Sacramenti,
648 2238 772 2276 quam
790 2223 1039 2276 foecunditas
1071 2229 1197 2263 uteri.
1229 2226 1284 2262 Ac

169 2281 335 2331 denique
363 2279 585 2318 Extremam
627 2280 844 2316 unctionem
895 2279 1067 2330 indigitat
1109 2278 1197 2317 Lib.
1232 2277 1284 2317 V.

165 2333 232 2372 De
260 2333 467 2385 Baptismo
495 2347 530 2370 c.
561 2346 625 2370 20.
655 2345 857 2370 numerans
886 2333 981 2369 inter
1009 2331 1280 2380 Sacramenta,

199 2401 258 2424 uae
288 2401 310 2423 a
338 2385 451 2424 malis
481 2387 662 2424 ministris
690 2385 816 2423 valide
845 2385 1125 2433 conficiuntur,
1167 2384 1285 2422 bene-

167 2401 383 2478 iiictionem
415 2438 503 2476 Olei
534 2439 734 2488 tenebrae,
771 2450 848 2491 quo
875 2437 1018 2476 scilicet
1046 2438 1283 2490 ungebantur

164 2492 316 2531 infirmi
337 2518 348 2530 .
526 2517 529 2519 -

223 2546 315 2585 250.
345 2543 458 2583 Dices
486 2548 618 2583 tertio.
648 2545 752 2582 Idem
774 2545 930 2584 Sanctus
948 2545 1179 2596 Augustinus
1194 2545 1283 2584 Lib.

166 2600 235 2638 Ill.
266 2598 330 2637 De
359 2597 542 2635 doctrina
574 2596 804 2635 Christiana
833 2612 918 2648 cap.
948 2613 987 2650 9.
1017 2598 1067 2636 Τ.
1097 2599 1165 2637 Ill.
1193 2612 1283 2637 con-

168 2655 293 2691 ferens
322 2652 568 2690 Sacramenta
597 2660 719 2689 nostra
748 2664 836 2688 cum
866 2651 1120 2690 sacramentis
1150 2653 1286 2690 veteris

168 2705 287 2757 legis:
334 2704 533 2755 Quaedam
561 2716 693 2755 pauca
711 2734 721 2752 ,
751 2703 899 2755 inquit,
935 2716 1003 2752 pro
1033 2706 1186 2753 multis,
1215 2719 1283 2743 ea-

169 2758 335 2809 demque
351 2756 695 2809 factujacillima
712 2787 722 2805 ,
751 2756 800 2797 (9⁴
829 2757 1027 2794 intellectu
1054 2762 1285 2809 augustissi-

171 2824 243 2848 ma
261 2841 271 2858 ,
314 2811 362 2851 (θ’
390 2810 656 2849 observatione
686 2813 915 2848 castissima
948 2815 1030 2862 ipse
1060 2809 1284 2860 Dominus,

169 2865 219 2906 ζ’)
248 2864 471 2914 Apostolica
499 2864 662 2902 tradidit
691 2863 926 2915 disciplina,
969 2868 1082 2902 sicuti
1119 2873 1176 2902 est
1206 2864 1285 2902 Ba-

170 2921 358 2969 ptismus,
386 2918 436 2959 Θ·
455 2917 666 2958 celebratio
681 2921 851 2969 corporis
866 2945 878 2964 ,
906 2918 955 2959 (9‘
975 2921 1183 2970 sauguinis
1203 2917 1284 2957 Do-

219 3083 266 3116 (α)
297 3078 370 3111 Hoc
395 3078 547 3112 maxime
563 3079 749 3123 Augustini
775 3079 849 3112 loco
870 3080 1003 3113 exultat
1020 3080 1187 3113 Calvinus
1204 3081 1281 3116 Lib.

172 3125 232 3157 Vl.
260 3124 377 3157 Instit.
407 3136 481 3168 cap.
501 3135 554 3168 ¹9·
583 3126 631 3158 ita
658 3137 717 3157 nos
734 3126 970 3169 interrogans:
1000 3126 1067 3158 Car
1082 3130 1207 3160 nullum
1225 3129 1283 3160 hic

173 3174 265 3204 sacri
291 3174 444 3210 numeri,
472 3171 534 3203 hoc
560 3180 613 3204 est
640 3175 826 3215 sep‘enurii
853 3176 1051 3205 mentionem
1067 3173 1162 3215 facit
1181 3184 1195 3205 2
1225 3174 1282 3206 Aa

171 3219 357 3251 verisimile
383 3225 461 3257 est,
495 3221 792 3260 praetermissurum
807 3217 928 3260 [αἱς-(ε
947 3240 958 3258 ‚
999 3221 1028 3251 si
1055 3226 1132 3251 tunc
1147 3219 1284 3262 suimet

171 3267 209 3297 in
234 3263 400 3297 Ecclesia
426 3267 625 3297 institutus:
649 3267 834 3307 praes-ertim
859 3277 951 3307 quum
978 3268 1023 3296 sit
1049 3266 1139 3298 alias
1166 3269 1201 3297 in
1226 3267 1283 3297 ob-

173 3312 352 3343 servandis
388 3314 533 3343 numeris
559 3314 752 3350 curiosior,
787 3323 880 3353 quam
908 3323 1055 3344 azecesse
1083 3311 1183 3354 soret
1211 3315 1282 3345 &c-

172 3356 298 3391 Futilis
324 3356 574 3401 interrogatio,
611 3369 687 3402 quae
710 3358 741 3393 si
767 3357 839 3392 vim
864 3356 1033 3398 haberet,
1057 3358 1164 3394 etiam
1189 3366 1285 3395 vete-

1018 125 1283 170 DISSERT.
1307 126 1341 169 I.
1376 126 1503 170 CAP·
1534 126 1634 171 VH.

1367 194 1491 244 mffli.
1521 206 1599 246 Ubi
1628 206 1774 245 nonnisi
1802 204 1878 244 duo
1906 213 2089 244 memorat
2108 219 2217 246 novae
2238 206 2330 259 legis
2348 206 2482 246 Sacra-

1366 269 1519 305 menta3
1549 259 1626 298 alia
1654 273 1742 299 vero
1771 260 1903 298 saltem
1931 262 2041 298 tacite
2071 260 2258 308 excludit,
2288 275 2480 308 asserens,

1366 315 1512 351 nonnisi
1541 326 1672 365 pauca
1700 326 1770 364 pro
1799 313 1931 350 multis
1961 314 2074 351 fuisse
2108 329 2130 352 a
2151 312 2305 352 'Christo
2335 316 2482 351 institu-

1363 374 1399 403 ta
1428 366 1700 412 Sacrainenta3
1729 367 1829 418 quod
1859 380 1935 404 non
1965 376 2054 403 esset
2083 381 2216 406 verum
2234 397 2245 416 ,
2282 368 2313 405 si
2342 368 2381 405 in
2413 367 2484 404 Le·

1363 433 1407 470 gc
1428 418 1599 456 Mosaica
1619 421 1765 458 nonnisi
1786 427 1947 471 quatuor
1968 429 2071 458 erant
2100 420 2182 472 (V.
2200 434 2284 472 sup.
2301 434 2339 458 n.
2360 419 2478 471 71.)‚

1363 472 1397 507 &
1426 473 1464 509 in
1482 481 1620 522 „nostra
1648 482 1766 510 essent
1796 480 1938 524 septem
1961 473 2052 523 (a).

1418 525 1508 562 251.
1540 524 1689 575 Hesps.,
1718 524 1759 562 S.
1778 525 1980 562 Doctorem
2009 526 2141 564 eadem
2172 526 2249 564 sere
2278 526 2393 564 verba
2423 539 2481 562 re-

1363 586 1487 628 petere
1517 579 1555 615 in
1585 577 1705 628 Epist.
1728 577 1828 614 LlV.
1859 577 1905 614 ad
1925 578 2148 617 Januarium
2166 608 2177 627 ,
2206 579 2301 618 alias
2322 580 2408 617 118.
2431 578 2479 616 T.

1364 631 1441 678 IL,
1485 629 1518 666 δε
1549 641 1673 681 postea
1704 630 1787 667 liaec
1817 629 1893 667 alia
1921 631 2059 669 addere
2087 640 2212 670 notatu
2242 633 2481 684 dignissima:

1362 682 1420 721 Et
1448 687 1481 720 si
1510 683 1600 734 quial
1629 682 1740 721 aliud
1768 687 1808 719 in
1829 685 2030 733 scripturis
2049 689 2255 729 canonicis
2274 698 2482 722 commen-

1363 736 1510 774 datur:
1552 750 1715 789 quorum
1748 737 1951 774 verborum
1981 750 2106 774 sensus
2145 751 2219 775 non
2249 747 2330 786 est,
2372 738 2483 790 quasi

1360 790 1593 829 dubitaverit
1613 790 1653 827 S.
1671 789 1804 837 Pater,
1833 798 1896 827 aut
1925 791 2181 839 ignoraverit,
2211 790 2288 827 alia
2316 803 2394 827 esse
2414 791 2482 828 Sa-

1361 853 1553 881 cramenta
1595 844 1635 881 in
1675 844 1883 894 Scripturis
1924 845 2117 881 canonicis
2156 852 2481 889 commemorata;

1359 898 1446 948 quis
1474 899 1578 934 enim
1607 898 1841 948 suspicetur,
1871 897 2060 947 ignorasse
2090 910 2269 948 maguum
2302 897 2480 947 Augusti-

1359 963 1450 987 num
1469 980 1478 998 ,
1509 959 1624 1002 quot,
1654 949 1686 985 &
1717 963 1897 1002 quaenam
1918 959 2035 987 essent
2056 949 2301 988 Sacramenta
2322 951 2358 987 in
2378 950 2484 988 Scri-

1359 1004 1480 1054 pturis
1508 1002 1827 1041 commemorata?
1857 1001 1931 1041 Sed
1959 1017 2087 1041 sensus
2116 1011 2190 1040 est:
2222 1001 2276 1039 Et
2297 1002 2481 1054 quidquid

1359 1055 1470 1093 aliud
1490 1056 1586 1103 διας
1614 1057 1714 1108 quod
1744 1056 1897 1094 tradidit
1926 1057 2138 1108 expressius
2168 1056 2291 1094 Serm.
2314 1057 2341 1094 Ι.
2365 1058 2403 1094 in
2421 1056 2479 1094 Ps.

1358 1110 1456 1147 Clll.
1486 1124 1524 1147 n.
1555 1123 1593 1161 ς).
1624 1112 1674 1147 ita
1703 1123 1898 1148 recensens
1934 1123 2095 1148 munera
2125 1108 2309 1147 Ecclesiae
2332 1137 2342 1154 ,
2385 1108 2480 1146 Mu·

1360 1175 1433 1199 nus
1462 1162 1823 1200 Sacramentorum
1865 1166 1906 1199 in
1935 1163 2170 1212 Baptismo,
2213 1167 2254 1199 in
2284 1161 2480 1201 Euchari-

1360 1220 1465 1264 stia,
1494 1220 1536 1253 in
1566 1220 1705 1254 ceteris
1734 1220 1886 1253 sanctis
1915 1215 2224 1252 Sacramentis:
2267 1230 2343 1267 qua
2371 1216 2479 1253 addi-

1360 1271 1459 1306 tione
1488 1279 1614 1320 aperte
1643 1270 1825 1316 ostendit,
1854 1281 1891 1304 se
1920 1281 1995 1306 non
2026 1267 2150 1305 solum
2180 1266 2269 1305 liaec·
2293 1269 2368 1306 duo
2397 1282 2477 1305 me-

1354 1330 1498 1359 morata
1516 1351 1526 1368 ,
1556 1321 1617 1359 sed
1639 1321 1716 1358 alia
1737 1323 1848 1359 etiam
1871 1330 2107 1359 sacramenta
2127 1334 2325 1372 agnoscere
2343 1352 2353 1369 ,
2383 1335 2477 1374 quo-

1354 1388 1440 1411 rum
1470 1374 1564 1411 alibi
1586 1375 1785 1421 meminit,
1816 1375 1969 1425 quando
1982 1384 2192 1426 opportuna
2214 1374 2272 1412 illi
2303 1388 2380 1412 sese
2409 1374 2478 1412 oh·

1353 1427 1440 1464 tulit
1468 1429 1641 1465 occasio.
1671 1427 1806 1465 Nostra
1835 1440 1923 1466 vero
1943 1427 2187 1466 Sacramenta
2217 1437 2316 1465 recte
2344 1427 2477 1479 appel-

1353 1479 1480 1517 lantur
1509 1484 1701 1532 pauciora
1719 1511 1729 1529 ,
1759 1481 1852 1533 quia
1881 1482 2038 1519 unicum
2073 1482 2309 1532 poenitentiae
2339 1480 2476 1519 Sacra-

1353 1543 1521 1571 mentum
1552 1535 1817 1586 correspondet
1846 1533 1924 1572 illis
1952 1534 2132 1572 omnibus
2152 1543 2229 1572 tam
2252 1533 2382 1572 multis
2400 1564 2410 1582 ,
2441 1533 2475 1569 8t

1351 1595 1427 1624 tani
1457 1586 1683 1626 difficili-bus
1710 1587 1955 1626 observantiis
1985 1589 2120 1625 veteris
2149 1587 2288 1639 Legis,
2318 1601 2406 1640 quae
2437 1601 2476 1624 e-

1352 1649 1435 1677 raut
1463 1640 1511 1678 ad
1530 1643 1784 1693 expiationem
1807 1650 2048 1693 peecatorum
2072 1642 2294 1679 necessariae
2312 1671 2322 1689 ,
2354 1650 2394 1678 ut
2413 1654 2475 1678 su-

1350 1707 1419 1745 pra
1439 1708 1477 1731 n.
1497 1707 1560 1746 71.
1588 1708 1678 1732 cum
1707 1694 1748 1732 S.
1765 1694 1915 1732 Thoma
1944 1693 2258 1739 observavimus3
2287 1695 2389 1732 unde
2410 1708 2474 1733 ve-

1324 1776 1326 1779 .
1350 1760 1392 1784 re
1420 1747 1544 1785 dicere
1572 1749 1691 1800 potuit
1711 1748 1751 1785 S.
1774 1748 1941 1796 Doctor,
1969 1759 2102 1797 pauca
2132 1760 2200 1797 pro
2221 1747 2376 1794 multis,
2406 1760 2476 1784 ea-

1352 1799 1519 1852 demque
1534 1799 1660 1852 factu
1677 1799 1889 1852 facillima
1931 1801 2046 1839 fuisse
2075 1815 2097 1838 a
2125 1799 2275 1838 Christo
2303 1799 2474 1838 Domino

1352 1854 1518 1891 instituta
1539 1855 1783 1893 Sacramenta
1799 1881 1809 1893 .
1839 1854 2115 1893 Sacramenta
2133 1884 2143 1902 ,
2174 1854 2298 1905 inquit
2313 1853 2354 1891 S.
2370 1852 2478 1890 Tho-

1353 1920 1434 1943 mas
1456 1907 1557 1957 321³.
1576 1922 1643 1959 qu.
1664 1907 1731 1945 65.
1751 1918 1820 1945 art.
1843 1922 1875 1946 1.
1896 1909 1943 1944 ad
1964 1908 2002 1953 4.
2021 1937 2031 1956 ,
2061 1911 2101 1944 in
2132 1911 2250 1944 veteri
2278 1908 2364 1958 lege
2391 1907 2476 1956 plu-

1353 1970 1402 1994 ra
1418 1957 1591 2008 fuerunt
1618 1972 1806 2007 numero,
1837 1968 1991 2011 propter
2020 1959 2287 1998 diversitatem
2316 1959 2478 2013 sacrifi-

1353 2014 1525 2059 ciorum,
1553 2012 1602 2052 &
1631 2016 1992 2051 coeremoniarum.

1410 2065 1500 2101 252.
1531 2064 1642 2102 Dices
1658 2073 1820 2115 quarto.
1850 2064 1978 2103 Sancti
2000 2065 2124 2104 Patres
2144 2065 2214 2104 illa
2232 2066 2351 2105 verba
2371 2067 2475 2119 apud

1353 2118 1414 2155 JO.
1431 2116 1540 2171 XIX.
1557 2117 1646 2164 54:
1681 2115 1792 2155 Unus
1821 2119 1989 2156 militum
2018 2121 2166 2158 lancea
2195 2120 2298 2158 latus
2327 2122 2413 2173 ejus
2429 2134 2476 2157 a·

1353 2174 1501 2221 peruit,
1530 2172 1580 2211 (θ’
1609 2175 1794 2209 continuo
1822 2175 1939 2209 exivit
1969 2177 2136 2225 sanguis
2164 2173 2214 2213 C'D‘
2241 2187 2351 2224 aqua
2369 2204 2379 2222 ,
2410 2187 2475 2211 ex-

1354 2224 1496 2276 plicant
1523 2225 1568 2269 de
1589 2225 1734 2262 duobus
1755 2225 2011 2264 sacramentis
2031 2226 2284 2266 Eucharistiae
2305 2257 2316 2275 ,
2345 2227 2378 2264 Sc
2400 2228 2473 2264 Ba-

1352 2279 1506 2329 ptismi,
1535 2291 1624 2330 qnae
1654 2280 1814 2331 mystice
1842 2292 1888 2316 ex
1917 2289 2045 2331 aperto
2073 2280 2188 2318 latere
2216 2281 2355 2318 Christi
2387 2294 2474 2330 pro-

1353 2331 1504 2369 dierunt
1520 2357 1530 2369 .
1561 2332 1617 2370 lta
1646 2333 1745 2369 inter
1773 2330 1867 2369 alios
1886 2331 1926 2370 S.
1945 2333 2175 2386 Augustinus
2196 2334 2325 2373 Tract.
2346 2332 2473 2372 CXX.

1354 2384 1392 2421 in
1412 2384 1546 2423 Joann.
1576 2398 1614 2423 n.
1632 2398 1669 2422 2.
1690 2384 1737 2422 Τ.
1759 2383 1827 2422 1V.
1858 2386 2060 2438 inquiens:
2094 2385 2145 2424 Ut
2173 2388 2252 2425 illic
2281 2386 2474 2439 quodam-

1352 2437 1471 2475 modo
1499 2441 1588 2476 vitoe
1616 2442 1761 2476 ostium
1789 2438 2052 2489 panderetur,
2095 2440 2199 2479 unde
2229 2440 2474 2486 Sacramenf

1352 2499 1397 2528 ta
1428 2490 1625 2529 Ecclesiae
1655 2501 1948 2530 manaverunt.
1994 2492 2129 2532 Adhuc
2158 2495 2298 2531 clarius
2325 2494 2365 2533 S.
2395 2495 2475 2546 Cy-

1351 2543 1699 2584 rillus.Alexandr.
1729 2544 1818 2583 Lib.
1849 2545 1936 2583 Xll.
1966 2547 2004 2583 in
2033 2546 2143 2584 Joan.
2173 2545 2370 2594 Lancea,
2415 2548 2475 2584 in-

1352 2600 1459 2650 quit,
1488 2599 1591 2636 latus
1612 2600 1698 2652 ejus
1713 2597 1935 2649 perfodiunt
1952 2628 1962 2646 ,
1993 2598 2096 2637 uncle
2116 2611 2231 2637 cruor
2245 2612 2352 2649 aqua
2370 2603 2474 2636 mix-

1352 2660 1415 2688 tus
1443 2656 1650 2701 scaturiit,
1691 2651 1792 2703 quod
1820 2652 1986 2704 eulogiae
2015 2656 2224 2705 mysticae,
2262 2652 2311 2692 (9‘
2341 2655 2472 2689 saizcti

1352 2704 1615 2756 Baptismatis
1644 2710 1780 2758 imago
1800 2705 1988 2758 quaedam
2008 2714 2123 2744 erat.
2154 2704 2287 2744 Facile
2310 2713 2405 2743 'esset
2434 2719 2475 2742 a-

1352 2757 1406 2797 lia
1435 2758 1599 2797 aliorum
1629 2759 1783 2797 Patrum
1812 2761 2024 2797 testimonia
2060 2759 2345 2811 agglomerare,
2389 2759 2476 2810 qui-

1353 2813 1424 2850 bus
1453 2813 1616 2850 duorum
1646 2812 1906 2850 tantummodo
1935 2812 2270 2850 Sacramentorum
2300 2824 2345 2849 ex
2360 2810 2472 2850 Chri-

1354 2867 1401 2905 sti
1429 2864 1545 2903 latere
1576 2865 1848 2916 profluentium
1878 2865 1921 2903 fit
1951 2867 2118 2905 mentio.

1409 2919 1502 2959 255.
1531 2917 1643 2971 Resp.
1663 2947 1674 2968 ,
1718 2931 1790 2956 non
1820 2930 1951 2958 omnes
1979 2918 2105 2959 Patres
2134 2920 2175 2959 in
2208 2919 2371 2972 mystica
2392 2917 2471 3007 lhac

2373 2985 2386 3009 1
2406 2993 2422 2999 -

1353 3082 1402 3115 ris
1429 3080 1625 3114 testamenti
1652 3081 1875 3115 Sacramenta
1900 3082 2115 3127 explodenda
2140 3083 2284 3120 forent,
2309 3076 2391 3120 quia
2410 3088 2466 3110 eo·

1352 3139 1430 3161 rum
1459 3126 1719 3160 arithmeticum
1746 3140 1929 3161 numerum
1956 3141 2067 3174 neque
2104 3131 2139 3162 in
2168 3128 2273 3162 sacris
2309 3124 2436 3158 litteris
2457 3144 2470 3162 >

1352 3185 1461 3217 neque
1486 3185 1505 3205 a
1531 3174 1759 3218 scriptoribus
1786 3175 2039 3210 Ecclesiasticis
2067 3173 2335 3209 determinatum
2361 3171 2468 3203 habe·

1353 3232 1430 3253 mus
1450 3242 1459 3251 .
1497 3220 1665 3253 Praeterea
1691 3233 1789 3264 a‘quo
1812 3220 1891 3265 jure
1927 3233 2105 3266 possamus
2133 3224 2162 3252 &
2189 3230 2247 3252 nos
2275 3231 2292 3251 a
2320 3217 2469 3251 Calvino

1354 3266 1558 3307 sciscitari,
1584 3279 1645 3300 cur
1670 3268 1887 3311 Augustinus
1913 3269 2037 3302 nullibi
2063 3265 2213 3305 dixerit,
2239 3266 2303 3298 dizo
2329 3272 2468 3296 tantum

1351 3324 1424 3345 esse
1451 3325 1527 3346 vera
1547 3335 1557 3354 ,
1585 3317 1625 3346 (J
1651 3326 1809 3356 germana
1836 3315 1977 3347 Domini
2003 3315 2251 3353 Sacramenta,
2286 3321 2366 3346 cum
2391 3318 2463 3344 tam

1351 3358 1457 3394 fuerit
1485 3359 1521 3393 in
1545 3359 1771 3397 observandis
1796 3361 1951 3397 numeris
1976 3358 2175 3395 curiosior?
