2605 3624
803 135 884 181 DE
918 131 1286 179 REBAPTISMI
1318 133 1788 180 CONPROVERSIA
1808 165 1819 178 .

543 265 846 308 PROPOSITIO
861 293 873 306 .

153 378 311 419 ¹Nullius·
338 374 487 415 roboris
513 383 606 414 sunt
634 375 704 414 illa
735 383 974 424 momenta,
1003 373 1137 426 quibus
1166 374 1270 412 Mes-

203 435 326 471 sortus
352 430 519 482 probare
546 438 715 467 conatus
742 438 802 468 est
818 459 829 478 ,
861 430 1059 482 fictitiam
1087 442 1174 468 esse
1205 441 1269 466 ce-

203 483 348 523 lebrem
378 484 493 522 illum
520 482 750 533 rebaptismi
785 487 1096 522 controversiam
1138 481 1270 522 medio

199 541 355 578 circiter
382 538 488 578 Soec.
517 535 582 575 1V
580 563 591 576 .
620 546 811 576 exortam
827 564 839 576 .

201 712 290 738 120.
306 677 442 752 Opus
471 699 631 737 minime
659 707 733 746 est,
780 699 911 737 omnia
941 698 1012 737 illa
1052 698 1268 736 testimonia

142 750 208 792 liic
238 766 428 807 repetere,
468 766 554 805 quae
585 754 770 803 superiori
800 753 933 804 Capite
961 751 1076 789 allata
1106 760 1192 789 suut
1221 763 1268 789 ex

139 806 330 859 Cypriani
348 838 359 857 ,
389 806 422 843 ἃ
447 806 667 844 Firmiliani
698 805 890 857 epistolis,
921 817 964 842 ex
994 806 1267 843 Africanarum

140 859 385 912 synodorum
427 860 612 907 decretis,
656 858 690 894 &
717 859 957 909 responsione
999 857 1184 909 Stephani
1219 858 1264 896 R.

143 911 214 962 P.,
244 928 290 953 ex
322 914 476 953 historia
504 912 660 951 Eusebii
678 940 691 959 ,
721 925 765 948 ex
795 911 1033 963 Hieronymo
1053 941 1063 959 ,
1094 910 1235 949 Basilio
1254 942 1265 960 ‚

142 964 178 1003 ἃ
207 979 347 1020 magno
377 967 606 1017 Augustino,
652 964 686 1001 ἃ
715 978 804 1017 qnae
834 966 915 1016 ipsa
951 963 1040 1003 solis
1070 963 1156 1004 luce
1185 964 1265 1003 cla-

140 1020 244 1059 riora
271 1029 357 1058 sunt
385 1020 432 1057 ad
448 1017 689 1071 probandum
711 1019 866 1056 initium
885 1048 895 1065 ,
925 1030 1166 1079 progressum
1188 1047 1198 1065 ‚
1230 1018 1264 1054 ἀ

140 1074 351 1111 terminum
381 1071 497 1123 hujus
525 1084 676 1123 magnae
707 1080 975 1109 controversia:
994 1102 1004 1120 ,
1047 1086 1136 1124 quae
1167 1073 1263 1110 inter

139 1126 403 1175 doctissimos,
431 1125 733 1163 &sanctissimos
763 1126 862 1163 viros
891 1125 986 1173 diu,
1017 1126 1261 1178 multumque

137 1182 277 1232 agitata
306 1180 404 1220 fuit.
452 1177 562 1218 Nihil
591 1179 695 1216 enim
726 1179 884 1216 istorum
914 1179 1104 1230 ignoravit
1134 1182 1261 1218 erudi-

137 1235 303 1273 tissimus
331 1233 568 1272 adversarius
585 1262 596 1279 ,
624 1231 689 1270 sed
720 1233 818 1269 mira
846 1241 924 1270 arte
955 1232 1038 1271 haec
1065 1233 1193 1271 onmia
1224 1249 1262 1271 e-

136 1286 270 1325 ludere
296 1285 403 1326 nisus
430 1294 506 1325 est.
543 1285 652 1324 Nihil
683 1284 789 1324 aliud
819 1286 980 1338 proinde
1008 1285 1119 1326 nobis
1147 1302 1262 1339 agen-

135 1340 229 1380 dum
260 1350 338 1389 est,
379 1354 497 1394 quam
527 1353 571 1378 ea
599 1337 801 1386 refellere,
830 1353 919 1392 quae
949 1340 995 1378 ad
1026 1339 1261 1380 labefactan-

135 1394 186 1432 da
214 1393 299 1432 haec
326 1394 550 1433 firmissima
587 1393 814 1432 documenta
841 1393 1042 1432 Missorius
1071 1395 1260 1447 ingeniose

134 1456 374 1486 commentus
402 1456 454 1486 est
474 1473 486 1487 .

196 1514 284 1540 ι2ι.
313 1501 493 1540 Testibus
520 1509 647 1540 tamen
667 1501 827 1548 coaevis,
857 1499 919 1540 vel
940 1500 1019 1540 fere
1039 1503 1178 1542 coaevis
1198 1517 1260 1541 su-

135 1567 207 1608 pra
225 1553 353 1594 allatis
381 1555 472 1594 addi
503 1565 619 1607 potest
647 1556 761 1593 etiam
785 1555 989 1594 Facundus
1006 1557 1258 1595 Hermianeu-

134 1609 187 1647 sis
215 1622 287 1647 non
318 1608 440 1647 multo
479 1610 690 1662 posterior;
734 1609 864 1646 floruit
908 1611 1011 1647 enim
1056 1612 1095 1648 in
1127 1611 1260 1648 Africa

133 1660 234 1700 Saec.
264 1662 356 1710 V1.‚
397 1662 467 1714 qui
505 1664 545 1700 in
577 1662 695 1700 Libro
723 1661 775 1699 X.
814 1661 878 1700 De
919 1662 1040 1699 trihus
1077 1664 1260 1713 capitulis

135 1714 377 1766 Cyprianum
406 1715 525 1763 dicit,
561 1727 643 1752 non
670 1715 798 1752 solum
827 1719 1035 1763 privatim,
1064 1725 1105 1752 ut
1133 1720 1169 1754 ei
1206 1721 1258 1753 vi-

136 1779 228 1804 sum
255 1777 335 1816 est,
366 1780 501 1805 rerum
529 1772 654 1805 etium
682 1777 926 1819 congregato
957 1767 1132 1806 Concilio
1160 1769 1258 1822 defi-

135 1823 280 1859 nivisse
299 1851 312 1868 ‚
354 1830 394 1858 ut
421 1824 554 1859 omnis
594 1819 804 1859 haereticus
847 1821 903 1859 ad
931 1820 1165 1861 Ecclesiam
1195 1837 1256 1861 re-

135 1871 248 1911 diens
277 1873 518 1923 baptizetur,
563 1874 614 1915 ώ
640 1884 796 1925 propter
823 1873 894 1912 lzoc
936 1875 1140 1926 crispatum
1170 1876 1256 1915 Ste-

132 1925 266 1978 phano
293 1928 472 1966 Antt'stiti
487 1927 675 1965 Romano
702 1932 914 1976 restitisse,
942 1941 1138 1980 suamque
1165 1943 1254 1967 sen-

131 1983 302 2017 rentiam
330 1989 487 2031 quanta
512 1984 635 2030 potuit
677 1979 860 2018 humana,
902 1987 1254 2034 argumentatione

131 2031 180 2070 cle
201 2031 386 2073 endcsse.
428 2033 542 2082 Quod
586 2035 722 2084 repetit
765 2035 878 2072 etiam
910 2035 948 2072 in
980 2035 1098 2074 Libro
1125 2046 1254 2076 contra

131 2119 147 2126 -
180 2087 388 2126 octauum.
430 2087 505 2125 Sed
536 2088 760 2136 videamus,
807 2088 901 2139 quid
931 2097 1014 2138 tot,
1063 2091 1254 2144 tantisque

129 2143 389 2180 monumentis
417 2140 478 2179 vir
505 2141 775 2180 subtilissimus
802 2140 991 2192 objiciat.

190 2206 278 2233 122.
305 2195 441 2245 Capite
483 2195 599 2247 igitur
640 2198 766 2244 primo
794 2208 873 2233 suae
903 2195 1188 2236 Dissertationis
1216 2212 1254 2237 e-

162 2246 310 2286 istolam
338 2246 592 2297 Firmiliani,
632 2261 721 2300 quae
765 2249 864 2287 inter
903 2249 1157 2301 Cyprianicas
1199 2260 1253 2291 est

168 2299 325 2350 XXV.,
361 2301 411 2340 ab
439 2300 570 2353 aliquo
612 2301 912 2354 petulantissime
939 2303 1134 2343 Donatista
1164 2318 1254 2344 con-

131 2352 262 2392 fictam
303 2355 446 2403 fuisse,
494 2354 552 2394 his
581 2357 810 2407 argumentis
851 2355 1066 2408 conjectat.
1114 2357 1254 2397 Primo

128 2403 270 2445 Paulus
297 2407 498 2447 Manutius
526 2409 565 2447 in
597 2407 705 2448 Rom.
734 2411 898 2448 editione
926 2425 1010 2448 eam
1028 2411 1164 2450 Latino
1180 2412 1252 2450 La-

126 2460 223 2499 tinio
248 2474 400 2500 suasore
426 2463 580 2510 omisit,
612 2470 652 2500 ut
679 2465 817 2502 omissa
846 2465 953 2516 prius
982 2465 1105 2503 fuerat
1134 2465 1182 2504 ab
1199 2465 1251 2504 E-

127 2526 252 2552 rasmo
272 2544 285 2564 ,
311 2515 606 2568 diligentissimo
633 2515 806 2570 alioquin
834 2519 1069 2569 antiquitatis
1097 2520 1250 2558 investi-

126 2577 253 2616 gatore
273 2597 284 2618 ,
313 2570 353 2608 iu
381 2583 448 2608 sua
470 2569 714 2609 Froboniana
743 2571 904 2609 editione
921 2572 1092 2624 Operum
1108 2572 1149 2611 S.
1171 2574 1248 2625 Cy-

126 2619 251 2670 priani
268 2650 279 2669 ,
307 2621 342 2658 &
357 2622 407 2661 ab
421 2623 530 2670 aliis;
560 2623 762 2664 Morellius
781 2625 954 2663 omnium
979 2627 1126 2678 primus
1146 2641 1249 2664 eain-

127 2670 213 2710 dem
243 2675 431 2725 protulit.
460 2675 641 2715 Secundo
672 2678 739 2716 illa
769 2678 927 2730 epistola
957 2689 1007 2717 tot
1037 2681 1248 2728 conviciis,

129 2724 361 2776 maledictis,
389 2744 434 2768 ac
461 2731 670 2769 calumniis
699 2733 738 2770 in
769 2732 810 2769 S.
841 2730 1065 2772 Pontificem
1085 2733 1247 2785 Stepha-

128 2789 221 2836 num
252 2778 364 2830 plena
392 2792 470 2830 est,
500 2794 541 2822 ut
571 2783 668 2822 nihil
699 2784 1001 2836 amarulentius,
1044 2797 1107 2826 aut
1138 2787 1247 2839 flagi-

126 2831 256 2868 tiosius
271 2845 291 2869 a
308 2836 536 2886 nequissimo
556 2837 737 2877 haeretico
757 2842 948 2892 expectari
965 2851 1083 2895 posset
1100 2868 1109 2879 .
1142 2842 1247 2880 Tan-

126 2891 214 2945 tas?
249 2896 345 2944 ‘VJ-ro
383 2887 490 2926 rabie
518 2890 552 2926 ἃ
582 2892 710 2930 surore
756 2895 1027 2933 excandescere
1071 2896 1249 2947 potuisset

132 2936 385 2976 hrnnlmuus
411 2940 622 2996 Episcopus
642 2972 654 2990 ,
695 2949 915 2998 sanctitate,
946 2947 979 2984 8<
1009 2949 1176 2988 doctrina
1205 2951 1251 2988 iis

173 3093 223 3126 (αδ
255 3089 494 3126 Pulcherrima
518 3101 571 3126 est
589 3095 647 3129 illa
662 3098 831 3142 Cypriani
859 3100 1055 3138 admonitio
1083 3105 1116 3138 in
1135 3105 1237 3150 epist.

120 3135 254 3170 LXlX.
287 3151 295 3173 a
325 3138 357 3169 in
385 3137 466 3172 edut.
495 3141 606 3172 Oxou.
637 3144 721 3176 Lxx
740 3145 763 3175 Ι.
792 3151 834 3184 ),
858 3146 917 3179 nbi
944 3160 1046 3192 agens
1072 3150 1112 3183 de
1142 3163 1240 3184 reve-

119 3184 234 3215 rentia
267 3181 383 3217 dehita
421 3186 565 3219 summi>
599 3188 841 3223 Sacerdotibus
875 3193 973 3226 affert
998 3197 1078 3229 Jesu
1106 3198 1240 3230 Christi

122 3230 346 3274 exemplum:
369 3252 392 3271 „
417 3244 471 3264 cni
490 3245 567 3265 cuin
592 3233 726 3268 dictum
741 3244 829 3267 esset
846 3249 855 3265 τ
882 3238 937 3270 Sic
953 3241 1137 3284 respondes
1156 3248 1242 3275 ιόη-

124 3292 152 3312 ,,
177 3275 290 3309 tifici?
328 3276 560 3319 custodiens,
595 3284 626 3313 &
651 3280 775 3314 dor-ons
801 3282 1048 3318 sacerdotalem
1074 3287 1240 3322 honorem

124 3337 150 3358 υ
179 3323 307 3356 servari
330 3334 514 3370 oportere,
541 3337 660 3362 contra
687 3328 889 3362 Pontificem
914 3328 1004 3362 nihil
1029 3330 1147 3374 dixit3
1173 3341 1240 3368 tum

2322 154 2395 180 ¹01

1337 212 1572 264 temporibus
1602 215 1786 264 insignis,
1816 214 1914 254 &tot
1943 229 2117 257 evomere
2145 217 2267 275 impia
2295 217 2455 256 dicteria

1337 267 1376 304 in
1405 265 1619 318 apostolicae
1649 265 1690 303 S.
1721 265 1817 304 Petri
1848 268 1954 307 Sedis
1990 273 2223 310 antistitem(
2267 270 2365 310 Vide
2394 286 2456 310 su-

1336 333 1407 372 pra
1437 333 1546 358 num.
1568 320 1633 370 75.
1667 318 1881 357 Tertlonou
1911 334 2065 373 apparet
2093 339 2227 374 cama,
2254 325 2305 363 ob
2333 339 2453 378 quain

1338 372 1555 420 debuisset,
1584 380 1647 410 aut
1675 374 1855 424 potuisset
1872 372 2121 413 Firmilianus
2136 377 2231 416 hane
2252 379 2452 431 epistolam

1339 426 1386 464 ad
1414 427 1656 480 Cyprianum
1685 427 1880 474 scribere,
1909 440 1998 464 cum
2028 428 2147 466 nulla:
2179 431 2389 471 habeantur
2417 446 2456 469 e-

1336 478 1489 532 jusdem
1517 480 1706 531 Cvpriani
1735 480 1784 519 ad
1799 480 2076 519 Firinilianum
2107 481 2239 520 littera:
2257 511 2267 522 .
2298 485 2454 525 Periisse

1338 546 1428 571 vero
1457 531 1523 570 has
1551 524 1695 571 litteras
1717 562 1728 580 ,
1756 532 1916 571 difficile
1944 534 2138 583 creditur,
2168 549 2256 573 cum
2287 551 2357 577 non
2387 553 2454 591 pe-

1335 587 1443 625 rierit
1470 599 1692 639 responsum
1722 586 1943 625 Firmiliani
1961 613 1971 625 .
2018 586 2171 637 Quarto
2200 588 2283 627 haec
2316 591 2456 632 Firmi-

1337 639 1433 678 liani
1462 641 1656 692 responsio
1683 649 1782 678 certe
1819 641 1948 679 fuisset
1977 655 2128 692 graeco,
2173 655 2249 681 non
2278 641 2398 682 latino
2426 649 2457 684 i-

1334 693 1501 731 diomate
1530 701 1681 732 exarata
1699 724 1710 742 ,
1739 708 1827 733 cum
1849 703 1975 733 tamen
1996 709 2142 747 graecus
2159 726 2169 744 ,
2199 696 2232 732 &
2262 698 2457 748 originalis

1334 755 1453 785 textus
1481 748 1740 796 desideretur,
1771 761 1892 799 neque
1907 757 2145 801 compertum
2175 750 2247 797 sit,
2277 752 2456 802 quisnam

1336 815 1420 839 eam
1450 798 1566 839 latine
1593 803 1781 840 verterit.
1829 801 1963 855 Neque
1991 803 2096 842 enim
2140 802 2349 841 verisimile
2380 815 2457 853 est,

1334 855 1577 907 Cyprianum
1607 857 1734 908 ipsum
1764 869 1849 894 eam
1879 854 1997 894 latine
2026 857 2178 895 vertisse
2197 887 2207 905 ,
2237 856 2458 910 &evutgas-

1335 921 1407 956 se,
1449 916 1532 946 turn
1563 918 1717 962 propter
1763 911 2038 948 irreverentem
2079 919 2214 950 contra
2259 924 2456 951 summum

1334 960 1558 1000 Pontificem
1587 962 1903 1003 declamationem
1934 964 2021 1014 (a);
2049 973 2130 1002 tum
2159 965 2274 1002 etiam
2303 975 2458 1018 propter

1333 1015 1551 1067 pe:iculum
1580 1016 1822 1066 schismatis,
1864 1032 1886 1055 a
1915 1031 1991 1070 quo
2018 1017 2060 1055 S.
2090 1017 2245 1070 Martyr
2273 1018 2459 1057 alienissi-

1332 1083 1418 1107 mus
1445 1080 1551 1117 erat,
1583 1080 1621 1108 ut
1650 1080 1788 1110 constat
1818 1084 1862 1110 ex
1891 1071 2063 1122 ejusdem
2093 1072 2251 1124 epistola
2272 1072 2319 1110 ad
2336 1072 2457 1110 Juba-

1329 1121 1498 1174 janum,
1541 1123 1574 1160 8<
1605 1137 1649 1162 ex
1680 1126 1820 1176 saepins
1862 1127 2019 1176 repetito
2047 1124 2088 1162 S.
2120 1126 2322 1177 Augustini
2353 1130 2455 1165 testi-

1329 1178 1458 1214 monio
1478 1202 1489 1214 .
1536 1178 1692 1215 Accedit
1721 1182 1856 1229 quinto
1883 1177 2005 1216 altum
2036 1177 2195 1229 hujusce
2224 1179 2388 1218 celebris
2415 1194 2455 1218 e-

1329 1230 1479 1282 pistolae
1509 1232 1612 1280 apud
1642 1240 1785 1270 veteres
1813 1229 2006 1268 silentium
2025 1262 2034 1278 ,
2064 1230 2174 1282 cujus
2204 1232 2312 1270 nulla
2343 1247 2452 1285 pror-

1329 1297 1391 1321 sus
1420 1286 1563 1322 mentio
1592 1284 1783 1322 invenitur
1829 1285 1932 1336 apud
1961 1284 2196 1336 Dionysium
2226 1285 2454 1324 Alexandri-

1329 1350 1424 1377 num
1448 1368 1459 1385 ,
1501 1339 1568 1389 qui
1601 1351 1669 1389 pro
1697 1339 1780 1391 ipso
1800 1367 1812 1386 ,
1855 1336 1889 1373 ἃ
1919 1351 1987 1391 pro
2016 1337 2167 1376 Heleno
2209 1339 2312 1390 apud
2342 1338 2456 1378 Rom.

1331 1389 1552 1429 Pontificem
1583 1392 1811 1438 intercessit3
1840 1390 1992 1444 &apud
2008 1391 2222 1431 Eusebium
2240 1423 2250 1440 ,
2279 1393 2347 1445 qui
2376 1393 2456 1432 alia

1329 1443 1447 1496 hujus
1476 1443 1644 1484 historias
1675 1453 1921 1484 monumenta
1950 1446 2092 1491 refert3
2122 1445 2155 1481 8t
2184 1446 2286 1498 apud
2315 1445 2355 1485 S.
2375 1447 2454 1486 Au·

1328 1497 1552 1551 gustinum,
1595 1502 1663 1551 qui
1696 1502 1732 1538 in
1760 1500 1836 1537 suis
1865 1498 1976 1537 libris
2013 1508 2143 1538 contra
2172 1499 2384 1538 Donatistas
2412 1514 2454 1539 o·

1329 1554 1436 1591 mnia
1466 1553 1546 1590 fere
1576 1554 1648 1590 sub
1676 1551 1898 1604 Stephano,
1930 1551 1962 1587 8<
1991 1553 2188 1604 Cypriano
2216 1563 2316 1603 gesta
2345 1568 2451 1592 coin-

1327 1615 1538 1644 memorat:
1566 1607 1686 1643 immo
1715 1606 1893 1657 velapud
1924 1606 2023 1656 ipsos
2052 1603 2177 1644 Patres
2195 1607 2258 1644 ΙΙΙ.
2288 1608 2451 1646 Concilii

1326 1658 1662 1709 Carthaginiensis,
1700 1671 1865 1710 quorum
1895 1669 1995 1697 certe
2026 1660 2200 1698 intererat
2229 1674 2337 1698 suam
2368 1676 2452 1700 sen·

1325 1713 1482 1750 tentiam
1511 1712 1604 1749 tanti
1636 1711 1828 1750 Pontificis
1870 1713 2091 1750 auctoritate
2119 1716 2387 1761 conimunire3
2417 1715 2452 1752 8(

1326 1767 1367 1804 in
1395 1778 1472 1817 qno
1502 1775 1646 1803 mutuae
1676 1766 1888 1818 Cypriani,
1918 1764 1953 1801 ἃ
1983 1765 2167 1816 anajani
2197 1767 2334 1806 litterae
2365 1783 2452 1821 per-

1325 1818 1435 1856 lectoe
1466 1829 1575 1856 sunt.
1605 1818 1741 1870 Neque
1769 1817 1984 1870 Stephanus
2015 1818 2061 1857 R.
2091 1818 2131 1857 P.
2162 1821 2255 1859 adeo
2283 1822 2449 1873 Cypria·

1323 1885 1398 1920 no,
1429 1871 1462 1908 8t
1481 1872 1584 1910 Afris
1613 1873 1752 1920 iratus,
1781 1873 1995 1924 quidquam
2025 1882 2153 1911 contra
2171 1874 2448 1914 Firmilianum

1323 1925 1478 1964 molitus
1506 1923 1673 1977 legitur,
1723 1925 1872 1963 ulturus
1912 1926 2080 1978 profecto
2120 1928 2341 1979 dignitatem
2372 1943 2450 1966 suto

1321 1978 1456 2027 Sedis,
1498 1981 1529 2017 si
1559 1992 1643 2017 earn
1673 1993 1695 2016 a
1726 1979 1955 2018 Firiniliano
1991 1989 2067 2018 tam
2109 1983 2275 2033 graviter
2315 1981 2451 2021 laesam

1320 2034 1513 2078 novisset3
1543 2034 1734 2085 quomodo
1763 2043 1890 2072 autem
1921 2034 1959 2072 id
1977 2032 2108 2072 Romae
2140 2034 2256 2074 latere
2285 2046 2451 2088 poterat,

1321 2087 1423 2138 quod
1453 2088 1492 2125 in
1524 2087 1685 2136 Africa,
1729 2086 1763 2124 &
1793 2088 2038 2140 Cappadocia
2074 2098 2221 2127 tantum
2252 2092 2451 2143 strepitum

1323 2139 1584 2180 excitaverat?
1626 2140 1684 2179 Ex
1733 2140 1804 2180 hoc
1852 2141 2003 2180 silentio
2044 2143 2188 2194 colligit
2216 2142 2448 2191 Missorixzs,

1321 2195 1476 2233 nonnisi
1504 2204 1586 2246 post
1617 2203 1775 2233 mortem
1806 2194 1847 2234 S.
1872 2196 2070 2248 Augustini
2101 2197 2216 2235 fuisse
2245 2196 2345 2235 hanc
2362 2197 2448 2234 Fir-

1322 2247 1476 2286 miliani
1519 2248 1721 2302 epistolam
1750 2249 1801 2288 ab
1829 2247 1962 2302 aliquo
2003 2249 2221 2289 tenebrione
2251 2249 2448 2289 Donatista

1322 2301 1523 2340 confictam
1542 2328 1554 2341 .

1381 2356 1469 2394 125.
1500 2354 1613 2408 Resp.
1642 2356 1690 2395 ad
1718 2360 1890 2406 primum
1909 2387 1919 2404 ,
1955 2358 2159 2408 genuinam
2190 2370 2269 2396 esse
2300 2356 2446 2396 Firmi-

1320 2407 1413 2447 liani
1442 2409 1640 2460 epistolam
1670 2410 1716 2448 ad
1732 2411 1970 2462 Cyprianurn
1988 2440 1999 2458 ‚
2029 2410 2205 2449 dubitare
2234 2424 2301 2449 nos
2330 2413 2445 2450 mini-

1319 2476 1382 2500 me
1410 2464 1535 2501 sinunt
1579 2465 1856 2512 vetustissimi,
1899 2462 1933 2499 8(
1963 2464 2220 2515 probatissimi
2250 2464 2408 2503 Codices
2430 2497 2440 2514 ,

1319 2529 1413 2568 quos
1442 2518 1531 2554 citat
1560 2516 1617 2555 J0.
1648 2516 1870 2555 Pearsonius
1900 2516 2129 2556 Oxoniensis
2158 2517 2372 2571 Episcopus
2402 2522 2441 2557 in

1319 2584 1387 2608 sua
1417 2570 1579 2608 editione
1607 2571 1825 2622 Cypriani,
1854 2571 1887 2607 8(
1918 2580 2001 2609 sunt
2033 2570 2267 2623 Anglicanus
2289 2602 2299 2620 ,
2331 2573 2445 2611 Affli-

1317 2624 1480 2675 ginensis
1501 2653 1511 2671 ,
1543 2623 1753 2662 Blandinus
1770 2655 1780 2667 ,
1819 2622 2070 2662 Marchianus
2091 2655 2102 2673 ,
2145 2625 2351 2663 Dumensis
2368 2656 2378 2672 ‚
2409 2626 2444 2662 8<

1317 2677 1583 2716 Canchiarus.
1615 2676 1800 2730 Rigaltius
1829 2678 2070 2716 additalium
2101 2680 2269 2717 codicem
2295 2681 2442 2731 regi-nn

1315 2731 1389 2770 snb
1431 2745 1541 2770 num.
1577 2731 1669 2770 505.
1700 2732 1784 2784 Ipse
1826 2741 1953 2770 autem
1990 2733 2218 2771 Oxoniensis
2260 2742 2442 2782 testatur,

1315 2783 1414 2823 hanc
1443 2784 1641 2837 epistolam
1672 2799 1694 2823 a
1723 2800 1760 2823 se
1789 2795 1979 2837 repertam
2009 2787 2048 2823 in
2086 2795 2228 2839 septem
2259 2787 2345 2825 aliis
2374 2802 2441 2825 :m-

1314 2839 1537 2890 tiquissiinis
1553 2841 1844 2891 manuscriptis.
1875 2839 2018 2877 Decem
2037 2849 2223 2890 praetcrea
2251 2839 2439 2879 consuluit

1317 2892 1436 2930 editor
1467 2893 1759 2931 Benedictiuus.
1807 2892 1884 2930 Hos
1912 2893 2061 2930 codices
2103 2895 2333 2946 opponimus
2362 2895 2440 2932 edi-

1317 2946 1482 2986 tionibus
1512 2945 1805 2985 PauliManutii
1824 2976 1835 2995 ,
1865 2945 1898 2982 St
1920 2946 2100 2994 Erasmi3
2129 2962 2350 3001 quanquam
2372 2961 2440 2986 cur

2347 3015 2386 3040 0-

1306 3126 1332 3148 „
1360 3102 1399 3137 S.
1428 3103 1527 3138 Pauli
1547 3125 1557 3143 ‚
1583 3106 1638 3136 cui
1666 3114 1746 3136 cnm
1771 3099 1905 3136 dictum
1929 3111 2045 3137 esset:
2087 3103 2143 3136 Sic
2171 3103 2283 3136 insilis
2310 3103 2342 3135 in
2372 3103 2431 3134 Se.-

1308 3173 1335 3192 ‚,
1361 3149 1539 3185 cei-dotem
1562 3151 1624 3182 Dei
1651 3147 1919 3182 muledneendo?
1945 3150 2033 3183 nihil
2061 3151 2311 3183 contumeliose
2340 3150 2433 3181 10¹⁴!-

1309 3219 1336 3239 ,‚
1363 3207 1417 3232 tus
1444 3199 1487 3230 sit
1514 3194 1925 3233 a‹1versu÷,S.1cer‹loee¹n
1948 3219 2010 3228 .....
2025 3196 2084 3230 sed
2119 3208 2278 3241 quamvis
2306 3196 2337 3226 in
2367 3194 2429 3225 1⁴³1-

1309 3266 1336 3286 „
1361 3245 1407 3277 sis
1424 3266 1434 3284 ,
1471 3247 1502 3276 &
1530 3243 1686 3279 §polinis
1713 3242 1963 3284 Sacpdotibus
1989 3243 2151 3276 umbram
2179 3251 2292 3275 tamen
2319 3242 2427 3284 ipsun

1308 3312 1334 3332 „
1362 3291 1499 3323 inanem
1528 3287 1758 3322 5.··:erdoialis
1792 3289 1944 3321 nomini.—
1983 3290 2142 3334 cogitaxis
2179 3288 2327 3322 dixerit:
2367 3294 2428 3315 ne-

1307 3357 1334 3377 „
1358 3337 1536 3377 sciebam,
1563 3338 1688 3372 tratres
1709 3356 1721 3376 ,
1750 3335 1833 3380 quia
1859 3336 2019 3371 Pontifex
2045 3343 2097 3369 est
2118 3357 2127 3366 .
