2605 3624
660 128 741 173 DE
775 123 1036 171 NUMERO
1070 123 1624 169 SACRAMENTORUM
1660 127 1716 169 N.
1753 129 1804 170 L.

72 227 212 269 graec-ae
248 227 336 254 cum
365 210 536 250 Romana
579 208 626 247 de
668 221 830 248 numero
857 207 1188 246 sacramentorum

70 270 295 315 consensio,
331 263 658 317 supervacaneum
695 271 774 310 est,
816 261 939 300 multa
974 258 1113 296 addere
1141 258 1188 296 de

72 321 274 369 Ruthenis,
302 318 369 372 qui
398 331 421 356 a
439 317 590 356 Graecis
620 317 657 354 in
685 315 762 353 fide
791 316 954 354 minime
981 311 1187 359 differunt,

101 385 292 427 nanquain
334 385 357 409 a
393 369 626 409 Patriarcliae
657 366 1061 420 Constantinopolitani
1099 363 1188 402 obe-

67 389 210 466 t‘iientia
237 439 276 464 se
304 423 587 462 subtraxerint.
619 423 707 460 Una
736 422 900 460 sufficiat
929 419 1091 460 celebris
1113 417 1189 455 Ru-

67 481 268 518 thenoruin
297 476 494 525 Echtesis,
531 490 596 516 seu
623 475 884 516 Catecliisinus
914 491 936 514 a
965 473 1072 512 Petro
1101 471 1189 511 Mo-

63 532 142 601 5ila
162 530 404 584 Metropolim
424 529 623 569 Kioviensi
641 561 652 579 ,
681 529 854 568 adliibito
872 528 1030 567 consilio
1049 525 1188 576 Jesajae

75 584 297 638 Propliimi,
339 585 590 632 Connovicii‚
632 584 666 620 &
705 582 911 621 Keuovicii
951 581 1186 627 Russoruin,

63 646 147 677 tum
189 639 303 676 etiam
334 637 538 691 Porphyrii
575 638 787 676 Nicaeensis
824 634 1110 688 Metropolitae,
1152 632 1187 669 ἃ

64 690 213 730 Meletii
242 690 371 743 Syrigi
390 720 400 739 ,
437 693 503 743 qui
536 693 688 730 nomine
718 688 947 729 Patriarcliae
975 687 1189 726 Constanti-

64 744 302 797 nopolitani,
346 744 505 797 ejusque
533 745 677 798 Synodi
707 744 863 790 aderat,
900 742 1092 780 contectus
1112 769 1123 787 ‚
1153 738 1188 774 δι

63 810 161 836 anno
196 796 310 844 1646.
340 796 494 836 Kioviae
523 799 669 844 editus;
699 797 733 834 ἃ
761 797 828 850 qui
857 803 964 833 antea
983 809 1005 832 a
1024 801 1189 846 quatuor

64 850 295 891 Patriatcliis
323 852 460 903 graecis
488 863 585 890 anno
612 849 725 896 1642.
755 848 937 902 probatus
967 848 1117 886 fuerat.
1148 848 1189 885 ln

67 917 112 942 eo
139 914 266 943 autem
295 917 370 943 non
403 903 528 942 solum
570 906 750 942 asseritur
791 902 1024 955 septenarius
1053 899 1188 938 Sacra-

63 967 280 996 mentoruin
308 969 516 1005 numerus,
559 957 621 996 sed
655 955 893 1008 singulorum
923 954 1188 994 sacramento-

65 1023 154 1049 rum
188 1012 372 1061 materia,
403 1012 555 1061 forma,
583 1018 696 1064 atque
724 1006 904 1048 Minister
931 1009 1192 1047 determinan-

63 1071 125 1104 tur
154 1064 248 1116 (a).
887 1108 894 1114 ²

76 1138 78 1141 >
122 1130 214 1169 227.
244 1115 370 1157 Nimis
398 1130 512 1170 porro
539 1117 695 1170 longum
726 1125 816 1156 esset
856 1117 987 1155 dicere
1029 1115 1076 1152 de
1105 1113 1193 1153 aliis

64 1169 413 1211 communionibus
441 1172 730 1220 Orientalibus,
759 1183 849 1224 quae
878 1180 956 1208 tam
985 1184 1007 1207 a
1036 1170 1191 1219 Graeca,

61 1237 180 1276 quain
210 1239 231 1262 a
262 1224 431 1264 Romana
448 1223 622 1265 Ecclesia
651 1235 736 1264 sunt
765 1234 972 1278 separatae3
1002 1224 1190 1261 nimirum

65 1278 113 1315 de
143 1281 346 1328 Armenis,
389 1278 614 1327 Melcliitis,
652 1293 715 1317 seu
747 1279 885 1331 Syris,
921 1278 968 1315 de
997 1276 1191 1315 Nestoria-

64 1331 148 1379 nis,
191 1331 400 1381 Jacobitis,
443 1332 679 1381 Maronitis,
708 1332 894 1385 Coplitis‚
936 1329 1194 1383 AEtliyopibns·

66 1381 138 1421 ἃς.
165 1384 318 1424 Constat
346 1395 472 1424 autem
489 1417 501 1436 ‚
531 1400 731 1439 uunquam
761 1387 852 1439 ipsis
882 1383 943 1423 vel
972 1399 995 1422 a
1023 1385 1187 1433 Graecis,

66 1435 129 1474 vel
158 1451 181 1474 a
209 1440 343 1478 nostris
371 1439 486 1478 fuisse
527 1439 696 1492 aliquem
740 1452 909 1477 errorem
949 1438 996 1476 de
1030 1450 1190 1476 nurnero

63 1488 394 1531 Sacramentorum
424 1493 724 1546 exprobratum.
761 1492 950 1530 Praeterea
978 1505 1024 1530 ex
1055 1504 1188 1530 eorum

64 1541 266 1596 biturgiis,
295 1555 409 1599 atque
428 1560 473 1585 ex
494 1547 742 1591 relationibus
762 1545 1099 1584 Missionariorum
1120 1559 1188 1596 ap-

61 1606 166 1647 paret
182 1627 194 1646 ,
214 1599 362 1638 eosdem
384 1609 525 1653 septem
543 1600 787 1639 Sacramenta
807 1612 1031 1652 agnoscere,
1051 1612 1188 1650 quam-

60 1650 118 1687 vis
146 1651 185 1689 in
213 1654 470 1704 quorumdam
499 1654 820 1691 administratione
862 1667 884 1689 a
926 1652 1042 1689 nobis·
1076 1651 1188 1688 valde

61 1702 277 1754 discrepent
293 1734 304 1753 ,
319 1705 423 1744 salva
439 1714 564 1744 tamen
582 1706 803 1744 eorumdem
824 1705 1033 1742 substantia
1050 1729 1060 1740 .
1095 1702 1187 1740 Ter-

62 1758 115 1791 tio
131 1780 142 1792 .
172 1755 285 1795 Plura
313 1759 390 1796 alia
408 1768 494 1797 sunt
514 1759 675 1797 indubia
696 1772 827 1795 eorum
852 1758 941 1795 fidei
963 1770 1186 1795 monumen-

62 1815 99 1844 ta
118 1837 129 1854 ,
158 1809 302 1847 scilicet
321 1810 565 1863 Synodoruin
585 1842 594 1860 ‚
626 1811 932 1849 l’atriarcliarum
951 1841 961 1858 ,
993 1809 1188 1862 Metropo-

62 1857 219 1898 litarum
238 1892 249 1908 ,
271 1863 547 1915 Episcoportun
565 1895 575 1912 ,
606 1863 885 1903 Monacliorum
903 1893 914 1911 ‚
944 1863 1188 1914 aliorumque

60 1912 270 1952 testimonia
288 1944 298 1962 ‚
328 1925 408 1952 tum
438 1916 700 1955 Confessiones
729 1916 842 1965 fidei,
871 1916 904 1952 &
932 1915 1195 1961 Catecbismi3-

61 1976 150 2019 quae
179 1968 310 2005 omnia
337 1967 627 2019 diligentissime
655 1968 813 2006 collecta
842 1969 949 2006 suere
978 1968 1029 2006 ab
1057 1977 1187 2007 aucto-

61 2018 168 2058 ribus
195 2020 333 2073 Operis
360 2021 588 2060 immortalis
618 2021 895 2072 perpetuitatis
911 2020 1017 2074 fidei
1048 2021 1105 2074 (b)
1127 2047 1138 2060 .

115 2071 205 2111 228.
234 2073 292 2112 Ex
310 2073 367 2112 liis
381 2074 584 2124 omnibus,
604 2075 769 2128 aliisque
788 2076 1047 2114 monumentis
1062 2106 1072 2125 ‚
1093 2087 1184 2128 quas

56 2127 271 2165 necessaria
297 2126 465 2166 brevitas
493 2142 561 2168 nos
590 2131 712 2182 coegit
740 2131 939 2177 omittere,
971 2130 1023 2168 ita
1051 2138 1184 2168 contra

57 2178 246 2220 Sectarios
265 2180 510 2234 colligimus.
541 2183 637 2221 Haec
669 2183 935 2221 universarum
965 2184 1181 2232 nationum,

57 2241 171 2285 atque
198 2241 384 2274 sectarum
426 2237 466 2275 in
495 2238 707 2290 septenario
735 2236 1071 2277 sacramentorum
1108 2250 1182 2276 nu-

75 2431 150 2467 -<a)
187 2430 254 2466 Hic
289 2431 534 2468 Catecln'smus
572 2434 766 2470 Russorum
802 2441 854 2468 est
882 2435 953 2479 ipsa
981 2434 1186 2469 orthodoxa

61 2473 247 2519 Confessio
273 2489 371 2512 nurn-
397 2492 515 2526 super.
542 2490 760 2522 memorata,
797 2483 828 2513 δ(
864 2480 1078 2515 cateclietica
1114 2494 1187 2515 rne-

59 2519 166 2557 tliodo
188 2525 368 2569 exposita,
393 2527 496 2571 cujus
520 2527 705 2561 historiam
732 2527 901 2573 praeiiiisit
926 2528 1181 2562 Jo.Jac.K01-n

60 2577 129 2619 suas
152 2568 299 2604 editioni
326 2574 607 2608 Wratistaviensi
637 2574 738 2617 1751.
768 2575 801 2606 in
818 2575 851 2607 8.
882 2575 1004 2607 reti-«is
1029 2575 1179 2619 Mogilas

58 2612 126 2646 fuit
150 2627 238 2650 rinus
262 2628 304 2651 ex
331 2621 636 2662 praestantioribus
662 2619 862 2665 'l'lieologus
890 2621 1055 2654 Ecclesiae
1081 2624 1180 2654 Gran-

64 2667 140 2700 eae,
163 2673 267 2705 quem
294 2664 424 2698 frustra
450 2667 646 2699 contemnit
674 2666 742 2699 Th.
771 2667 910 2709 Sinnin,
946 2679 1025 2699 curn
1051 2679 1179 2702 vocans

55 2701 270 2756 scrupulum,
307 2712 348 2744 (θ’
373 2714 540 2746 insulsum
564 2712 767 2746 Monachum
783 2736 790 2744 .
830 2715 938 2747 Fxtat
964 2714 1070 2748 etiam
1097 2715 1182 2748 Col-

61 2748 168 2782 tectio
194 2753 249 2788 De
271 2755 454 2791 Bassorum
476 2759 658 2804 Religiore
683 2761 774 2793 facta
789 2762 898 2806 Spirae
923 2761 1022 2794 «532.
1038 2783 1049 2801 ‚
1074 2764 1103 2793 ἃ
1131 2761 1183 2793 al-

62 2801 138 2844 2{·m
164 2796 219 2848 Pe
244 2803 341 2852 rebus
366 2805 576 2839 Mose-ovim
604 2806 829 2841 Francot'urti
863 2808 962 2840 1600.
989 2807 1066 2840 Non
1096 2819 1182 2852 pau-

59 2851 92 2873 et
126 2841 183 2873 alu
210 2842 403 2899 doctrinam
429 2852 673 2886 Ruthenorurn
709 2854 809 2887 nobis
845 2863 1106 2899 exposuerunt,
1143 2862 1182 2887 ut

59 2887 145 2919 Ant·
166 2885 371 2939 *pos-fleximus
397 2897 432 2930 in
457 2910 517 2932 sua
532 2897 776 2940 Bibliotheca,
802 2899 961 2934 Eduinus
981 2898 1084 2933 Samii
1106 2901 1180 2934 An-

59 2932 137 3011 ffius
165 2946 198 2966 in
226 2935 371 2987 Speculo
395 2941 557 2986 Europae,
595 2943 781 2980 Eduardus
819 2945 1088 2987 Brerewoodus,
1125 2947 1179 2979 Jo·

100 2980 330 3034 00fflb⁸⁶ss¹¹¹55
345 3003 356 3022 ›
379 2985 431 3019 Jo-
451 2988 557 3022 Hem.
577 2992 804 3035 Hottingerus
819 3015 829 3034 ‚
857 2997 888 3026 8<
915 2995 1016 3036 Sigis.
1040 2994 1127 3026 Baro
1146 2994 1180 3025 in

66 3024 286 3079 Herbestain.
306 3040 353 3080 in·
368 3029 625 3068 Commentariis
650 3050 758 3070 rerum
782 3040 1050 3073 Moscovitaruni
1065 3061 1074 3079 ,
1099 3040 1179 3083 qui-

63 3069 131 3104 bus
159 3082 304 3106 inseruit
332 3074 460 3108 librum
485 3078 580 3112 Pauli
605 3082 695 3114 Jovii
724 3083 778 3118 De
803 3088 978 3131 legatione
1004 3086 1180 3119 Imm-0005-

64 3124 172 3151 tarum
195 3122 243 3154 ud
268 3120 472 3154 Clementem
487 3122 585 3163 Vn„
623 3127 681 3158 ubi
707 3139 889 3175 postquam
913 3144 1033 3165 ornnes
1059 3144 1180 3166 eorum

64 3173 200 3199 errores
224 3177 483 3209 enumerasset,
522 3173 555 3201 in
583 3175 736 3212 ceteris,
764 3176 902 3220 inquit,
938 3181 1052 3212 eadem
1069 3201 1078 3218 ‚
1114 3191 1180 3221 quae

64 3219 87 3241 a
109 3213 206 3246 nobis
230 3216 278 3247 de
297 3216 467 3258 religione
491 3220 679 3249 sentiuntur
693 3237 702 3255 ,
729 3227 1004 3257 constantissime
1024 3227 1179 3259 credunt.

65 3256 106 3289 ln
133 3259 253 3294 eodem
291 3272 392 3304 opere
419 3262 630 3304 Sigisinundi
660 3263 737 3294 Bar·
764 3264 798 3296 in
827 3267 1030 3302 llerbestain
1061 3264 1182 3305 'conti-

66 3312 192 3356 nentur
216 3307 321 3340 etiam
351 3308 429 3340 Xll.
457 3309 674 3351 Qua’stiones
711 3308 848 3342 Claudii
876 3312 978 3344 Caril.
1009 3316 1182 3357 Guisani,

69 3353 102 3385 δι
129 3349 271 3387 totidem
295 3354 500 3389 Graecorum
527 3355 789 3401 responsiones,
827 3367 869 3391 ex
906 3357 1034 3402 quibus
1061 3355 1182 3396 eorum

2267 131 2320 173 55

1258 215 1363 241 mero
1393 203 1559 254 perfecta
1588 207 1788 242 consensio
1817 218 1891 244 non
1923 207 2078 246 aliunde
2108 208 2198 247 oriri
2231 211 2376 261 potuit,

1257 270 1375 310 quain
1406 269 1450 294 ex
1482 258 1668 308 priinaeva
1699 258 1963 307 Apostolorum
1993 263 2214 308 traditione3
2251 276 2377 314 nequo

1258 310 1361 347 eniin
1380 309 1554 348 Ecclesia
1581 324 1706 363 graeca
1737 311 1772 348 id
1795 325 1816 348 a
1838 309 1974 348 Latina
1995 319 2139 366 accepit
2157 347 2167 364 ,
2198 331 2286 355 cuin
2310 329 2375 353 no-

1257 372 1294 404 ta
1322 363 1503 401 omnibus
1532 365 1578 402 sit
1607 366 1762 416 antiqua
1791 365 1909 416 ipsius
1927 366 2145 415 (emulatio,
2175 384 2263 421 φης
2295 378 2376 407 tan-

1256 417 1344 454 dein
1375 418 1411 454 in
1440 426 1615 469 apertum
1645 417 1808 455 schisma
1828 419 1980 469 erupit;
2010 418 2043 454 ἃ
2060 433 2148 456 cuin
2171 423 2206 459 iu
2227 425 2376 460 omniun

1258 471 1337 508 fere
1357 470 1692 509 Sacrameutorum
1723 471 2048 509 administratione
2076 472 2215 510 diversi
2238 478 2305 512 siut
2327 478 2377 513 ri-

1256 533 1341 573 tus,
1371 527 1550 575 quamvis
1579 525 1711 562 eadein
1741 526 1788 562 sit
1817 524 2052 564 substantia.
2101 525 2233 577 Neque
2263 531 2377 566 etiarn

1257 577 1471 617 Orientales
1510 579 1808 616 Cominuniones
1849 592 1871 616 a
1913 580 2089 627 Graecis,
2134 580 2191 617 vel
2237 579 2380 619 Latinis
2423 625 2426 627 ,

1256 631 1358 671 hunc
1387 631 1722 670 Sacrainentorum
1752 645 1958 670 numerum
1988 633 2131 670 discere
2162 641 2381 685 potuerunt,

1255 698 1344 724 cum
1375 685 1424 724 ab
1455 694 1704 736 utrorumque
1726 684 1800 723 fide
1820 685 1898 736 jani
1920 686 1970 723 ab
1991 686 2264 738 antiquissimis
2285 695 2380 723 tein-

1257 739 1416 791 porihus
1445 738 1554 790 longe
1584 739 1829 787 recesserint,
1859 739 1892 775 ἃ
1914 739 2038 777 adbuc
2062 741 2303 790 pertinaciter
2325 736 2383 776 're-

1256 793 1418 832 cedant.
1467 791 1553 831 Non
1582 791 1660 831 alia
1689 806 1777 842 ergo
1807 792 1922 844 liujus
1952 793 2177 831 universalis
2205 795 2382 831 omniurn

1257 846 1508 885 consensionis
1537 860 1651 885 causa
1688 846 1817 885 afferri
1855 855 2000 898 potest,
2043 861 2161 899 quain
2200 848 2382 898 primige-

1255 901 1349 949 nia,
1393 909 1507 952 atque
1537 901 1753 953 Apostolica
1781 901 1952 939 doctrina
1972 931 1983 948 ‚
2027 901 2065 938 in
2109 914 2186 952 qua
2216 900 2299 938 Deo
2327 902 2383 938 sic

1256 954 1479 1006 disponente
1496 983 1506 1002 ‚
1537 955 1739 992 unanimes
1768 966 1900 992 omnes
1919 961 2240 1007 permanserunt,
2263 967 2383 1006 usque

1260 1007 1308 1045 ad
1337 1006 1405 1045 illa
1435 1006 1678 1056 Lutlierana,
1708 1008 1742 1044 &
1770 1006 2000 1046 Calviniana
2029 1017 2197 1059 tempora
2227 1008 2266 1045 in
2297 1008 2385 1059 qui-

1261 1061 1334 1099 bus
1363 1060 1596 1099 Novatorum
1628 1061 1780 1109 rabies,
1821 1060 1855 1097 ἃ
1895 1061 1998 1098 furor
2038 1062 2168 1099 omnia
2198 1061 2387 1112 susdeque

1259 1115 1459 1153 confudit.
1492 1113 1686 1163 Constat,
1715 1113 1902 1152 concludo
1930 1128 2020 1152 cum
2050 1112 2291 1152 Tertulliano
2319 1112 2386 1151 De

1259 1167 1490 1220 Proescript.
1513 1181 1549 1206 ε.
1568 1181 1655 1215 πμ,
1684 1179 1849 1205 omnem
1878 1166 2102 1204 doctrinam
2120 1196 2130 1214 ‚
2173 1180 2261 1217 quoe
2291 1179 2384 1203 cuin

1258 1220 1454 1260 Ecclesiis
1483 1221 1741 1272 Apostolicis,
1770 1220 2023 1267 matricibus,
2053 1221 2102 1260 <9¹
2129 1219 2385 1271 originalibus

1246 1275 1354 1329 fidei
1383 1273 1577 1326 conspiret
1594 1305 1606 1324 ‚
1649 1278 1804 1314 veritati
1833 1272 2111 1325 deputandam
2130 1303 2140 1321 ,
2171 1272 2270 1311 idest
2297 1277 2385 1310 sinc

1259 1328 1372 1367 dubio
1401 1339 1606 1368 tenentem
1624 1359 1635 1377 ‚
1664 1327 1765 1381 quod
1794 1327 1992 1366 Ecclesiae
2020 1325 2071 1365 ab
2087 1327 2282 1377 Apostolis
2299 1356 2310 1374 ‚
2331 1327 2387 1363 A·

1256 1384 1396 1434 postoli
1424 1397 1452 1421 a
1485 1382 1636 1421 Clzristo
1653 1413 1664 1431 ‚
1699 1381 1876 1421 Christus
1903 1395 1931 1420 a
1951 1380 2041 1419 Deo
2069 1385 2265 1431 suscepit:
2295 1380 2387 1418 reli·

1256 1451 1382 1488 quam
1409 1450 1498 1476 vero
1525 1449 1690 1475 omnem
1719 1436 1947 1475 doctrinam
1966 1435 2016 1474 de
2035 1434 2248 1474 mendacio
2276 1446 2382 1484 prae·

1250 1490 1522 1545 judicandam
1542 1491 1631 1532 &a
1958 1487 1965 1490 ’

1417 1596 1628 1635 Solvuntur
1655 1594 1908 1633 Not-atorum
1941 1591 2248 1634 cavillationes.

1312 1715 1402 1754 229.
1431 1702 1509 1741 Vix
1539 1703 1616 1740 dici
1647 1709 1790 1753 potest,
1833 1709 2024 1752 quantum
2053 1700 2126 1740 hoe
2154 1709 2381 1754 argumento

1255 1763 1503 1808 torqueantur
1522 1755 1753 1793 Novatores:
1783 1754 2038 1806 quamohrem
2060 1754 2156 1793 illud
2177 1754 2383 1794 labefacta·

1255 1824 1296 1848 re
1324 1810 1431 1846 omni
1462 1807 1661 1846 molimine
1689 1816 1901 1853 conantur3
1933 1817 2046 1860 atque
2074 1811 2202 1859 primo
2231 1818 2384 1846 conten-

1254 1863 1376 1910 dunt,
1407 1861 1617 1900 verisimile
1648 1875 1753 1910 esse,
1782 1862 1940 1899 Graecos
1970 1876 1992 1899 a
2011 1861 2158 1900 Latinis
2187 1862 2233 1899 de
2262 1871 2384 1913 septe-

1255 1917 1365 1954 nario
1385 1915 1718 1953 Sacramentorum
1748 1928 1912 1952 numero
1933 1915 2048 1952 fuisse
2068 1915 2236 1961 edoctos;
2265 1928 2386 1967 quan-

1254 1970 1303 2008 do
1331 1968 1478 2007 scilicet
1508 1968 1636 2007 Latini
1665 1981 1763 2007 anuo
1798 1968 1914 2014 ¹204·
1947 1968 2274 2020 Constantinopoli
2319 1981 2386 2021 po-

1255 2023 1312 2061 titi
1343 2032 1459 2070 sunt,
1489 2031 1602 2075 atque
1632 2023 1844 2076 Imperium
1868 2023 2056 2061 Graecum
2077 2022 2144 2061 60.
2174 2022 2207 2058 8(
2237 2021 2386 2074 aliquot

1253 2077 1361 2115 annis
1390 2075 1682 2128 gubernarunt.
1729 2074 1855 2124 Sane,
1885 2075 2110 2115 observante
2140 2076 2198 2115 Jo.
2229 2075 2384 2114 Daliaeo

1251 2130 1488 2178 Calviuista‚
1517 2138 1606 2168 ante
1635 2129 1731 2168 illud
1761 2139 1911 2182 tempus
1941 2129 2051 2168 nulla
2080 2130 2182 2183 apud
2212 2130 2385 2175 Graecos,

1250 2193 1364 2238 atque
1393 2182 1605 2223 Orientales
1634 2184 1830 2223 iuvenitur
1873 2192 2017 2235 septem
2046 2182 2382 2223 sacramentorum

1250 2238 1418 2278 mentio.
1461 2237 1588 2277 lmino
1614 2251 1683 2277 nec
1725 2237 1830 2291 apud
1858 2237 2012 2277 Latinos
2054 2245 2141 2276 ante
2177 2237 2382 2326 Hugxoynein

2297 2301 2329 2327 ²-

1253 2435 1435 2469 consensio
1458 2445 1539 2468 cum
1556 2432 1712 2467 Ecclesia
1731 2430 1914 2466 Catholica
1941 2431 2102 2476 in.parte
2119 2430 2304 2465 manifeste
2321 2442 2382 2477 ap-

1252 2490 1373 2527 paret.

1305 2529 1352 2568 (b)
1382 2529 1434 2560 De
1460 2526 1622 2561 Armenis
1659 2525 1835 2558 fusissime
1869 2524 1941 2569 agit
1979 2523 2128 2557 celebris
2154 2523 2191 2556 P.
2219 2525 2383 2558 Clemens

1249 2574 1404 2607 Calamis
1430 2574 1587 2608 Clericus
1616 2572 1825 2616 Regularis,
1860 2573 1920 2616 qui
1959 2569 2019 2604 diu
2045 2569 2137 2615 apud
2163 2582 2218 2605 eos
2248 2572 2381 2605 Praeco-

1248 2622 1302 2653 nis
1330 2619 1406 2653 fidei
1434 2630 1578 2653 munere
1605 2619 1744 2651 functus
1770 2627 1846 2658 est,
1875 2619 1910 2650 in
1939 2630 2000 2651 sua
2021 2617 2282 2651 Conciliotione
2310 2618 2382 2651 Ec-

1249 2668 1364 2700 clesiae
1390 2667 1543 2700 Armenae
1571 2678 1642 2698 cum
1668 2664 1840 2706 Romana,
1867 2665 2017 2704 Latino,
2059 2667 2089 2696 ἃ
2117 2666 2268 2698 Armeno
2294 2664 2383 2697 idio·

1249 2721 1343 2746 mate
1370 2714 1491 2747 Romae
1518 2712 1613 2745 edita
1641 2723 1720 2745 ann.
1751 2713 1854 2755 1090.
1892 2712 2007 2747 tribus
2033 2712 2166 2745 volum.
2194 2711 2228 2744 in
2255 2714 2288 2753 4.
2330 2711 2382 2745 lbi

1249 2771 1368 2793 ornnes
1397 2761 1554 2805 ipsorum
1579 2769 1714 2792 errores
1745 2757 2014 2803 diligentissime
2042 2758 2216 2802 inquirit,
2241 2762 2272 2791 ἃ
2299 2770 2382 2791 con-

1250 2806 1369 2846 futat,
1408 2807 1493 2852 quin
1531 2804 1662 2850 aliquid
1701 2803 1742 2837 «le
1773 2806 2085 2838 sacramentorum
2121 2816 2267 2839 nurnero
2296 2805 2382 2849 ipsis

1249 2854 1468 2897 exprobret.
1496 2854 1546 2886 De
1573 2851 1752 2886 Melcliitis
1771 2873 1781 2891 ‚
1807 2853 1863 2884 vel
1891 2851 1989 2897 Syris
2015 2849 2125 2884 videri
2161 2859 2266 2885 notest.
2291 2852 2380 2886 Ahr.

1250 2897 1467 2933 Ecliellensis
1495 2900 1672 2933 Maronita
1701 2898 1734 2930 in
1762 2898 1900 2931 Fra-itu.
1929 2910 1967 2931 ac
1995 2898 2086 2930 notis
2112 2910 2140 2930 ai
2180 2897 2382 2941 Catulognm

1248 2943 1428 2980 Librorum
1453 2946 1688 2980 Chaldaeorum
1717 2943 1834 2978 Hehed
1861 2946 1971 2984 Jesu;
1996 2941 2088 2988 quod
2113 2955 2199 2989 opus
2219 2944 2380 2978 Barthol-

1247 2991 1312 3025 dus
1339 2993 1511 3026 Niliusius
1538 2993 1571 3024 in
1592 2993 1786 3025 Concordia
1802 2991 1989 3025 [Vationum
2007 2991 2285 3025 Christianarum
2304 2997 2379 3024 (rc.

1250 3040 1444 3082 moguntiae
1472 3037 1590 3072 recudi
1618 3039 1755 3071 curavit
1783 3050 1875 3071 anno
1900 3038 2002 3072 1655-
2017 3038 2050 3069 in
2070 3038 2101 3071 8.
2119 3058 2129 3077 ‚
2155 3046 2340 3083 postquam
2358 3048 2378 3070 ο

1251 3086 1463 3119 Lutlieranis
1490 3085 1615 3119 castris
1642 3085 1683 3117 ad
1711 3092 1836 3118 nostrie
1863 3085 2032 3118 Ecclesia}
2067 3084 2194 3117 vexilla
2229 3084 2378 3117 feliciter

1248 3132 1442 3176 migravit.
1468 3133 1518 3165 De
1546 3131 1610 3164 boc
1636 3132 1806 3176 scriptore
1836 3136 1972 3175 (qut-ni
1998 3131 2125 3164 Baelius
2146 3131 2377 3176 appellatjli-

1251 3191 1346 3212 meux
1373 3183 1553 3219 converti,
1579 3184 1619 3211 U
1638 3178 1784 3222 fiunem
1811 3183 2097 3216 convertissem)
2120 3177 2197 3210 virle
2223 3175 2313 3209 dicta
2343 3177 2378 3207 in

1248 3226 1347 3269 prael'.
1367 3226 1515 3259 'l‘orn-ll.
1543 3223 1607 3257 sed
1627 3225 1699 3258 Jos.
1720 3225 1894 3257 simonius
1915 3224 2140 3258 :immanius
2169 3224 2201 3255 in
2228 3234 2288 3254 sua
2315 3221 2373 3253 Bt-

1249 3272 1422 3305 bliotheca
1447 3273 1621 3305 Orientali
1650 3270 2054 3306 clementino-Vaticana
2097 3270 2209 3305 multo
2234 3268 2373 3302 uben-is

1249 3315 1312 3352 has
1338 3318 1502 3352 materias
1527 3319 1780 3364 pertractavit.
