2605 3624
0 2786 7 2839 —„
0 2612 4 2698 fic

671 120 941 168 NULLUM
975 122 1307 166 PECCATUM
1341 123 1781 170 IRREMISSIBILE
1795 157 1806 169 .

425 259 457 298 C
489 257 520 296 A
550 255 578 294 P
606 255 643 294 U
673 255 708 293 T
782 256 850 294 Ill.

165 364 418 412 ostenditur,
447 364 599 400 nullum
629 375 715 400 esse
743 371 952 412 peccatum
972 392 983 410 ‚
1012 359 1112 414 quod

301 430 371 468 per
398 417 715 456 Sacramentum
744 421 985 465 poenitentia

426 475 575 509 remitti
604 483 682 508 non
712 474 852 520 possit.

130 579 198 620 68.
217 555 460 630 Angelicus
490 577 630 615 Doctor
661 577 697 615 5.
720 575 761 616 Ρ.
789 591 829 629 q.
849 575 914 614 86.
944 583 1013 613 nrt.
1040 587 1074 614 ι.
1103 574 1202 614 bene

77 633 276 681 observat,
304 633 454 684 duplici
483 645 589 668 sensu
622 645 726 684 posse
746 630 900 682 aliquod
923 638 1121 680 peccatum
1142 630 1200 667 di-

77 691 115 727 ci
146 684 441 733 irremissibile,
483 688 636 734 primo,
679 684 770 736 quia
799 684 940 736 aliquis
968 684 1015 720 de
1048 692 1202 734 peccato

73 739 206 780 dolere
235 752 311 779 nou
342 748 486 791 posset:
523 737 723 785 secundo,
751 739 844 789 quia
874 738 1094 789 poenitentia
1123 750 1200 775 uon

75 804 197 847 posset
227 792 352 831 delere
383 801 612 844 peccatum5
645 791 679 827 ἀ
707 792 856 829 subdit:
901 820 926 838 „
957 790 1086 827 Primo
1114 791 1200 840 qui-

77 877 105 950 z:
137 909 292 952 peccata
319 899 538 936 daemonum
558 928 568 945 ,
600 897 634 934 &
662 908 776 934 ettam
808 897 1009 934 homiuum
1039 897 1198 934 dainna-

78 983 105 1000 .,
136 963 262 991 torum
280 982 290 1000 ‚
323 954 416 1003 quia
444 950 601 988 affectus
629 963 761 987 eorum
791 959 877 987 sunt
907 949 1126 987 confirmati
1158 951 1198 986 iu

76 995 104 1055 i,
135 1005 260 1044 malo:
290 1006 340 1042 ita
369 1004 470 1056 quod
498 1014 574 1041 non
604 1012 720 1054 potest
750 1005 802 1040 eis
831 1002 1034 1053 displicere
1065 1016 1198 1053 pecca-

77 1049 85 1055 .
134 1067 214 1096 tum
245 1059 471 1108 inquantum
500 1065 551 1094 est
580 1055 724 1106 culpa,
767 1056 830 1093 sed
869 1055 990 1093 solum
1021 1055 1199 1111 displicet

77 1141 105 1161 2,
134 1113 186 1148 eis
215 1124 360 1162 poena,
402 1123 520 1161 quam
551 1110 773 1161 patiuntur,
817 1110 958 1146 ratione
987 1123 1099 1157 cujus
1129 1108 1200 1145 ali-

77 1194 104 1214 „
133 1176 252 1216 quain
284 1163 548 1214 poeniteutiam
571 1191 581 1210 ‚
620 1162 683 1200 sed
727 1162 1000 1200 infructuosam
1033 1162 1199 1209 habeut,

78 1247 106 1266 .,
135 1215 345 1255 secundum
375 1214 473 1254 illud
494 1215 586 1267 Sap.
607 1216 701 1267 Cap.
718 1215 767 1255 V.
785 1215 822 1254 5.
853 1214 1133 1253 Paenitentiam
1154 1229 1200 1252 a·

77 1261 104 1320 2,
132 1279 298 1322 gemm,
340 1267 390 1310 (ῥ’
422 1281 506 1321 proe
540 1273 732 1321 angustia
769 1273 925 1319 spiritus
966 1278 1199 1321 gementes.

77 1315 104 1372 i,
135 1322 244 1361 Unde
273 1322 360 1361 talis
388 1324 614 1374 poenitentia
644 1336 719 1360 non
750 1333 802 1361 est
830 1337 920 1360 cum
949 1336 1014 1374 spe
1045 1324 1168 1360 veni-r:
1186 1352 1198 1371 ,

75 1367 103 1426 J,
133 1377 198 1415 sed
225 1390 313 1415 cum
344 1376 630 1428 desperatione.
679 1376 774 1414 'Pale
804 1386 930 1415 autem
969 1390 1043 1414 non
1082 1385 1199 1428 potest

78 1459 107 1479 ῃ
137 1444 214 1468 esse
243 1429 400 1482 aliquod
430 1438 630 1482 peccatum
664 1429 830 1468 bominis
865 1431 1044 1477 viatoris,
1088 1429 1200 1480 cujus

77 1513 106 1532 ,,
135 1483 302 1521 liberum
332 1482 538 1521 arbitrium
569 1483 739 1521 flexibile
768 1493 819 1521 est
839 1483 885 1520 ad
901 1483 1068 1530 bonum,
1098 1483 1131 1519 &
1152 1483 1200 1521 ad

78 1527 107 1586 ;,
137 1535 313 1574 malum.
357 1535 470 1573 Unde
497 1537 623 1575 dicere
641 1566 651 1584 ,
679 1536 783 1588 quod
813 1536 970 1588 aliquod
1000 1546 1199 1588 peccatum

79 1619 109 1639 .„
139 1591 186 1628 sit
215 1594 255 1627 in
283 1587 361 1627 hac
390 1592 492 1637 vita,
521 1590 567 1628 de
586 1603 664 1642 quo
682 1591 770 1641 quis
798 1591 988 1641 poenitere
1017 1602 1089 1627 uon
1121 1603 1204 1641 pos-

80 1671 109 1691 „
139 1644 209 1690 sit,
239 1655 453 1681 erroneum
483 1652 568 1692 est,
597 1644 669 1682 ἃς.
690 1644 739 1681 ”.
784 1643 858 1682 Sed
900 1643 948 1680 de
986 1642 1054 1680 boc
1095 1644 1206 1681 modo

78 1708 152 1734 non
181 1696 357 1747 agimus:
385 1698 576 1747 quaeritur
605 1699 709 1735 enim
739 1696 801 1734 hic
832 1695 954 1734 solum
972 1726 982 1744 ‚
1013 1709 1060 1733 an
1091 1698 1136 1733 sit
1164 1711 1205 1734 a·

78 1748 214 1801 liquod
243 1756 443 1799 peccatum
471 1756 549 1788 tam
578 1764 715 1801 grave,
746 1757 785 1786 ut
814 1748 923 1787 nullo
951 1749 1062 1786 modo
1090 1751 1205 1788 etiam

80 1815 151 1853 per
180 1814 310 1839 veram
341 1803 606 1853 poenitentiam
636 1803 777 1841 remitti
806 1811 945 1854 queat3
975 1803 1076 1853 quod
1105 1813 1206 1840 vete-

81 1867 141 1892 res
170 1853 330 1906 quidam
360 1854 533 1894 baeretici
575 1856 782 1895 commenti
824 1866 910 1894 sunt
940 1857 1033 1908 (a),
1076 1867 1206 1895 contra

81 1920 176 1959 quos
204 1915 250 1945 stt

76 1089 104 1108 θ’

373 1958 920 2001 PROPOSITIO

82 2063 255 2103 Nullum
284 2075 343 2104 est
370 2075 460 2106 tam
486 2080 612 2119 grave
637 2076 875 2117 peccatum,
919 2067 1021 2119 quod
1055 2072 1096 2106 in
1132 2068 1211 2108 hac

140 2122 222 2157 vita
248 2119 300 2158 ab
319 2119 508 2159 Ecclesia
533 2134 604 2173 per
623 2121 940 2161 Sacramentum
968 2126 1211 2173 poenitentiae

140 2171 266 2212 deleri
293 2183 463 2226 nequeat
478 2200 491 2213 .

137 2253 362 2330 69.Prob.
389 2284 519 2329 primo
546 2279 862 2319 luculentissimis
891 2281 937 2319 iis
965 2295 1084 2320 sacrae
1106 2282 1210 2322 Scri·

85 2339 211 2384 pturae
239 2331 435 2382 oraculis,
476 2333 619 2386 quibus
648 2333 820 2372 Christus
848 2334 1039 2374 Dominus
1067 2335 1209 2376 Matth.

135 2453 187 2490 (a)
212 2449 462 2492 Montanistae,
495 2454 528 2484 &
551 2451 740 2486 Novatiani
778 2452 919 2486 fuerunt
952 2452 1059 2498 liujus
1085 2453 1211 2488 crude·

86 2494 233 2530 lissimae
268 2495 412 2531 haeresis
449 2506 632 2532 auctores.
675 2500 899 2533 Montanistae
937 2512 1061 2534 nomen
1088 2501 1207 2534 sortiti

83 2550 166 2575 sunt
201 2555 221 2576 a
247 2544 419 2577 Montano
453 2543 594 2579 bomine
627 2544 806 2590 Phrygio3
843 2545 934 2580 unde
967 2548 1074 2580 etiam
1102 2548 1210 2581 Cata-

83 2587 244 2634 phrjges
269 2588 460 2635 aliquando
494 2600 576 2625 sunt
610 2594 824 2637 nuncupati:
863 2601 939 2626 tum
976 2602 1092 2638 postea
1121 2593 1207 2627 dicti

87 2633 275 2677 Pepuziani
301 2636 345 2669 ab
370 2637 520 2670 obscuro
542 2638 671 2682 oppido
696 2638 857 2683 Phr-ygiae
872 2639 1018 2683 Ρεριιιο,
1043 2641 1102 2674 ubi
1128 2652 1208 2674 suos

86 2687 279 2713 conventus
302 2679 499 2714 habebant.
534 2683 645 2716 Nulla
669 2685 844 2730 ineptior,
871 2689 903 2719 δε
928 2685 1112 2720 absurdior
1137 2686 1209 2720 hae-

88 2726 176 2758 resis
202 2732 284 2758 nata
308 2734 384 2766 est,
409 2727 467 2760 cui
493 2735 609 2761 tamen
635 2741 760 2763 nomen
785 2730 880 2764 dedit
905 2731 1128 2767 doctissimus
1155 2734 1211 2766 vir

88 2771 333 2806 ‘Pet-tullianus
359 2772 458 2806 falsis
471 2774 694 2818 potissimum
712 2774 862 2810 duarum
881 2779 1115 2814 l'anaticarum
1133 2792 1212 2814 mu-

86 2817 217 2850 lierum
236 2818 403 2852 Priscillae
418 2839 430 2859 ,
455 2823 487 2852 δι
505 2821 712 2854 Maximillae
738 2824 1009 2859 revelationibus
1024 2848 1036 2867 ‚
1060 2839 1120 2861 seu
1146 2838 1215 2872 po-

87 2864 160 2897 tius
186 2863 484 2899 incantationibus
508 2865 696 2911 deceptus.
732 2869 1002 2905 Funestissimus
1029 2874 1116 2907 tanti
1142 2873 1211 2906 viri

85 2909 206 2954 lapsus
232 2919 363 2944 terrere
388 2922 506 2946 ornnes
532 2911 656 2954 debet,
691 2926 734 2948 ne
759 2916 854 2956 alte,
880 2919 912 2948 δι
936 2919 1082 2962 superbe
1109 2918 1150 2952 ‹le
1177 2931 1212 2953 se

87 2963 340 3001 praesumentes
366 2957 530 2992 similiter
556 2958 706 2993 cadant.
747 2962 846 2995 illius
870 2974 910 2995 ea
936 2966 1109 2999 sententia
1135 2974 1211 2999 erat

91 3004 130 3035 in
157 3003 233 3036 Lib.
270 3002 324 3035 De
349 3004 522 3047 pudicitia
547 3017 622 3050 cap.
642 3008 694 3041 18.
711 3029 723 3047 ‚
761 3007 961 3042 Levior-ibus
985 3012 1133 3045 delictis
1157 3026 1213 3046 ‹re-

88 3052 183 3083 nium
207 3050 246 3082 ab
273 3048 448 3093 Episcopo
473 3055 632 3095 consequi
657 3066 785 3096 posse,
820 3056 1003 3101 majoribus
1019 3078 1029 3097 ‚
1055 3061 1097 3090 (9·
1122 3062 1213 3091 irre-

91 3096 317 3128 miseibttibus
344 3110 364 3130 α
391 3099 465 3130 solo
492 3096 594 3136 Deo‚·
630 3098 720 3133 unde
745 3101 1042 3144 consequebatur,
1078 3105 1213 3136 nnllam

91 3142 295 3185 graviorum
321 3143 511 3176 criminum
539 3143 830 3178 remittendorum
858 3155 1063 3190 potestatem
1090 3149 1214 3182 Eccle-

89 3187 152 3221 siae
177 3200 196 3221 a
222 3188 366 3222 Christo
390 3190 495 3223 fuisse
520 3188 661 3224 datam.
688 3190 770 3224 vid.
797 3192 880 3225 Nat.
907 3192 1106 3227 Alexander
1132 3195 1214 3228 Dis-

93 3240 178 3266 sert.
196 3235 261 3268 lX.
288 3235 324 3268 in
347 3236 432 3269 Saec.
452 3237 495 3269 ΙΙ.

142 3277 246 3322 Pejus
263 3291 426 3316 errarunt
445 3283 529 3316 Saec.
550 3284 608 3316 ΙΙΙ.
627 3282 838 3325 Novatiani,
864 3284 1003 3318 assecta:
1022 3284 1117 3318 illius
1134 3285 1212 3319 No·

92 3324 254 3366 vatiani,
278 3327 337 3371 qui
358 3329 458 3362 Rom.
480 3330 732 3374 Episcopatum
758 3330 912 3364 ambiens
933 3352 943 3370 ,
969 3342 1009 3364 ac
1035 3331 1129 3364 inani
1148 3344 1212 3366 sua

93 3379 155 3416 spe
179 3371 370 3408 frustratas
406 3387 477 3411 una
501 3387 582 3411 cuin
605 3375 744 3411 Novato
769 3376 973 3422 Cartlmgin.
1000 3377 1212 3424 Presbytero

134 849 221 884 dem
253 846 366 884 modo
394 859 468 883 non
499 854 652 895 possunt
690 858 758 895 pet·
787 844 1049 895 poenitentiam
1080 842 1200 881 deleri
1220 881 1227 894 ,

2250 136 2332 177 103

1273 201 1419 239 xviii.
1447 203 1533 249 180,
1574 203 1605 238 8(
1639 204 1696 243 J0.
1719 207 1810 244 XX.
1854 207 2042 260 Apostoli,
2076 209 2355 263 amplissimam
2379 245 2389 260 ‚

1271 254 1467 307 nullisque
1498 256 1688 294 limitibus
1716 261 2042 312 circumscriptam
2075 264 2239 315 ligandi,
2276 277 2389 318 atque

1270 307 1440 345 solvendi
1474 318 1694 360 potestatem
1722 311 1851 350 dedit.
1897 314 1984 350 Vid.
2015 330 2098 366 sup.
2128 334 2165 356 n.
2194 332 2252 371 19.
2275 318 2332 368 (b)
2351 347 2361 358 .

1327 375 1390 412 70.
1420 361 1493 400 Sed
1523 362 1607 400 baec
1628 372 1705 401 tam
1723 368 1920 416 perspicua
1940 367 2077 406 Christi
2108 372 2222 410 verba
2251 373 2387 411 ubscu-

1269 426 1355 452 rare
1383 428 1420 452 se
1450 429 1555 466 posse
1583 417 1784 468 sperabant
1815 418 2087 469 Montanium,
2126 424 2158 458 ὅ(
2189 425 2391 465 Now-niani

1268 468 1414 520 triplici
1444 467 1602 520 effugio:
1644 474 1793 519 primo,
1823 486 1866 509 ea
1898 473 2054 525 intelligi
2085 475 2222 513 debere
2249 479 2293 515 de
2323 481 2388 517 ba-

1269 523 1436 573 ptismo,
1469 536 1546 574 quo
1574 524 1830 562 concedebant
1857 528 1984 565 omnia
2014 530 2206 578 praeterita
2236 543 2390 581 peccata

1270 575 1417 621 deleri3
1461 589 1537 613 non
1578 586 1705 614 autem
1747 578 1794 616 de
1836 581 2061 630 poenitentia
2100 595 2229 618 eorum
2260 586 2390 623 crimi—

1269 642 1387 678 num,
1417 643 1504 680 quae
1535 638 1615 680 post
1645 631 1882 683 baptismum
1911 636 2222 672 committuntur:
2252 650 2392 674 secun—

1271 680 1347 729 do,
1390 682 1654 733 distinguenda
1683 699 1760 722 esse
1792 695 1946 737 peccata
1978 697 2110 725 contra
2143 691 2360 740 proximum
2379 721 2391 738 ,

1270 735 1330 773 vel
1349 734 1559 773 Ecclesiam
1577 767 1588 784 ,
1609 752 1631 775 a
1652 741 1814 789 peccatis
1834 750 1964 778 contra
1987 741 2133 787 Deum;
2164 743 2288 793 prima
2310 758 2394 795 pos-

1268 803 1307 826 se
1337 802 1403 840 per
1423 789 1549 828 claves
1564 790 1749 830 Ecclesiae
1772 795 1944 841 remitti,
1975 803 2102 846 utpote
2124 796 2288 844 leviora,
2319 811 2394 836 non

1268 851 1395 879 autem
1425 843 1502 881 alia
1519 873 1530 892 ,
1559 857 1647 895 quae
1668 848 1890 896 gravissima
1908 858 2152 901 reputantur:
2183 854 2295 888 tertio
2312 880 2323 899 ‚
2351 863 2393 887 o-

1270 897 1422 933 muium
1455 907 1694 948 peccatorum
1725 902 2038 939 remittendorum
2081 912 2302 954 potestatem
2333 917 2391 941 so-

1267 948 1314 986 lis
1345 949 1530 1000 Apostolis
1560 951 1675 990 fuisse
1703 966 1920 992 concessam
1941 985 1952 1002 ‚
1994 968 2065 993 non
2108 969 2198 994 vero
2241 971 2394 995 eorum-

1266 1002 1352 1039 dem
1383 1005 1686 1043 successoribus.
1719 1007 1772 1044 lta
1794 1007 2056 1046 Tertullianus
2077 1009 2306 1048 Moutauista
2338 1012 2394 1048 fa-

1269 1064 1348 1092 ctus
1379 1057 1416 1092 in
1447 1056 1537 1094 Lib.
1568 1057 1616 1096 <le
1644 1059 1859 1108 pudicitia,
1904 1061 1936 1097 St
1967 1062 2171 1101 *Novatiani
2215 1065 2318 1116 apud
2353 1064 2395 1103 S.

1270 1108 1520 1147 Ambrosium
1551 1113 1589 1149 in
1620 1112 1766 1151 duodus
1796 1115 1922 1152 Libris
1950 1114 1999 1152 <ie
2028 1121 2286 1167 poenitentia.

1324 1175 1389 1211 71.
1420 1162 1693 1203 Verumtamen
1724 1165 1822 1204 baud
1854 1167 2011 1205 difficile
2052 1171 2122 1207 suit
2151 1173 2290 1208 sanctis
2320 1169 2390 1208 Pa-

1267 1214 1390 1253 tribus
1407 1214 1472 1254 has
1494 1216 1648 1255 frivolas
1669 1221 1906 1272 exceptiones
1928 1221 2188 1272 praecludere.
2210 1223 2257 1261 Et
2273 1238 2394 1274 quan-

1267 1275 1348 1305 tum
1379 1269 1426 1306 ad
1453 1273 1630 1318 primam
1647 1300 1658 1319 ‚
1689 1281 1819 1322 argute
1850 1275 1897 1311 ita
1920 1275 2125 1325 reponebat
2146 1276 2303 1313 Sanctus
2324 1276 2394 1314 Pa—

1266 1324 1400 1359 cianus
1429 1322 1720 1362 Barcinonensis
1749 1326 1873 1377 Epist.
1896 1328 1961 1364 111.
1992 1328 2039 1365 ad
2060 1328 2393 1380 Sympronianum

1267 1374 1549 1414 Novatianum:
1593 1407 1619 1425 ‚‚
1647 1378 1760 1426 Quod
1790 1382 1819 1418 si
1849 1380 1894 1418 ad
1924 1389 2050 1432 gentes
2088 1383 2187 1420 banc
2221 1383 2395 1421 solvendi

1269 1457 1295 1476 „
1325 1427 1545 1477 licentiam,
1576 1431 1634 1469 vel
1652 1431 1794 1483 ligandi
1824 1444 2008 1484 spectasse
2023 1436 2241 1483 concedam,
2272 1436 2396 1474 multo

1268 1510 1294 1529 ,‚
1324 1484 1446 1534 magis
1475 1484 1523 1521 ab
1543 1483 1750 1536 baptizatos
1771 1489 1994 1537 pertinuisse
2015 1490 2266 1528 convincam.
2297 1489 2397 1528 Nam

1267 1563 1294 1582 „
1324 1537 1354 1573 si
1387 1538 1416 1574 is
1445 1537 1540 1574 solvi
1571 1539 1719 1588 potuit,
1764 1538 1823 1577 vel
1855 1539 1995 1592 ligari,
2037 1543 2105 1593 qui
2146 1555 2218 1580 non
2258 1541 2395 1581 habuit

1273 1618 1299 1637 ‚,
1331 1588 1553 1636 vinculum,
1583 1601 1723 1642 quanto
1752 1594 1872 1644 magis
1903 1593 1994 1642 ille,
2037 1609 2153 1647 quem
2184 1595 2272 1634 fidei
2305 1595 2394 1647 jura.

1273 1671 1300 1690 „
1330 1641 1596 1681 tenueruut'’?
1639 1644 1772 1697 Neque
1802 1648 1902 1684 enim
1946 1647 2119 1686 homines
2161 1662 2229 1701 per
2270 1650 2399 1701 bapti-

1273 1710 1399 1734 smum
1424 1696 1620 1735 deterioris
1649 1711 1716 1736 cor.
1734 1699 1873 1738 litionis
1903 1701 1993 1740 facti
2023 1711 2136 1750 sunt,
2167 1711 2207 1740 ut
2242 1716 2398 1743 suorum

1274 1750 1480 1788 criminum
1512 1752 1692 1800 veniam,
1733 1765 1810 1792 non
1839 1754 1996 1805 quidem
2032 1768 2099 1807 per
2131 1756 2364 1808 baptismum
2383 1787 2396 1806 ,

1274 1804 1342 1853 qui
1379 1805 1507 1842 iterari
1548 1817 1622 1842 non
1660 1815 1804 1857 potest,
1852 1808 1917 1845 sert
1947 1822 2014 1858 per
2044 1823 2174 1848 verani
2206 1811 2399 1862 poeniten·

1276 1859 1369 1894 tiam
1398 1859 1582 1909 consequi
1612 1869 1829 1911 nequeant.
1849 1861 1906 1906 ,Et
1926 1861 2114 1900 Dominus
2128 1863 2234 1902 Jesus
2263 1864 2339 1902 duo
2359 1879 2401 1902 a-

1276 1918 1383 1961 perte
1412 1911 1584 1949 distinxit
1613 1912 1859 1952 Sacramenta
1878 1944 1889 1963 ,
1932 1914 1966 1952 ἃ
1998 1926 2246 1969 utrorumque
2274 1918 2402 1955 conse-

1277 1963 1483 2001 rendorum
1518 1973 1737 2015 potestatem
1771 1967 1960 2019 Apostolis
1993 1969 2176 2018 contulit,
2218 1984 2307 2008 cum
2340 1971 2400 2008 di-

1275 2017 1351 2054 xit:
1384 2015 1444 2054 Ice
1458 2047 1469 2065 ‚
1499 2017 1710 2069 baptizate,
1726 2019 1812 2061 &a
1833 2021 1884 2061 (9⁴
1899 2023 2074 2073 Accipite
2095 2022 2285 2074 Spiritum
2307 2037 2401 2062 scm-

1276 2079 1385 2108 ctum
1400 2085 1417 2115 ;
1445 2084 1609 2120 quorum
1638 2077 1892 2123 remiseritis,
1920 2077 2009 2116 &c-

1335 2137 1399 2175 72.
1419 2123 1651 2163 Secundam
1671 2129 1933 2179 exceptionem
1955 2131 2108 2182 penitus
2128 2132 2371 2169 temerariam
2389 2161 2401 2179 s

1276 2178 1462 2230 omnique
1490 2188 1680 2218 carentem
1711 2181 1958 2220 fundamento
1987 2185 2041 2221 sic
2071 2184 2216 2222 ibidem
2245 2186 2286 2223 S.
2311 2185 2400 2221 Bar-

1277 2231 1488 2269 cinonensis
1518 2233 1678 2271 Antistes
1707 2235 1899 2286 explodit:
1944 2237 2215 2288 Quascumque
2242 2238 2400 2274 solveri-

1277 2287 1355 2332 tis,
1397 2287 1520 2336 inquit
1537 2315 1549 2332 ‚
1589 2290 1753 2325 omnino
1780 2287 1876 2325 nihil
1904 2293 2082 2340 excipit;
2110 2303 2369 2341 quaecumque
2386 2320 2397 2338 ‚

1277 2340 1430 2389 inquit,
1458 2338 1516 2377 vei
1544 2351 1725 2391 magna,
1767 2341 1824 2378 νεὶ
1853 2341 2041 2381 modica.
2082 2342 2130 2382 Et
2159 2343 2201 2381 S.
2232 2344 2399 2383 Ambru-

2267 2411 2345 2436 stus

1276 2454 1507 2489 foedissimum
1535 2457 1569 2490 in
1595 2457 1753 2493 Ecclesia
1779 2459 1930 2495 schisma
1956 2462 2146 2503 excitavit3
2172 2461 2262 2496 unde
2290 2463 2400 2497 baere·

1276 2503 1322 2535 sis
1343 2503 1542 2536 Novatiana
1569 2514 1646 2537 orta
1672 2514 1748 2546 est,
1775 2507 1874 2551 cujus
1901 2510 2049 2553 capitale
2069 2519 2143 2543 erat
2168 2508 2292 2553 dogma
2309 2533 2320 2552 ‚
2348 2511 2401 2543 la-

1276 2548 1327 2593 psi
1354 2549 1388 2581 in
1416 2550 1653 2593 persecutione
1680 2553 1768 2585 tanti
1796 2554 1954 2588 criminis
1983 2557 2121 2589 veniam
2159 2556 2333 2601 indulgeri
2360 2558 2403 2590 ab

1276 2593 1444 2636 Ecclesia
1471 2607 1538 2628 non
1565 2608 1662 2640 posse
1680 2609 1692 2638 3
1709 2610 1824 2643 -quam
1850 2610 1967 2646 postea
1995 2603 2254 2636 inclementiam
2284 2603 2402 2636 Nova-

1276 2641 1362 2674 tiani
1389 2640 1431 2674 ad
1458 2642 1525 2675 alia
1552 2644 1711 2686 graviora
1738 2647 1886 2681 crimina
1911 2648 2169 2688 extenderunt,
2196 2661 2234 2682 ae
2255 2647 2399 2683 demum

1278 2686 1320 2721 ad
1345 2688 1463 2721 omnia
1490 2698 1630 2733 peccata
1656 2699 1732 2734 post
1758 2692 1972 2737 baptism-nn
1999 2696 2209 2735 commissu
2236 2697 2400 2740 quarm-is

1280 2735 1398 2767 omnia
1424 2735 1566 2768 omnino
1591 2747 1610 2768 a
1636 2737 1699 2770 Dei
1725 2739 1965 2773 misericordia
1992 2742 2123 2774 remitti
2163 2753 2290 2785 posse,
2334 2755 2406 2776 non

1279 2790 1475 2825 negat-enm
1502 2780 1589 2815 unde
1615 2784 1723 2817 etiam
1749 2796 1804 2818 eos
1831 2785 1873 2818 ad
1898 2785 2052 2821 divinam
2078 2787 2255 2832 justitiam
2280 2788 2345 2833 piis
2365 2801 2403 2822 o-

1279 2827 1420 2872 peribus
1447 2827 1653 2872 placandam
1678 2830 1850 2875 majorem
1877 2833 1910 2865 in
1939 2833 2078 2867 modum
2097 2831 2377 2868 adhortabantur
2394 2858 2401 2867 .

1327 2874 1448 2918 Aliqui
1475 2887 1516 2908 ex
1532 2876 1795 2910 Socinianorum
1822 2890 1923 2923 grege
1948 2892 2004 2913 eos
2031 2882 2156 2914 saltem
2184 2890 2403 2924 peccatores,

1279 2920 1340 2964 qui
1369 2921 1506 2954 nonnisi
1534 2922 1567 2954 in
1595 2922 1660 2955 fine
1686 2923 1766 2956 vitre
1793 2926 2037 2969 poenitentiam
2064 2928 2236 2971 agebant,
2262 2929 2402 2962 venium

1280 2966 1439 3000 obtinere
1466 2979 1566 3012 posse
1591 2970 1791 3013 negabant.
1836 2972 2008 3008 Smalcius
2047 2975 2082 3007 in
2115 2973 2218 3017 refut.
2259 2975 2404 3007 thesium

1280 3013 1409 3057 Woti'g.
1438 3014 1573 3048 Franzii
1599 3017 2072 3062 scribeb³t‚sacinorosos,
2106 3034 2161 3065 qut
2187 3035 2207 3054 a
2233 3021 2402 3064 carmfice

1281 3059 1560 3102 interficiuntur,
1596 3066 1664 3096 vita
1691 3072 1811 3097 εἰει-πα
1837 3070 1991 3108 privari,
2021 3081 2101 3101 esse
2126 3070 2202 3110 plus
2228 3081 2319 3111 ψωηι
2347 3079 2401 3099 ve·

1281 3109 1453 3140 risimile.
1478 3108 1588 3140 Jonas
1614 3118 1730 3143 autem
1757 3110 2030 3157 Scblicbtingius
2058 3115 2092 3147 in
2117 3113 2255 3154 Disvrff.
2283 3121 2401 3145 contra

1281 3150 1512 3194 masuerum,
1536 3154 1738 3196 bominem,
1772 3158 1832 3202 qui
1861 3159 1895 3191 in
1922 3161 2075 3204 peccatis
2101 3159 2233 3194 tamdiu
2263 3171 2399 3192 nume·

1279 3197 1348 3236 rit,
1373 3207 1411 3231 ut
1436 3200 1467 3232 ei
1495 3211 1565 3233 non
1592 3203 1741 3247 amplius
1767 3212 1904 3249 ternpus
1931 3215 2118 3252 suppetat,
2144 3215 2181 3238 ut
2209 3206 2339 3244 vitam,
2366 3207 2398 3235 ἃ·

1279 3253 1391 3298 mores
1415 3246 1598 3289 emendet,
1623 3253 1654 3283 vi
1680 3250 1923 3295 novisoederis
1940 3253 2162 3286 damnandum
2189 3264 2264 3284 esse
2276 3272 2287 3290 ‚
2312 3260 2398 3295 pro-

1278 3299 1446 3324 nunciat.

1321 3337 1369 3374 (b)
1393 3336 1455 3371 Usi
1480 3350 1548 3373 non
1574 3352 1694 3375 sumus
1723 3343 1914 3377 innumeris
1952 3342 1995 3376 iis
2031 3346 2100 3374 vet.
2135 3350 2214 3375 test·
2251 3339 2399 3384 promis-

1277 3379 1460 3426 sionibus,
1483 3387 1613 3430 quibus
1637 3388 1732 3424 Deus
1755 3398 1955 3435 peccatores
1981 3387 2024 3422 ad
2049 3388 2308 3424 conversionem
2341 3398 2403 3421 ex-
