2605 3624
221 125 302 173 144

209 201 273 245 Μ,
305 194 481 247 I’aecipue
509 203 599 230 cum
628 191 708 243 ipse
722 186 763 227 S.
782 187 1009 240 Augustinus
1039 190 1089 227 ita
1110 198 1274 226 nostram

158 252 377 291 sententiam
409 246 617 285 detenderit
637 275 646 292 ,
677 253 714 281 ut
735 245 947 294 oppositam
977 252 1172 296 tamquam
1197 241 1274 278 hae-

154 308 309 342 relicum
344 301 504 338 noluisse
551 298 803 336 condemnare
833 297 933 334 visus
963 298 1035 334 sit.
1084 297 1138 334 lta
1168 298 1270 334 enim

153 357 265 395 babet
284 356 370 394 Lib.
386 354 437 392 V.
458 353 562 391 laud.
586 351 646 389 De
663 350 866 401 Baptismo
895 363 979 401 cap.
1008 362 1084 389 10.:
1119 349 1272 400 Quasn-

153 425 277 463 quum
308 414 366 447 ita
396 406 583 453 credam,
615 403 835 454 baptizasse
864 402 1063 440 Jou-nnem
1095 407 1135 440 in
1165 415 1272 453 aqua

154 467 395 515 poeuitentc'ae
436 465 477 498 in
506 463 783 498 remissionem
824 465 1079 506 peccatorum
1102 486 1111 504 ‚
1155 465 1190 492 ut
1223 455 1273 491 ‹zi›

157 531 204 555 c’o
234 517 442 569 baptizatis
471 518 511 551 in
543 525 608 564 spe
637 515 933 549 remitterentur
961 519 1130 559 peccata
1148 539 1157 557 ‚
1200 511 1273 545 rei-

152 584 228 622 psa
258 584 345 610 vero
374 573 415 607 in
438 567 604 606 Domini
633 564 828 615 baptismo
856 562 896 600 il
913 562 1036 614 fieret
1058 588 1112 600 ....
1134 571 1275 599 tamen

153 639 206 663 ne
234 628 395 676 quisque
425 619 640 660 contendat
658 648 667 666 ,
707 621 830 654 etium
859 620 899 653 in
930 614 1124 665 baptismo
1152 615 1271 652 sotin—

151 683 214 716 πίε
245 678 412 716 ‹iitnisscz
441 688 525 712 esse
555 679 750 724 peccata,
795 668 864 707 setl
893 669 1074 718 aliquam
1104 669 1271 716 αιηρῖιό-

151 745 238 771 rem
269 733 399 769 saum?
436 731 634 765 cntionem
665 728 742 771 eis,
773 735 869 773 quos
893 723 1011 773 jussit
1034 719 1179 758 Paulus
1210 720 1275 757 (ie-

154 799 235 823 nuo
263 784 452 834 baptizari
473 792 541 831 per
571 777 812 827 baptismum
836 773 977 812 Cliristi
995 804 1005 823 ,
1035 787 1121 813 esse
1151 774 1272 812 colla.-

151 849 238 877 tam
256 869 267 889 ,
297 851 375 876 non
405 847 483 888 ugo
511 834 772 884 pugnaciter.

462 939 672 978 Solvuntur
700 934 939 989 objectiones
952 960 964 973 .

205 1052 281 1091 Ob.
310 1051 437 1101 primo
466 1053 593 1086 contra
623 1043 790 1097 primam
833 1041 1007 1094 probat..
1051 1040 1122 1079 Illa
1158 1039 1275 1079 verba

152 1106 329 1152 Zoannis,
372 1115 460 1155 quae
491 1099 591 1152 apud
622 1107 695 1136 tres
724 1095 987 1148 Evangelistas
1018 1094 1274 1143 Mattliaemn,

153 1159 362 1205 Marcum,
391 1156 425 1192 8<
455 1155 602 1194 Lucam
633 1151 832 1202 leguntur:
863 1148 952 1202 Ego
981 1148 1138 1199 quidem
1169 1161 1276 1200 aqua

153 1212 305 1263 baptizo
336 1223 399 1248 ros
429 1208 517 1249 (90-
548 1218 622 1244 non
662 1204 832 1242 indicant
870 1202 1028 1255 aliquod
1072 1203 1277 1240 discrimen

154 1263 350 1304 essentiale
380 1265 479 1301 inter
498 1260 733 1311 baptismum
749 1257 904 1295 Joanuis
925 1285 935 1304 ,
967 1256 1000 1292 8(
1020 1254 1157 1293 Christi
1177 1286 1186 1302 ,
1216 1255 1277 1292 sed

152 1316 391 1357 accidentale
420 1312 681 1354 tantummodo
702 1341 713 1360 ,
756 1310 900 1348 scilicet
938 1309 1037 1362 quod
1070 1311 1109 1347 in
1139 1307 1278 1346 Christi

156 1371 383 1424 baptismate
414 1367 562 1419 majora
578 1366 703 1403 futura
721 1372 839 1401 essent
858 1394 867 1412 ,
898 1363 931 1400 8(
964 1361 1132 1401 visibilia
1153 1362 1278 1412 Spiri-

152 1434 212 1463 tus
241 1425 359 1462 sancti
396 1423 494 1460 dona
516 1450 527 1468 ,
570 1417 702 1471 qualia
745 1418 900 1454 suerunt
946 1417 981 1453 in
1011 1417 1072 1453 die
1102 1414 1278 1452 Penteco-

151 1487 245 1516 stes:
275 1476 345 1514 hoc
376 1476 478 1512 euim
507 1471 694 1523 significat
724 1469 822 1507 illud
851 1470 1100 1518 adjunctum:
1130 1467 1177 1505 In
1194 1468 1280 1518 Spi-

151 1534 228 1568 ritu
258 1538 400 1568 stiricto
417 1557 427 1575 ,
457 1526 506 1566 ἐϋ·
527 1529 619 1576 igne
636 1548 645 1560 .
676 1522 789 1569 Quod
806 1520 947 1559 clarius
969 1522 1150 1572 expressit
1166 1520 1279 1558 Chri-

152 1594 229 1624 stus
271 1585 351 1635 ipse
381 1581 509 1619 Actor.
546 1579 577 1616 1.
608 1577 647 1615 5.
677 1576 804 1613 dicens
844 1573 1058 1626 Apostolis:
1100 1573 1280 1617 =Ioannes

152 1636 310 1690 quidem
341 1635 548 1686 baptizavit
577 1642 687 1681 aqua
705 1659 716 1677 ,
747 1637 964 1667 vosautem
984 1625 1280 1676 baptizabimini

153 1692 300 1743 Spiritu
329 1697 470 1728 sancto
500 1698 580 1723 non
609 1692 692 1734 post
724 1681 865 1719 multos
894 1680 963 1719 lios
994 1680 1102 1730 dies,
1135 1679 1280 1719 scilicet

151 1748 193 1784 in
223 1745 396 1796 proximo
425 1741 658 1780 Pentecostes
687 1736 799 1774 Festo
817 1763 826 1774 .

212 1797 275 1837 56.
306 1797 448 1848 Resp.,
492 1794 644 1832 nomine
681 1789 848 1839 Spiritus
890 1791 1049 1836 sancti,
1092 1787 1142 1828 (9
1180 1790 1282 1839 ignis

155 1852 257 1904 apud
288 1859 358 1888 tres
387 1848 557 1886 laudatos
588 1843 849 1895 Evangelistas
877 1855 951 1879 non
987 1842 1188 1891 designari⁴
1208 1842 1282 1878 nisi

154 1903 397 1944 invisibilem
419 1901 584 1953 Spiritus
614 1898 732 1936 sancti
751 1897 911 1947 gratiam
930 1925 940 1944 ,
970 1909 1058 1946 quae
1091 1907 1157 1945 per
1172 1892 1283 1931 Chri-

157 1959 206 1999 sti
236 1957 473 2008 baptismum
504 1950 683 1990 cordibus
725 1950 1001 2000 baptizatorum
1046 1948 1284 1985 infunditur:

156 2011 336 2065 quamvis
365 2008 441 2047 alio
469 2007 509 2045 in
552 2004 656 2052 loco,
701 2002 842 2040 scilicet
876 2001 957 2039 Act.
981 2001 1010 2038 I.
1043 2002 1079 2038 5.
1099 2029 1109 2048 ,
1155 2000 1187 2035 8<
1219 2000 1286 2037 ite-

157 2078 247 2105 rum
281 2064 363 2102 Act.
394 2061 465 2100 Xl.
501 2058 590 2106 16.,
633 2056 877 2107 designentur
920 2053 1091 2092 visibilia
1121 2053 1286 2106 Spiritus

157 2118 279 2157 saneti
308 2117 407 2154 dona
428 2145 439 2164 ,
480 2126 568 2165 quae
601 2108 770 2162 Apostoli
813 2110 853 2146 in
901 2108 963 2145 die
993 2106 1221 2144 pentecostes
1251 2120 1288 2143 e-

157 2181 242 2210 raut
273 2169 490 2220 recepturi,
536 2164 690 2217 qnando
718 2161 863 2200 scilicet
905 2169 1173 2211 apparuerunt
1214 2160 1288 2196 illis

162 2224 380 2276 dispertitae
410 2222 586 2273 liuguae,
634 2226 846 2267 tamquam
876 2218 1005 2267 ignis.
1055 2216 1139 2251 Act.
1170 2214 1217 2251 ll.
1251 2213 1288 2251 5.

179 2278 273 2316 latio
303 2274 416 2323 liuius
437 2272 685 2312 distinctionis
715 2273 841 2321 primo
862 2268 1073 2306 desumitur
1094 2280 1137 2305 ex
1159 2267 1288 2305 Sanct.

165 2331 322 2370 Patrum
353 2323 555 2366 traditione
584 2337 698 2376 supra
729 2322 916 2373 allegata,
945 2321 1087 2374 quibus
1115 2320 1201 2358 addi
1226 2334 1290 2371 po-

163 2393 232 2425 test
261 2383 302 2421 S.
332 2382 391 2421 Jo.
420 2379 709 2420 Cltrvsnstomus
728 2406 739 2425 ‚
782 2378 830 2413 ita
861 2374 962 2413 bunc
1010 2374 1138 2413 locum
1180 2375 1291 2411 inter-

196 2445 335 2475 retatus
356 2427 558 2473 Hom.Xl.
590 2433 627 2468 in
658 2428 797 2468 Matth.
815 2460 826 2477 ,
858 2427 966 2481 Ignis
995 2427 1199 2466 additione
1228 2439 1288 2464 re-

163 2453 412 2528 {ementium
432 2517 443 2534 ,
485 2487 533 2526 <9¹
562 2478 798 2533 efficacium
822 2485 967 2535 ἐνατία.)
994 2480 1288 2520 demonstrari.

166 2541 350 2584 Secundo
371 2571 381 2591 ,
411 2541 502 2593 quia
522 2538 682 2577 Joannes
703 2537 931 2589 loquebatur
951 2535 999 2575 ad
1019 2535 1169 2584 turbas,
1200 2546 1288 2587 quae

216 2707 264 2742 (a)
287 2701 366 2734 Non
393 2707 509 2733 tamen
537 2708 728 2743 negamus,
765 2697 905 2731 nomine
939 2698 1032 2741 ignis
1077 2696 1230 2741 potuisse
1256 2706 1294 2727 e-

169 2749 258 2783 tiam
283 2745 461 2790 indignari
499 2745 708 2778 miraculum
748 2743 976 2789 apparitionis
1014 2742 1194 2786 ignearum
1228 2742 1295 2774 lin-

172 2805 320 2839 guarum
348 2792 382 2825 in
416 2791 471 2825 die
500 2793 742 2831 Pentecostes‚
780 2800 818 2823 nt
853 2790 961 2834 aliqui
988 2789 1106 2821 Patres
1140 2788 1294 2832 explica-

170 2849 257 2874 :runt
277 2836 568 2872 Acatecrhismus
595 2839 772 2871 Romanus
810 2837 845 2869 P.
873 2837 915 2868 ll.
955 2847 1030 2880 cap.
1059 2844 1091 2866 2.
1128 2845 1162 2866 n.
1192 2845 1225 2876 7.
1252 2846 1293 2866 u-

174 2895 337 2929 tramque
362 2886 630 2928 explicationem
661 2882 818 2917 admittit
837 2905 846 2914 .
884 2880 966 2914 Vid.
992 2879 1129 2914 erudita
1156 2880 1293 2912 Disser-

172 2933 266 2966 tatio
294 2932 328 2963 P.
355 2931 452 2964 Casti
480 2932 599 2962 lnnoc.
627 2929 771 2963 Ansaldi
798 2929 853 2962 De
878 2928 1088 2971 Baptismate
1114 2928 1150 2957 in
1177 2925 1297 2967 Spiri-

174 2987 211 3013 111
237 2985 356 3011 sancto
384 2979 425 3008 Θ
452 2972 556 3019 igne:
589 2974 730 3008 Mediol.
761 2976 864 3019 1752.
881 2995 892 3014 ,
919 2976 953 3007 in
981 2985 1049 3018 qua
1076 2981 1202 3004 novam
1228 2970 1295 3002 hu-

177 3025 234 3070 jus
259 3023 323 3057 loci
351 3023 525 3064 exegesim
565 3021 751 3063 exhibuit,
789 3030 915 3065 putans
933 3042 943 3060 ‚
972 3019 1110 3052 nomine
1138 3016 1295 3058 Spiritus

178 3074 314 3110 sancti,
342 3073 382 3102 U
409 3071 503 3111 ignis
541 3066 640 3111 juxta
677 3067 856 3110 vulgatam
898 3077 939 3098 eo
975 3075 1128 3108 tempore
1154 3060 1296 3095 Judaeo-

175 3129 258 3151 rum
284 3114 551 3158 intelligentiam
579 3124 646 3145 non
672 3113 860 3155 significari
886 3111 953 3144 nisi
980 3111 1124 3155 gloriam
1145 3109 1297 3141 miracu-

171 3164 294 3197 Jornm
314 3184 323 3202 ,
350 3161 476 3205 quibus
503 3167 670 3191 venturus
700 3158 844 3190 Messias
869 3168 1051 3190 coruscare
1078 3154 1248 3188 debebat.

231 3211 278 3248 -b)
308 3209 342 3240 Si
369 3203 567 3239 Germ-dum
593 3205 648 3237 Jo.
667 3204 833 3237 Vossium
871 3202 1052 3236 audiamus
1090 3202 1123 3234 in
1151 3202 1297 3234 Dissert.

178 3256 274 3290 Vnt.
301 3254 356 3287 De
374 3253 548 3297 Baptismo
584 3250 673 3285 thesi
693 3250 749 3283 33.
764 3250 876 3294 prima
894 3249 968 3281 haec
995 3248 1236 3292 interpretatio
1253 3254 1305 3279 est

180 3302 358 3341 admodum
382 3301 514 3333 nouella
530 3321 540 3339 ,
579 3301 698 3342 quippe
725 3304 805 3329 nutu
831 3299 904 3339 ipso
923 3296 1000 3340 jam
1025 3303 1102 3327 nato
1123 3316 1134 3334 ‚
1160 3302 1303 3326 auctore

182 3348 273 3383 Phil.
297 3346 502 3388 Mamurio,
535 3342 699 3390 adoptata
733 3349 852 3388 postea
878 3354 898 3377 a
924 3339 1109 3376 Theodoro
1131 3341 1217 3376 Ber-a
1235 3360 1247 3381 ‚
1272 3342 1305 3374 δε

970 108 1235 154 DISSERT.
1259 107 1336 151 ΙΙΙ.
1371 104 1501 149 CAP.
1530 105 1608 148 ΙΙΙ.

1343 194 1447 223 erant
1477 185 1632 238 quidem
1670 183 1907 236 baptizandae
1938 183 1977 222 in
2007 182 2154 236 Spiritu
2184 189 2339 232 sancto,
2381 196 2458 224 non

1342 249 1468 277 tamen
1497 239 1567 277 sub
1612 238 1756 275 visibili
1804 237 1926 288 figura
1969 237 2187 289 linguarum
2231 238 2459 289 ignearum.

1342 292 1511 330 Christus
1541 301 1665 328 autem
1697 299 1777 343 post
1805 305 1912 328 suam
1945 292 2254 329 resurrectionem
2285 290 2459 343 alloque-

1340 345 1451 384 batur
1482 343 1701 396 Apostolos,
1751 342 1784 378 8<
1815 343 2060 396 Discipulos,
2103 343 2245 397 quibus
2274 343 2360 382 solis
2388 343 2460 381 sub

1342 399 1464 449 figura
1496 400 1690 448 ignearum
1734 395 1954 447 linguarum
1998 397 2144 436 dandus
2191 406 2267 435 erat
2297 398 2463 449 Spiritus

1343 461 1515 488 sanctus.
1564 449 1693 486 Tertio
1723 449 1935 500 baptismus
1978 450 2085 489 datus
2116 450 2302 503 Apostolis
2331 452 2370 488 in
2399 450 2462 487 die

1343 503 1573 541 I'entccostes
1604 510 1746 553 poterat
1775 503 1930 553 quidem
1961 503 2146 555 appellari
2179 509 2219 542 in
2248 508 2339 556 igne
2358 533 2368 551 ,
2398 503 2461 541 sed

1344 570 1416 594 non
1446 559 1487 593 z'n
1515 568 1624 605 aqua
1646 584 1656 602 ,
1686 555 1735 594 ζ’)
1765 558 1882 605 igne.
1912 554 2092 595 Demum
2119 558 2273 609 quando
2292 557 2464 595 Christus

1342 610 1451 647 Joau.
1477 609 1541 646 lll.
1581 606 1701 645 voluit
1733 609 1987 646 necessitatem
2024 611 2081 647 sui
2125 611 2305 663 baptismi
2335 612 2463 662 expri-

1343 676 1446 700 mere
1468 692 1478 711 ,
1509 660 1658 699 nullam
1689 661 1784 711 ignis
1814 661 2043 698 mentionem
2074 663 2164 700 fecit
2185 693 2195 711 ,
2224 664 2288 702 sed
2307 672 2464 703 'tantuin

1343 729 1455 768 aquae
1474 746 1483 764 ,
1515 714 1547 750 8<
1577 714 1742 766 Spiritus
1772 714 1911 751 sancti:
1953 711 2043 751 Nisi
2073 718 2157 765 quis
2187 724 2350 754 renatus
2366 716 2465 768 fue-

1344 773 1394 807 rit
1423 783 1477 807 ex
1505 782 1611 819 aqua
1629 797 1640 814 ,
1677 768 1726 808 ἶν’
1756 766 1898 816 Spiritu
1929 775 2071 804 sancto
2094 797 2104 816 ,
2147 780 2227 806 non
2256 777 2379 818 potest
2408 774 2467 807 in-

1345 831 1465 861 troire
1495 826 1534 859 in
1563 834 1731 873 regnum
1762 820 1866 859 Dei.
1909 820 1997 869 Quo
2026 822 2066 859 in
2096 821 2178 859 loco
2220 833 2308 858 cum
2353 822 2467 859 etiam

1345 875 1499 929 parvuli
1535 874 1934 926 comprehendantur,
1979 874 2132 912 nomine
2153 873 2317 927 Spiritus
2346 875 2464 912 sancti

1347 942 1422 968 non
1452 938 1568 982 potest
1597 929 1784 979 designari
1815 928 1887 965 nisi
1918 927 2123 966 invisibilis
2151 929 2271 980 gratia
2300 927 2469 966 sanctifi-

1342 997 1458 1032 cans,
1501 986 1577 1020 non
1608 991 1733 1020 autem
1771 980 1940 1020 visibilia
1969 980 2133 1033 Spiritus
2175 982 2295 1021 sancti
2337 981 2468 1030 dona,

1343 1051 1508 1090 quorum
1539 1036 1700 1074 infantes
1731 1037 1930 1086 incapaces
1959 1044 2045 1073 sunt
2077 1034 2140 1086 (a)
2161 1061 2171 1073 .

1401 1091 1466 1141 57.
1495 1089 1571 1127 Ob.
1601 1088 1774 1127 secundo
1802 1097 1932 1126 contra
1972 1087 2130 1127 alteram
2161 1087 2309 1141 probat.
2339 1102 2376 1127 n.
2399 1087 2464 1127 58.

1345 1143 1475 1182 Verba
1505 1142 1573 1181 illa
1603 1143 1686 1181 Act.
1707 1141 1819 1180 XIX.
1850 1154 1946 1180 vers.
1979 1142 2014 1178 5.
2045 1140 2121 1179 His
2169 1141 2314 1179 auditis
2343 1140 2468 1191 bapti-

1347 1200 1427 1235 zati
1475 1205 1566 1234 sunt
1603 1200 1645 1233 in
1673 1198 1834 1233 nomine
1863 1193 2029 1232 Domini
2057 1194 2148 1233 Jesu
2178 1194 2277 1234 male
2307 1209 2328 1232 a
2359 1194 2475 1237 nobis<

1347 1251 1618 1302 accipiuntur,
1648 1250 1757 1302 quasi
1785 1248 1964 1299 baptizati
1994 1262 2016 1286 a
2044 1248 2213 1296 Joanne,
2245 1249 2387 1287 fuerint
2417 1247 2467 1285 ab

1347 1303 1537 1355 Apostolis
1568 1303 1817 1354 rebaptizati.
1860 1300 1960 1339 Nam
1990 1306 2118 1348 primo
2147 1302 2216 1340 illa
2246 1301 2363 1341 verba
2393 1314 2468 1338 non

1344 1366 1429 1395 sunt
1456 1357 1574 1395 Lucae
1604 1357 1815 1403 narrantis,
1859 1354 1954 1406 quid
1983 1353 2123 1393 Paulus
2151 1369 2239 1393 cum
2272 1355 2348 1392 illis
2378 1355 2471 1391 duo-

1347 1410 1471 1448 decim
1502 1411 1698 1462 baptizatis
1727 1425 1750 1448 a
1778 1409 1924 1447 Joanne
1954 1409 2096 1459 egerit,
2140 1409 2203 1446 sed
2234 1417 2319 1446 sunt
2350 1407 2470 1459 ipsius

1347 1462 1485 1511 Pauli,
1518 1465 1585 1516 qui
1609 1464 1752 1502 ibidem
1783 1463 1937 1514 exponit
1959 1491 1969 1510 ,
2000 1462 2191 1514 quomodo
2210 1461 2371 1499 Joannes
2399 1460 2468 1498 ba-

1350 1518 1490 1567 ptizare
1521 1517 1679 1564 soleret,
1711 1518 1750 1555 in
1781 1515 1881 1553 hunc
1911 1514 2094 1553 modum:
2135 1515 2314 1553 „Ioannes
2343 1512 2469 1564 bapti-

1348 1574 1452 1607 :neit
1482 1569 1675 1619 baptismo
1711 1571 1953 1620 poenitentia?
1996 1569 2179 1619 populum
2219 1568 2382 1614 (licens,
2430 1570 2472 1604 in

1349 1636 1470 1671 eum,
1514 1626 1578 1671 qui
1608 1631 1791 1660 venturus
1821 1631 1923 1659 esset
1951 1631 2035 1669 post
2065 1626 2192 1671 ipsum
2215 1652 2226 1670 ,
2269 1631 2310 1659 ut
2339 1619 2477 1659 crede·

1348 1684 1437 1713 rent·
1455 1705 1466 1723 ,
1496 1674 1567 1712 hoo
1596 1685 1654 1713 est
1682 1680 1723 1712 in
1738 1675 1874 1713 Iesum
1891 1701 1901 1712 .
1932 1673 2008 1710 His
2037 1684 2176 1712 autem
2205 1675 2351 1712 auditis
2373 1677 2388 1725 (
2410 1687 2475 1721 seu

1350 1730 1494 1781 potius,
1525 1738 1563 1766 ut
1583 1742 1729 1780 graecus
1759 1726 2007 1766 textusltabet
2038 1723 2070 1767 ’ἇι
2097 1727 2133 1766 δὲ
2166 1724 2372 1768 οἰκίσαντες
2391 1756 2401 1774 ,
2432 1728 2476 1763 tt-

1351 1784 1377 1820 li
1407 1791 1545 1819 atatem.
1582 1782 1790 1820 audientes
1809 1812 1819 1829 ,
1867 1779 2012 1818 scilicet
2055 1778 2239 1828 discipuli
2270 1779 2430 1816 Joannis
2461 1781 2477 1828 )

1350 1835 1539 1888 baptizati
1583 1846 1673 1874 sunt
1717 1840 1757 1874 in
1800 1836 1964 1872 nomine
1994 1831 2161 1871 Domini
2197 1831 2317 1880 Jesu,
2360 1846 2478 1885 quem

1353 1890 1518 1928 Joannes
1547 1890 1783 1941 praedicabat
1813 1896 2039 1926 venturum.
2080 1885 2190 1923 Unde
2219 1900 2344 1924 seusus
2374 1886 2480 1924 illius

1353 1941 1428 1981 loci
1458 1951 1535 1980 est:
1564 1941 1620 1980 Et
1649 1942 1856 1980 audientes
1887 1944 1901 1991 (
1932 1940 2116 1977 Joannem
2140 1939 2346 1990 Baptistam
2377 1939 2477 1988 )ba-

1353 1999 1488 2048 ptizati
1516 2003 1607 2033 suni
1635 1999 1677 2032 in
1707 1998 1869 2032 nomine
1890 1992 2083 2040 Domini,
2114 2005 2249 2042 nempe
2278 1992 2328 2030 ab
2344 1994 2479 2030 eodem

1354 2050 1521 2087 Joanue.
1565 2046 1643 2086 Alii
1674 2048 1830 2096 dicunt,
1861 2059 1921 2084 eos
1939 2075 1949 2093 ,
1978 2046 2047 2097 qni
2077 2059 2099 2082 a
2128 2043 2246 2082 Paulo
2274 2043 2367 2096 jussi
2396 2055 2481 2085 suut

1355 2101 1568 2155 baptizari,
1608 2114 1682 2139 non
1714 2102 1831 2139 fuisse
1860 2114 1882 2137 a
1910 2099 2056 2137 Joanue
2087 2099 2168 2149 ipso
2197 2098 2405 2150 baptizatos
2437 2103 2479 2136 in

1355 2158 1518 2194 nomine
1548 2153 1746 2202 Domini,
1789 2154 1853 2192 sed
1882 2153 2003 2205 potius
2032 2166 2053 2190 a
2082 2152 2242 2190 Joannis
2284 2152 2483 2204 discipulis

1356 2211 1396 2247 in
1426 2208 1582 2246 nomine
1611 2208 1730 2260 ipsius
1758 2206 1936 2254 Joanuis,
1980 2205 2148 2257 adeoque
2178 2218 2251 2242 non
2281 2205 2397 2244 fuisse
2426 2219 2485 2243 re-

1357 2262 1590 2315 baptizatOS,
1633 2261 1695 2299 sed
1724 2261 1953 2312 simpliciter
1982 2258 2216 2311 baptizatos,
2259 2273 2347 2297 cum
2379 2259 2485 2312 prior

1358 2315 1571 2368 baptismus
1601 2314 1726 2353 inanis
1756 2314 1897 2353 fuerit.
1942 2312 2036 2350 Haec
2076 2313 2256 2364 posterior
2299 2315 2484 2352 sententia

1360 2369 1650 2408 fundamentum
1680 2366 1793 2406 babet
1822 2369 1861 2406 in
1892 2366 2095 2405 Ambrosio
2124 2365 2189 2403 De
2209 2365 2355 2417 Spiritu
2386 2380 2483 2405 san-

1359 2432 1421 2461 cto
1451 2436 1536 2473 cap.
1571 2421 1612 2459 5.·
1638 2420 1673 2458 8(
1702 2421 1843 2472 Optato
1880 2419 2110 2460 Milevitano
2139 2418 2228 2457 Lib.
2263 2419 2310 2458 V.
2353 2430 2483 2458 contra.

1358 2476 1654 2523 Parmenianum
1687 2473 1743 2526 (b)
1767 2500 1777 2512 .

1416 2530 1481 2570 58.
1512 2527 1624 2581 Resp.
1654 2528 1701 2567 ad
1730 2527 1902 2581 primum
1920 2555 1931 2576 ,
1960 2524 2073 2564 illam
2104 2523 2450 2576 interpretationem
2473 2556 2486 2577 ,

2371 2589 2428 2619 ut—

1364 2705 1384 2727 a
1409 2687 1529 2724 multis
1556 2688 1632 2722 aliis
1659 2700 1760 2726 sectae
1787 2685 2024 2723 Calvinisticae
2041 2705 2051 2725 ‚
2083 2683 2210 2728 quibus
2249 2685 2372 2730 volupe
2399 2692 2451 2717 est
2473 2704 2485 2725 ,

1363 2739 1407 2773 ab
1434 2737 1579 2780 antiqua
1612 2745 1768 2772 veterum
1796 2738 1937 2770 Pati-um
1964 2731 2154 2775 Scriptura?
2194 2731 2486 2776 interpretatione

1362 2783 1546 2818 recedere.
1588 2782 1825 2825 Quamobrem
1852 2784 1923 2827 ipse
1953 2791 2018 2812 non
2055 2775 2220 2817 dubitat,
2257 2779 2358 2811 illum
2387 2777 2487 2810 Pauli

1360 2839 1559 2864 sermonem
1585 2839 1656 2860 esse
1682 2827 1952 2864 α’νννταπιίὃοτον
1967 2846 1977 2865 ,
1995 2828 2026 2857 &
2041 2832 2176 2868 partem
2200 2824 2325 2865 Paulo,
2355 2832 2492 2869 partem

1359 2887 1444 2909 vero
1459 2875 1560 2907 Lucan
1588 2886 1660 2907 esse
1682 2870 1926 2906 tribuendam.
1955 2871 2072 2904 Etiam
2088 2871 2187 2914 Hugo
2203 2871 2346 2904 Grotius
2371 2869 2490 2904 Calvi·-

1362 2923 1454 2956 nista
1480 2922 1645 2960 mollior,
1685 2922 1714 2951 &
1742 2918 1892 2952 Arminii
1921 2918 2079 2957 assecla,
2115 2917 2226 2949 fassus
2265 2926 2343 2958 est,
2389 2914 2484 2949 Lati-

1362 2979 1445 3001 nutn
1463 2989 1472 3006 ,
1500 2968 1630 3011 Syrum
1647 2988 1657 3006 ‚
1695 2965 1851 2998 Arabum
1873 2986 1883 3003 ,
1917 2967 1947 2997 δι
1974 2972 2106 2996 veteres
2133 2975 2254 2996 omnes
2281 2972 2360 2996 ante
2386 2962 2484 2994 Mar·-

1363 3015 1502 3047 nixium
1530 3013 1709 3057 agnovisse
1735 3012 1794 3044 illa
1821 3011 1951 3043 verlm:
1982 3010 2052 3043 His
2077 3012 2238 3050 auditis,
2265 3011 2317 3042 vel
2343 3007 2485 3040 andien-

1366 3069 1418 3094 tes
1459 3068 1567 3094 autem
1595 3065 1667 3092 Uc-
1694 3069 1765 3090 esse
1793 3058 1827 3089 S.
1856 3058 1959 3090 Lucae
1998 3056 2276 3100 historiographi
2302 3052 2486 3096 Apostolo-

1367 3117 1474 3139 rum.
1518 3105 1684 3140 Nonnulli
1714 3103 1772 3136 alii
1798 3103 2005 3138 heterodoxi
2031 3103 2067 3135 iu
2093 3100 2248 3135 eamdem
2275 3098 2485 3130 sententiam

1368 3153 1523 3186 citantur
1551 3165 1568 3185 a
1596 3153 1744 3184 (friticis
1784 3154 1923 3192 sacris,
1962 3153 1994 3183 δε
2020 3163 2038 3184 a
2065 3147 2233 3182 Matthaeo
2261 3144 2345 3187 Poly
2373 3144 2407 3175 in
2433 3154 2490 3175 eo-

1372 3197 1531 3232 rumdem
1559 3199 1772 3232 Criticorum
1800 3198 1961 3241 Srnopsi
1978 3220 1986 3228 .
2023 3197 2141 3230 Altera
2167 3190 2410 3234 interpretatio
2435 3196 2487 3222 est

1375 3246 1660 3279 Centuriatorum
1698 3242 2053 3288 magdeburgensium
2090 3239 2250 3270 Centurio
2278 3238 2302 3268 l·
2343 3236 2419 3269 Lib-
2447 3236 2490 3268 ll·

1375 3304 1450 3337 cap.
1477 3293 1534 3332 6.,
1573 3295 1604 3324 &
1633 3291 1747 3324 Buleri
1777 3291 1811 3323 in
1838 3302 1913 3335 cap.
1940 3290 2001 3323 111.
2028 3283 2211 3320 Matthaei.
2247 3283 2379 3315 Multas
2405 3281 2491 3314 alias

1372 3339 1474 3384 plane
1499 3349 1649 3385 nugaces
1675 3344 1883 3377 enumerat,
1921 3339 1952 3370 ὃς
1979 3330 2106 3367 refellit
2133 3327 2239 3365 Card.
2264 3328 2497 3364 Bellarminus
