2605 3624
217 137 299 179 168
973 117 1239 165 DISSER‘I'.
1260 116 1339 162 III.
1371 115 1501 161 CAP.
1523 116 1645 161 VIII.

153 226 220 251 eos
237 210 390 262 jecisse
417 204 526 242 nobis
555 201 804 254 exploratum
836 212 921 238 esse
950 198 1078 248 debet,
1122 208 1161 237 ut
1191 202 1263 235 ini-

152 270 205 302 τέω
235 263 432 299 nascentis
465 257 658 295 Ecclesia>
672 255 761 293 Jesu
787 253 926 291 Clu-isti
956 257 1131 301 nomine,
1160 265 1262 303 proe-

151 316 297 353 dicatio
326 314 510 350 illustrior
526 310 649 364 fieret
667 340 677 357 ,
707 308 940 358 ‹iit-itiaque,
983 308 1031 346 Θ
1061 311 1263 343 immensa.

151 370 238 421 ejus
277 375 451 417 pote-stas
490 368 622 416 magis
668 360 958 400 celebraretur.
1010 359 1093 397 Post
1135 369 1262 397 autem

150 436 261 462 num.
288 420 346 459 16.
384 418 501 457 aliam
531 419 754 456 sententiam
784 416 972 460 insinuat,
1015 412 1157 451 scilicet
1186 411 1264 449 dici

153 475 351 527 Apostolos
379 473 585 524 baptizasse
618 472 657 507 iu
695 471 850 508 nomine
877 467 1045 514 Christi,
1083 474 1121 503 ut
1151 465 1264 515 sigui-

154 528 319 576 ficetnr,
363 528 461 578 ipsos
491 523 688 563 contulisse
725 523 979 573 baptismum,
1026 531 1108 556 non
1144 520 1208 567 qui
1236 529 1265 552 a.

153 581 310 620 ιῙοιῑηηε
332 610 342 628 ,
379 578 449 616 seii
477 582 539 629 qui
568 591 595 614 a
627 575 778 613 Christo
807 573 980 611 Domino
1009 570 1176 608 traditus
1206 581 1265 605 es-

152 644 241 679 set,-
271 636 433 672 tametsi
453 645 479 668 <i
496 632 719 674 communi,
749 628 961 667 &usitata
978 622 1147 676 forma,
1176 634 1266 673 quie

151 688 339 726 distincta
368 691 486 723 trium
505 684 772 721 Personarum
793 682 962 717 nomina
990 680 1184 724 continet,
1215 674 1269 711 Α-

152 742 290 794 postoli
320 754 398 777 uon
428 736 672 775 discederent
694 760 704 772 .

209 809 297 833 201.
329 791 657 831 Eminentissimus
717 785 828 822 Card.
884 782 1109 822 Vincentius
1165 780 1269 818 Gotti

151 848 280 887 Tract.
311 846 357 884 tle
378 845 581 895 Btiptz'stno
601 848 738 893 quaest.
760 839 788 876 Ι.
811 836 915 875 Dub.
935 851 971 887 7.
1001 835 1039 886 §-
1056 835 1095 879 4.
1125 842 1268 871 utram-

150 915 226 954 que
255 900 476 939 sententiam
505 893 743 946 probabilem
773 898 946 941 reputat,
986 888 1152 940 primam
1182 885 1269 937 qui-

151 955 239 992 dem
269 954 309 991 S.
340 951 500 989 'J‘homae
519 979 529 996 ,
577 947 668 998 quia
697 943 929 982 conformior
972 951 1024 978 est
1054 940 1182 978 multis
1211 953 1270 977 sa-

150 1021 227 1046 crae
258 1003 524 1058 Apostolorum
555 1000 721 1037 historiae
751 997 844 1034 locis
872 994 1094 1033 litteraliter
1122 992 1272 1031 intelle-

151 1063 246 1105 cti03
293 1057 451 1096 alteram
482 1067 599 1101 vero,
646 1053 739 1104 quia
769 1049 888 1100 magis
929 1055 1108 1087 consonat
1146 1045 1272 1085 verbis

149 1112 317 1159 Christi,
362 1110 430 1162 qui
461 1106 649 1160 Apostolis
678 1104 786 1155 jussit
815 1103 1008 1153 baptizare
1038 1106 1078 1139 in
1107 1104 1272 1137 nomine

151 1165 312 1213 Patris,
342 1164 391 1204 Εἴ)
420 1161 535 1209 Filii,
565 1161 614 1201 (9¹
644 1158 810 1209 Spiritus
839 1159 999 1194 suncti.
1037 1154 1116 1192 Nec
1145 1162 1273 1191 tamen

149 1227 280 1270 putat,
311 1232 347 1255 se
377 1231 399 1254 a
428 1215 468 1254 S.
490 1214 653 1254 Thomae
686 1220 808 1249 mente
839 1209 1038 1257 recedere,
1067 1207 1160 1259 quia
1180 1207 1273 1244 dum

150 1273 268 1319 dicit,
302 1283 372 1308 non
402 1268 529 1306 valere
557 1267 790 1318 baptismum
822 1264 861 1300 in
890 1262 1006 1300 solius
1034 1259 1175 1298 Christi
1205 1272 1274 1297 no-

152 1326 258 1364 mine
287 1323 491 1370 collatum,
522 1320 692 1372 loquitur
720 1316 926 1360 obsolute;
954 1315 1048 1352 dum
1068 1322 1199 1351 autem
1218 1326 1274 1350 as-

152 1379 270 1425 serit,
304 1375 495 1428 Apostolos
527 1387 570 1411 ex
603 1371 881 1423 dispensatione
909 1369 1037 1406 diviua
1066 1366 1275 1418 baptizasse

153 1432 194 1468 in
225 1429 340 1468 solius
369 1428 506 1466 Christi
537 1427 718 1472 nomine,
750 1423 916 1475 loquitur
938 1419 1208 1473 hypothetice.
1240 1419 1275 1456 1-

150 1483 255 1536 psius
285 1482 441 1531 vestigia
470 1480 601 1531 pressit
628 1479 716 1515 Car.
747 1475 843 1513 Ren.
873 1473 1037 1512 Billuart
1074 1475 1113 1510 in
1145 1473 1276 1510 Tract.

151 1536 200 1574 de
221 1535 425 1586 Baptismo
445 1532 601 1570 Dissert.
622 1531 652 1568 Ι.
682 1537 753 1568 art.
774 1529 813 1574 4.
844 1526 882 1579 §.
904 1527 940 1565 5.
973 1526 1167 1576 utriusque
1188 1538 1276 1577 par-

152 1591 199 1628 tis
227 1596 417 1628 momenta
446 1584 684 1638 expendens,
715 1580 749 1617 8t
779 1579 878 1618 nihil
908 1577 1167 1618 concludens.

496 1693 526 1730 C
557 1692 589 1730 A
617 1689 646 1727 P
674 1688 710 1728 U
743 1687 777 1726 T
861 1686 934 1725 IX.

266 1803 333 1842 De
361 1802 546 1852 baptismi
575 1804 800 1850 praecepto,
828 1793 877 1835 ΕΞ*
907 1794 1168 1831 necessitate.

213 1923 304 1949 202.
319 1885 574 1951 Mirandum
606 1912 704 1943 certe
734 1909 811 1949 est,
842 1909 923 1952 post
951 1907 1028 1937 tam
1060 1897 1208 1944 multa,
1242 1895 1276 1932 St

191 1965 363 2016 erspicua
392 1973 584 1999 sacrarum
614 1957 900 2007 Scripturarum
930 1953 1163 1997 testimonia,
1193 1950 1281 2000 qui-

160 1977 235 2057 bus
263 2017 397 2068 origO,
426 2013 636 2061 institutiO,
666 2009 851 2056 materia,
883 2007 1033 2055 forma,
1063 2004 1096 2041 8<
1126 2004 1281 2046 necessi-

216 2209 265 2243 (a)
295 2203 387 2242 Eos,
427 2200 487 2244 qui
514 2198 720 2239 materiam,
764 2196 820 2230 vel
847 2197 996 2230 formam
1030 2193 1198 2239 baptismi
1224 2201 1284 2228 aut

166 2251 360 2289 vitiantes,
401 2255 459 2281 aut
497 2257 638 2290 prorsus
676 2244 876 2289 rejicientes
914 2244 1066 2287 baptism
1086 2254 1130 2275 *iu
1170 2243 1284 2287 ipsum

163 2302 417 2340 consequenter
442 2293 636 2331 tollebant,
677 2291 917 2324 recmsuimus
946 2290 980 2321 in
1008 2298 1078 2321 not.
1120 2287 1162 2321 ad
1188 2300 1283 2320 nuni.

163 2354 272 2383 ιιι,
311 2345 341 2374 ἃ
370 2341 404 2373 in
431 2349 503 2372 not.
531 2337 574 2370 ml
600 2349 698 2370 num.
721 2337 799 2370 161.
843 2334 909 2368 Sed
936 2336 994 2368 alii
1024 2336 1188 2374 fuerunt,
1226 2334 1285 2377 qui

166 2397 285 2434 aperte
312 2388 446 2420 nullam
471 2384 639 2429 baptismi
672 2383 918 2417 necessitatem
954 2393 1028 2414 esse
1064 2380 1289 2425 blasphema-

165 2436 275 2470 bant.
328 2433 432 2465 'Pales
458 2432 563 2464 fuisse
590 2430 745 2463 Cainitas
771 2429 968 2462 notavimus
995 2440 1037 2460 ex
1066 2427 1290 2460 Tertulliano

166 2492 273 2525 supra
311 2476 549 2511 Theodoretus
577 2478 656 2510 Lib.
679 2479 703 2509 l.
754 2475 883 2509 Haeret.
920 2475 1116 2518 fabularum
1160 2484 1290 2507 memo-

168 2534 226 2561 rat
252 2523 421 2569 quosdam
447 2523 628 2556 haereticos
658 2524 895 2561 flamineus,
933 2522 992 2565 qui
1019 2530 1057 2553 ut
1091 2529 1206 2554 cetera
1231 2521 1291 2552 Sa-

169 2580 377 2610 cramenta,
418 2571 465 2602 ita
491 2571 521 2599 <Sc
548 2569 760 2612 baptismum
786 2568 1018 2612 rejiciebant.
1062 2566 1293 2607 massaliani,

170 2619 227 2652 vel
258 2615 485 2655 Messaliani,
526 2614 566 2646 de
604 2615 730 2658 quibus
764 2615 871 2648 verba
908 2616 1054 2646 fecimus
1098 2614 1198 2646 Tom-
1234 2612 1293 2646 IV.

173 2664 217 2698 ad
260 2662 445 2696 delendum
487 2670 668 2705 peccatum
708 2661 876 2704 originale
912 2662 1043 2693 frustra
1078 2660 1295 2704 baptismum

173 2710 329 2754 suscipi,
376 2707 566 2747 docebant,
620 2707 685 2740 nisi
725 2707 823 2751 juges
861 2705 902 2738 ad
944 2707 1058 2738 Deum
1103 2705 1289 2739 funderen-

172 2766 232 2791 tur
267 2755 462 2794 orationes,
511 2752 595 2786 dicti
643 2763 826 2798 propterea
859 2749 1043 2792 Εὗχῆται,
1088 2764 1144 2784 sen
1180 2751 1292 2783 Oran-

172 2811 227 2838 tes
247 2824 255 2831 .
282 2801 456 2844 pelagiani
480 2801 594 2844 potius
622 2800 782 2833 effectum
798 2822 809 2840 ,
835 2813 943 2845 quam.
967 2799 1210 2833 necessitatem
1229 2797 1292 2829 ba-

174 2847 295 2894 ptismi
321 2847 518 2890 negabant,
555 2848 669 2890 ipsum
694 2847 788 2880 enim
813 2859 886 2880 esse
921 2844 1156 2879 necessarium
1183 2841 1293 2875 confi-

175 2894 366 2931 tebantur,
405 2904 478 2924 non
503 2891 546 2924 ad
571 2891 756 2925 delendum
793 2902 976 2937 peccatum
1001 2889 1172 2934 originale
1189 2909 1199 2926 2
1235 2886 1295 2920 sed

177 2949 217 2975 ut
244 2947 378 2983 pateret
405 2938 580 2980 ingressus
606 2937 648 2971 ad
673 2950 819 2983 regumn
846 2941 1035 2977 coelorum,
1070 2933 1298 2977 excipiendus

177 2997 296 3022 tamen
331 2991 382 3016 est
408 2983 508 3015 Vinc.
535 2984 682 3024 Yictor,
724 2986 784 3027 qui
822 2994 907 3018 teste
936 2986 969 3017 S.
996 2981 1192 3025 Augustino
1219 2980 1296 3013 Lib.

178 3035 241 3068 ΠΙ.
266 3030 322 3064 De
348 3033 461 3062 anima
481 3040 555 3072 cap.
579 3030 631 3061 15.
657 3029 824 3071 docebat,
854 3032 1018 3075 parvulos
1037 3029 1109 3061 sine
1124 3026 1298 3070 baptismo

179 3076 384 3113 decedentes
410 3075 460 3107 ire
486 3076 581 3107 modo
607 3087 676 3108 non
703 3077 737 3107 in
775 3089 921 3120 regnum
947 3077 1135 3112 coelorutn,
1177 3070 1236 3104 sed
1263 3073 1299 3105 in

181 3123 403 3171 paradisum,
436 3128 554 3164 posteri
581 3133 655 3154 vero
685 3125 720 3154 in
746 3127 996 3156 resurrectione
1022 3127 1220 3153 mortuorum
1246 3127 1299 3152 et-

182 3176 249 3207 iam
274 3172 320 3203 ad
345 3171 442 3212 regni
468 3170 626 3200 coelortzm
653 3169 897 3208 beatitudinem
922 3170 1100 3212 pervenire
1118 3188 1126 3196 ·

180 3247 186 3251 .
229 3217 346 3252 Multo
370 3214 470 3259 pejus
495 3213 560 3246 liae
589 3214 623 3244 in
650 3222 747 3257 parte
773 3224 934 3247 errarunt
960 3215 1177 3247 Novatores:
1207 3210 1300 3254 posi-

185 3272 220 3298 to
243 3263 336 3296 enim
362 3272 525 3306 perverso
550 3259 610 3292 illo
646 3260 815 3304 principio
849 3259 1114 3304 justificationis
1150 3258 1300 3301 gratiam

185 3309 323 3346 nonnisi
350 3319 409 3352 per
434 3305 536 3340 fidem
572 3306 750 3345 obtinerI,
791 3306 1025 3350 sequebatur,
1069 3305 1190 3337 inutile
1227 3315 1301 3336 esse

185 3354 353 3401 baptismi
377 3354 669 3394 Sacramentum,
693 3352 750 3387 vel
776 3360 886 3388 totam
911 3352 987 3399 ejus
1004 3351 1215 3392 utilitatem,
1240 3357 1301 3384 aut

1330 207 1384 236 tas
1413 197 1593 248 baptismi
1635 193 1866 242 declaratur,
1914 194 1947 231 8<
1978 201 2057 247 post
2099 199 2177 233 tam
2219 199 2454 237 constantem

1332 249 1514 289 Ecclesiae
1543 249 1592 286 ab
1621 249 1712 300 ipsis
1742 248 1931 301 Apostolis
1961 262 2080 300 usque
2121 248 2168 286 ad
2199 261 2263 286 nos
2305 248 2453 286 deriva-

1333 313 1414 341 tum
1443 302 1658 353 baptizandi
1689 315 1821 350 usum,
1870 304 2037 342 inventos
2066 302 2202 350 fuisse,
2250 301 2283 337 &
2327 299 2454 338 adhuc

1333 357 1527 402 inveniri,
1557 354 1624 404 qui
1655 355 1694 392 in
1725 367 1765 391 re
1795 356 1887 393 tanti
1916 356 2121 402 momenti,
2151 354 2186 390 8<
2214 363 2290 392 tam
2323 360 2456 406 aperte

1331 424 1354 447 a
1383 408 1538 446 veritate
1566 406 1783 457 longissime
1813 409 2060 445 recesserint.
2090 407 2190 456 Eos,
2221 409 2289 460 qui
2318 407 2364 444 de
2395 407 2455 443 in-

1331 462 1547 506 stitutione,
1578 460 1767 506 materia,
1805 459 1839 495 8(
1870 461 1993 498 forma
2021 469 2222 509 errarunt,
2264 459 2457 512 capitibus

1332 512 1592 564 superioribus
1606 511 1910 550 confutavimus.
1941 513 2120 564 Sequitur
2138 515 2271 562 modo,
2293 523 2332 551 ut
2351 525 2456 551 sum-

1332 579 1437 604 mam
1468 564 1582 614 hujus
1611 563 1848 602 Sacramenti
1887 564 2155 616 obligationem
2194 576 2324 605 contra
2353 573 2456 605 vete-

1333 631 1416 665 res,
1447 629 1641 669 novosque
1670 616 1867 654 haereticos
1896 617 2135 657 vindicemus
2165 618 2221 669 (b)
2241 646 2250 657 .

1393 670 1484 709 205.
1513 669 1587 708 Sed
1629 673 1756 720 primo
1803 671 1842 707 in
1886 673 2110 708 memoriam
2147 673 2357 710 revocanda
2401 678 2455 710 est

1337 724 1554 762 communis
1583 722 1865 774 Theologorum
1894 722 2093 770 doctrina,
2139 722 2335 774 duplicem
2378 738 2460 762 esse

1335 777 1517 829 baptismi
1546 777 1778 828 suscipiendi
1807 776 2063 814 necessitatem
2081 804 2092 823 ,
2122 774 2280 814 alteram
2309 790 2460 826 proece-

1337 834 1414 882 pti,
1444 844 1520 882 qua
1549 829 1618 868 soli
1648 829 1768 868 adulti
1797 829 2109 880 adstringuntur,
2158 828 2190 864 8t
2221 831 2349 879 gravis
2377 830 2462 868 cul-

1338 897 1396 935 pas
1427 885 1481 920 rei
1512 882 1634 931 fiunt,
1664 885 1732 935 qui
1763 897 1847 920 eam
1868 883 2085 919 voluntarie
2102 881 2270 921 violant:
2300 881 2462 920 alteram

1338 936 1480 984 medii,
1518 950 1582 974 seu
1600 936 1706 989 finis
1724 967 1734 984 ,
1771 950 1848 988 qua
1876 935 2094 986 obligantur
2123 936 2240 972 etiam
2271 935 2465 982 infantes,

1339 991 1406 1041 qui
1439 991 1633 1041 incapaces
1663 998 1745 1028 sunt
1774 991 1983 1041 praecepti,
2015 997 2053 1027 ut
2083 989 2163 1026 siue
2194 989 2387 1039 Baptismo
2406 1001 2465 1025 sa-

1339 1042 1457 1080 lutem
1488 1044 1669 1094 consequi
1699 1041 1914 1082 nullatenus
1943 1043 2110 1094 possint.
2139 1041 2183 1081 ld
2214 1041 2371 1081 uberius
2398 1041 2465 1080 de-

1339 1094 1502 1135 clarabit
1533 1110 1692 1148 sequeus

1744 1201 2046 1241 PROPOSITIO
2057 1227 2069 1240 .

1343 1310 1572 1361 Baptismus
1600 1308 1781 1347 omnibus
1810 1308 2031 1347 hominibus
2059 1309 2316 1347 necessarius
2335 1315 2392 1346 est
2408 1307 2464 1345 [ltl

1397 1365 1570 1403 sulutem
1599 1362 1951 1413 consequendam,
1982 1363 2203 1400 necessitate
2225 1362 2367 1408 medii,
2397 1373 2468 1398 seu

1397 1417 1509 1462 finis3
1541 1416 1685 1454 adultis
1715 1430 1803 1455 vero
1831 1420 1957 1454 etium
1985 1416 2202 1454 necessitate
2232 1414 2443 1465 praecepti·

1399 1496 1643 1569 204.Prob.
1667 1526 1800 1574 prima
1820 1536 1906 1575 pars
1935 1521 2248 1560 luculentissimis
2280 1533 2376 1558 sacr.
2406 1518 2472 1557 lit-

1345 1584 1511 1615 terarum
1542 1576 1696 1614 verbis.
1727 1577 1827 1614 Nam
1856 1576 2003 1613 Jo.111.
2028 1575 2064 1612 5.
2094 1574 2266 1612 Christus
2295 1574 2376 1625 ipse
2397 1572 2468 1611 Ni-

1344 1630 1501 1668 codemo
1529 1630 1646 1667 dixit:
1676 1630 1807 1666 Amen
1836 1641 1960 1666 amen
1989 1627 2075 1664 dico
2104 1627 2190 1676 tibi,
2221 1630 2298 1664 nisi
2326 1629 2390 1677 qui
2411 1638 2474 1663 re-

1345 1691 1466 1720 natus
1482 1680 1614 1732 fuerit
1643 1695 1695 1718 ex
1725 1695 1832 1731 aqua
1850 1711 1860 1728 ‚
1903 1681 1952 1720 (9⁰
1981 1680 2130 1728 Spiritu
2171 1688 2341 1726 sancto,
2388 1692 2472 1716 non

1344 1743 1468 1787 potest
1499 1737 1660 1772 introire
1701 1737 1743 1770 in
1773 1746 1941 1785 regnum
1973 1731 2072 1769 Dei.
2122 1731 2238 1768 Porro
2266 1731 2350 1768 haec
2380 1732 2470 1770 Jesu

1348 1789 1487 1827 Christi
1531 1787 1648 1825 verba
1676 1787 1722 1824 de
1764 1786 1987 1824 omnimoda
2029 1785 2212 1838 baptismi
2255 1786 2476 1822 necessitate

1348 1854 1500 1893 semper
1530 1840 1714 1879 intellexit
1744 1839 1940 1888 Ecclesia,
1971 1847 2012 1876 ut
2040 1839 2141 1876 testis
2171 1846 2221 1875 est
2251 1835 2289 1876 S.
2309 1837 2478 1889 Fulgen-

1348 1898 1425 1934 tius
1453 1894 1516 1932 De
1534 1894 1625 1947 fide
1654 1893 1710 1932 ad
1739 1893 1901 1931 Petrum
1931 1906 2017 1944 cap.
2041 1892 2078 1930 5.
2110 1892 2310 1944 inquiens:
2360 1920 2385 1938 „
2417 1891 2478 1929 Ex

1350 1976 1376 1998 ,‚
1406 1950 1487 1999 ipso
1516 1956 1712 1999 tempore,
1743 1959 1819 1998 quo
1839 1945 2012 1984 Salvator
2032 1953 2154 1982 noster
2182 1945 2301 1983 dixit:
2332 1943 2474 1994 Siquis

1350 2031 1376 2053 „
1405 2010 1570 2042 renatus
1598 2013 1679 2039 non
1695 1997 1826 2051 fuerit
1847 1999 1942 2048 &c.,
1972 1997 2116 2050 absque
2136 1997 2385 2038 Sacramento
2405 1998 2474 2036 ba-

2296 2081 2323 2101 „
2353 2051 2426 2103 pti-

1351 2188 1593 2227 necessitatem
1621 2200 1662 2222 eo
1688 2184 1822 2232 redigi,
1860 2197 1899 2222 ut
1925 2187 2115 2223 habeamus
2143 2182 2282 2232 aliquod
2310 2186 2475 2230 signacu-

1352 2241 1448 2279 lum,
1485 2238 1538 2269 vel
1566 2236 1721 2279 sigillum
1748 2234 1948 2268 divinarum
1976 2236 2272 2280 promissionum.
2308 2231 2390 2266 vid.
2416 2245 2479 2266 co-

1354 2297 1433 2318 ruin
1461 2282 1677 2315 definitiones
1715 2281 1881 2325 baptismi
1909 2294 2013 2326 supra
2051 2295 2085 2315 n.
2104 2283 2138 2323 4.
2177 2284 2208 2312 8<
2234 2291 2305 2323 seq.
2340 2279 2481 2312 allatae.

1358 2333 1448 2366 Hinc
1474 2331 1527 2362 Jo.
1553 2329 1723 2362 NViclefns
1748 2338 1870 2360 eorum
1905 2327 2111 2372 prodromus
2137 2327 2306 2371 baptismi
2331 2326 2484 2358 necessi-

1357 2386 1465 2412 tatem
1494 2375 1648 2409 absolute
1675 2374 1841 2417 negavit,
1868 2373 1998 2408 docens
2026 2379 2099 2408 sine
2125 2376 2291 2417 baptismo
2318 2385 2404 2415 aqua:
2430 2375 2486 2404 in-

1348 2425 1472 2470 fantes
1499 2426 1594 2464 ipsos
1622 2423 1750 2454 salvari
1777 2433 1906 2463 posse,
1942 2429 1981 2453 ut
2008 2421 2106 2454 testis
2133 2428 2186 2454 est
2214 2419 2367 2452 Thomas
2396 2418 2483 2450 Val-

1358 2470 1474 2505 densis
1501 2468 1603 2502 Tom.
1625 2468 1665 2500 ll.
1697 2465 1748 2498 De
1769 2467 1924 2499 Sacram.
1950 2477 2025 2510 cap.
2044 2467 2104 2509 69.
2130 2477 2238 2508 quarn
2264 2463 2407 2507 impiam
2427 2461 2483 2495 (lo-

1360 2517 1513 2552 ctrinam
1539 2522 1676 2548 secutus
1701 2521 1752 2545 est
1781 2513 1856 2544 Ulr.
1885 2512 2088 2555 zwinglius
2117 2511 2170 2543 De
2197 2522 2296 2549 uera,
2323 2513 2363 2542 Θ
2380 2509 2485 2552 falsa

1361 2567 1531 2608 religione
1549 2583 1559 2602 ,
1585 2560 1644 2593 ubi
1672 2558 1712 2591 de
1738 2559 1936 2603 baptismo.
1963 2558 2132 2590 Calvinus
2158 2554 2299 2600 quidem
2326 2556 2487 2599 aliquan-

1362 2610 1406 2644 do
1430 2609 1524 2641 visus
1550 2616 1627 2646 est,
1652 2604 1811 2638 (livinum
1836 2604 2004 2648 baptismi
2030 2612 2245 2648 praeceptum
2271 2611 2485 2646 agnoscere5

1363 2655 1421 2691 sed
1450 2655 1527 2688 Lib.
1548 2654 1608 2686 JV.
1634 2651 1790 2685 Institut.
1818 2662 1893 2695 cap.
1918 2650 1970 2683 16.
2009 2658 2127 2695 aperte
2154 2649 2303 2688 asserit,
2341 2661 2405 2681 non
2430 2660 2488 2680 ‹tr-

1364 2704 1436 2737 ceri
1460 2714 1480 2733 a
1505 2712 1608 2743 regno
1635 2701 1786 2732 caelortzm
1811 2697 1965 2741 infantes
1980 2718 1990 2737 ,
2015 2710 2095 2739 qnos
2122 2709 2139 2729 e
2156 2698 2318 2739 praesenti
2340 2699 2408 2728 vita
2427 2697 2488 2727 mi·

1360 2760 1460 2793 grare
1472 2749 1622 2789 contigit
1643 2743 1745 2784 (vid.
1764 2755 1868 2788 supra
1887 2756 1920 2776 n.
1935 2743 1982 2784 4.)
2003 2746 2035 2775 &
2059 2751 2177 2788 postea
2203 2754 2237 2774 n.
2258 2752 2311 2774 20.
2339 2740 2412 2774 haec
2432 2738 2487 2778 ati-j

1361 2793 1443 2827 dere
1470 2805 1539 2826 non
1563 2800 1615 2824 est
1641 2791 1798 2823 veritus:
1833 2790 2001 2834 Quantum
2025 2791 2139 2822 damni
2167 2792 2337 2822 invexerit
2362 2789 2485 2831 dogma.

1364 2841 1454 2874 illud
1479 2840 1565 2871 male
1591 2841 1807 2880 expositum,
1831 2838 1998 2880 baptisma
2026 2849 2104 2870 esse
2129 2837 2171 2868 de
2194 2839 2403 2868 necessitate
2433 2846 2489 2866 sa-

1365 2890 1475 2926 lutis,
1501 2887 1599 2928 pauci
1619 2885 1897 2917 >animadvertunt
1913 2907 1921 2914 .
1958 2884 2108 2927 Longius
2134 2882 2309 2926 progressi
2336 2880 2491 2914 Socv'nia‘

1367 2934 1402 2966 ni
1430 2939 1645 2977 praeceptum
1672 2931 1779 2963 fuisse
1806 2943 1824 2963 a
1851 2930 1993 2963 Christo
2017 2930 2237 2973 baptismum
2264 2928 2490 2972 pertinaciter

1368 2986 1519 3023 negant.
1562 2975 1663 3020 Quod
1689 2977 1716 3009 si
1743 2976 1807 3010 hoc
1835 2977 1939 3010 fuisse
1976 2989 1993 3008 a
2020 2975 2163 3009 Christo
2198 2974 2398 3007 mandatum
2424 2969 2487 3001 ali-

1369 3023 1510 3070 qnando
1537 3021 1758 3064 concedunt,
1783 3022 1928 3063 dicunt,
1967 3022 2032 3056 hoc
2058 3020 2263 3055 mandatum
2287 3031 2353 3052 non
2379 3015 2490 3059 respi-

1368 3084 1446 3105 cere
1475 3071 1541 3103 nisi
1567 3068 1731 3110 Jndaeos‚
1768 3069 1829 3114 qui
1856 3069 2025 3113 legalibus
2051 3070 2128 3102 istis
2167 3063 2406 3101 ⁴ablutionibus
2435 3072 2491 3093 as-

1369 3119 1457 3151 sueti
1484 3117 1557 3161 jam
1582 3124 1702 3149 erant.
1732 3118 1778 3149 lta
1808 3116 1952 3149 Socinus
1981 3117 2015 3148 in
2045 3116 2183 3160 Disput.
2211 3111 2265 3143 De
2291 3109 2488 3152 Baptismo,

1369 3176 1473 3208 quein
1499 3163 1608 3196 secuti
1636 3172 1717 3196 sunt
1745 3163 1916 3196 §maletus
1935 3185 1945 3202 ‚
1972 3162 2154 3196 Volkelius
2180 3153 2395 3191 Ostodrodus
2424 3157 2488 3186 δερ.

1369 3211 1442 3244 Nec
1470 3209 1590 3254 procul
1617 3209 1744 3242 absunt
1771 3209 1814 3242 ab
1841 3209 1906 3243 hoc
1932 3219 2047 3242 errore
2068 3209 2378 3241 Remonstrantes,
2402 3211 2488 3243 quos

1368 3269 1441 3290 esse
1469 3258 1505 3289 in
1519 3256 1818 3289 Socinianismum
1844 3256 2044 3302 proclives,
2070 3251 2151 3286 alibi
2177 3247 2251 3294 jam
2276 3247 2487 3284 notavimus·

1369 3302 1452 3340 Vid-
1478 3314 1556 3350 sup.
1582 3310 1654 3338 not.
1683 3301 1725 3338 ad
1752 3314 1786 3336 n.
1808 3314 1840 3348 7.
