2605 3624
941 144 1019 190 DE
1055 145 1499 194 INDULGENTIIS
1516 182 1527 193 .

83 262 113 284 ,5
142 233 249 273 ritate
290 230 518 286 probatum,
563 227 601 267 iu
630 223 803 266 Ecclesia
847 226 1087 264 retinendum
1129 240 1206 265 esse

85 318 113 337 .,
142 289 274 335 docet,
303 286 337 322 &
358 284 563 336 praecipit,
593 294 732 332 eosque
760 279 999 318 anathemate
1027 280 1205 329 damnat,

85 331 112 391 „
141 342 208 394 qui
237 347 302 377 aut
339 335 493 374 inutiles
528 349 608 374 esse
650 343 846 382 asserunt,
890 333 950 372 vel
982 348 1042 371 eas
1071 331 1204 372 conce-

83 421 113 444 „
141 391 255 430 dendi
283 390 323 428 in
342 387 516 429 Ecclesia
545 397 765 440 potestatem
796 401 873 425 esse
893 396 1052 437 negant.
1074 390 1099 408 “
1129 387 1205 425 ldi-

81 459 193 499 psum
223 444 347 482 fuerat
374 444 414 481 in
431 442 605 480 Concilio
622 444 854 480 Constantin.
882 441 1081 479 delinitum
1100 470 1111 488 ,
1140 440 1204 478 da-

77 507 208 538 mnata
228 498 349 549 impia
378 496 447 534 illa
465 495 524 534 Jo.
540 495 704 534 Wiclefi
722 495 974 548 propositione
990 507 998 531 ;
1017 493 1201 547 ¹Futuum

79 559 139 590 est
169 549 330 590 credere
358 548 612 600 indulgentiis·
642 548 766 600 I’apoe
783 578 793 596 ‚
821 549 872 588 (9‘
892 547 1202 599 lz'pt'scoporum.

78 603 193 643 Unde
235 612 365 656 postea
394 602 585 642 Martinus
606 601 656 641 V.
687 604 725 641 iu
753 616 820 640 sua
849 601 961 640 Bulla
1003 615 1062 638 cos
1080 630 1090 648 ‚
1131 602 1201 653 qui

81 657 130 696 de
159 656 297 696 haeresi
326 659 490 708 suspecti
531 664 681 704 essent,
724 652 948 706 interrogari
979 654 1114 706 jussit,
1150 669 1200 692 au

80 711 262 761 credant,
291 709 392 763 quod
408 710 522 762 Papa
537 709 719 748 omnibus
737 708 972 747 Christianis
1000 720 1088 746 rere
1109 720 1202 745 con-

79 768 182 803 tritis
203 795 214 814 ,
242 765 292 806 (9¹
321 763 514 816 confesse's
543 777 596 802 ex
625 776 752 800 causa
780 766 868 812 pia,
897 763 947 802 ζ’)
972 763 1084 812 justu.
1114 775 1202 811 pos-

79 823 130 857 sit
158 817 377 870 concedere
405 817 677 869 indulgentias
705 820 745 853 iu
766 819 1043 853 remissionem
1059 827 1200 864 pecca-

78 869 248 910 torum?
277 870 403 910 Etiam
434 870 512 909 Leo
531 869 582 908 X.
615 871 653 909 in
682 884 749 908 sua
779 869 890 907 Bulla
920 868 1088 919 Ea·1.⁵r5e
1119 867 1201 906 Do·

78 929 189 964 mine
215 938 315 964 anuo
347 925 463 962 1520.
493 923 694 962 nonnullos
722 922 881 960 Lutheri
925 936 1068 959 errores
1097 922 1200 959 circa

76 978 333 1032 indulgentias
361 976 565 1030 apostolica
580 990 739 1015 censura
768 977 911 1015 notavit
933 1005 944 1024 ,
976 984 1012 1012 ut
1035 987 1121 1013 mox
1141 975 1199 1013 di-

74 1033 230 1071 ximus.

128 1084 223 1130 412.
250 1083 381 1122 Prima
403 1082 525 1134 hujus
552 1083 801 1121 sanctissimae
829 1091 967 1121 nostrae
1003 1081 1199 1134 religionis

74 1137 260 1189 dogmatis
302 1151 389 1190 pars
424 1137 534 1188 prob.
575 1140 704 1187 primo
733 1150 777 1174 ex
808 1146 987 1188 potestate
1027 1135 1198 1174 clavium

73 1190 210 1239 Petro,
253 1191 464 1242 ceterisque
495 1189 682 1239 Apostolis
711 1203 884 1228 concessa
916 1188 1054 1227 Matth.
1085 1187 1197 1227 XXI.

74 1244 109 1282 8(
130 1243 258 1284 XVlt.
274 1274 284 1294 ,
313 1246 406 1284 item
420 1243 478 1282 ιῙο.
497 1243 591 1282 ΧΧ.
621 1245 718 1281 Cum
749 1245 851 1281 enim
871 1243 1042 1281 Christus
1063 1241 1198 1280 Eccle-

76 1299 144 1338 εἰει·
174 1298 320 1337 dederit
351 1306 570 1351 potestatem
602 1297 746 1349 ligandi
785 1298 1006 1349 poenitentes
1028 1327 1038 1344 ,
1084 1296 1130 1332 iis
1158 1308 1198 1333 o-

73 1365 168 1405 pera
194 1352 447 1391 satisfactoria
475 1352 729 1403 imponendo,
756 1352 811 1394 jta
840 1352 952 1388 etiam
983 1350 1106 1387 eidem
1126 1348 1198 1386 Ec-

75 1405 204 1444 clesiae
234 1404 392 1443 contulit
412 1413 629 1457 potestatem
661 1403 860 1450 solvendi,
891 1403 960 1440 hoc
987 1411 1043 1440 cst
1075 1403 1198 1454 impo-

74 1461 146 1498 sita
161 1489 173 1507 ‚
201 1458 261 1498 vel
277 1458 510 1511 imponenda
529 1471 644 1510 opera
659 1458 907 1496 satisfactoria
922 1455 1029 1508 justis
1045 1456 1092 1494 de
1106 1469 1196 1494 cau-

72 1513 124 1550 sis
152 1511 350 1550 relaxandi
381 1512 467 1562 (a).

128 1565 222 1611 415.
253 1563 367 1604 Prob.
395 1563 598 1603 secundo.
640 1562 711 1603 Illa
739 1571 898 1616 potestas
916 1593 925 1610 ‚
955 1577 1033 1615 qua
1061 1576 1197 1615 perpe-

72 1625 139 1657 tuo
166 1617 340 1658 Ecclesia
356 1631 424 1656 usa
452 1627 540 1667 est,
573 1618 731 1656 nonnisi
759 1618 941 1655 divinitus
972 1616 1028 1654 illi
1059 1617 1197 1654 tradita

70 1685 152 1710 esse
178 1673 326 1724 potuit3
355 1681 496 1711 atvero
516 1671 690 1710 Ecclesia
719 1671 790 1708 hac
812 1678 992 1722 potestate
1023 1670 1196 1707 relaxan—

70 1725 110 1763 di
142 1738 274 1777 poenas
304 1727 468 1778 peccatis
496 1725 642 1762 debitas
671 1732 854 1776 perpetuo
883 1737 950 1760 usa
979 1733 1031 1760 est
1053 1753 1063 1770 ,
1093 1722 1196 1775 quod

61 1777 130 1816 ‘his
159 1780 414 1816 monumentis
442 1778 674 1815 ostenditur.
705 1776 844 1813 Primo
875 1776 1098 1827 Apostolus,
1128 1777 1197 1828 qui

70 1831 182 1882 epist»
201 1843 243 1869 2.
269 1831 320 1869 ad
344 1829 523 1870 Corinth.
555 1829 602 1868 V.
632 1828 830 1868 infelicem
860 1827 973 1866 illum
1003 1829 1090 1867 talis
1122 1831 1197 1867 sut·-

71 1885 274 1923 nicationis
302 1898 409 1923 reum
427 1915 438 1932 ,
467 1884 596 1935 qualis
623 1895 698 1921 nec
728 1887 830 1920 inter
844 1892 984 1935 gentes
1013 1882 1195 1930 auditur,

70 1937 278 1976 tradiderat
304 1947 445 1976 satanae
474 1941 516 1974 ιίι
545 1941 749 1975 interitum
778 1940 944 1984 carnis,
988 1945 1025 1973 nt
1057 1951 1195 1988 nempe

71 2003 228 2042 corpore
257 2001 457 2031 vexaretur
485 2005 507 2029 a
536 1991 740 2035 doemone3
784 1998 910 2042 postea
941 1991 979 2028 in
1009 1989 1128 2027 altera
1157 2005 1194 2026 e-

72 2043 161 2095 pist.
191 2058 277 2096 cap.
298 2046 346 2083 ll.
377 2045 503 2098 ipsum
546 2043 819 2082 consolandum
863 2057 940 2081 esse
981 2044 1194 2095 praecipit,

71 2109 125 2135 ne
155 2094 271 2149 forte
299 2096 583 2136 abundantiori
610 2099 772 2134 tristitia,
813 2094 1118 2145 absorberetur,
1149 2111 1194 2134 ac

71 2150 224 2189 subdit:
270 2150 341 2190 Cui
368 2161 506 2190 antem
535 2150 687 2201 aliquid
721 2149 901 2188 donastis
931 2153 945 2202 (
976 2164 1040 2188 seu
1071 2151 1195 2202 potius

73 2201 234 2242 donatis
262 2205 464 2254 καρίζεεθε
494 2205 538 2252 ),
567 2205 617 2245 (9·
645 2217 747 2256 ego;
783 2214 884 2240 narn
912 2206 963 2243 Θ
992 2217 1064 2256 ego
1092 2203 1196 2254 quod

71 2255 243 2304 donat-i3
279 2260 313 2293 si
341 2255 434 2306 quid
461 2256 606 2295 donavi
623 2287 632 2305 ,
674 2265 831 2306 propter
859 2268 925 2293 cos
953 2260 994 2293 in
1021 2269 1195 2306 persona,

76 2308 246 2348 Christi.
289 2308 464 2356 Quorum
496 2310 699 2348 verborum
730 2321 806 2345 non
837 2308 935 2346 alius
972 2324 1049 2346 esse
1080 2319 1195 2360 potest

68 2375 228 2411 sensus,
271 2375 388 2415 quam
437 2361 601 2401 Paulum
643 2363 974 2402 commiseratione
1018 2371 1193 2412 motum,

76 2425 230 2467 tempus
257 2409 517 2467 poenitentia'e,
548 2416 608 2454 vel
636 2418 666 2454 si
697 2415 848 2468 placet,
879 2418 1124 2469 separationis
1145 2417 1195 2454 ab

75 2469 275 2517 Ecclesia,
320 2483 437 2521 quam
481 2472 576 2508 tanti
614 2470 788 2508 criminis
818 2482 902 2507 reus
944 2468 1196 2518 merebatur,

72 2536 143 2576 per
170 2521 464 2575 indulgentiam
480 2523 724 2562 abbreviasse
741 2553 751 2570 ,
783 2537 827 2560 ue
847 2523 1113 2560 abundantiori
1131 2525 1197 2561 tri-

72 2577 174 2614 stitia
201 2575 468 2614 absorberetur
489 2602 500 2615 .
543 2578 597 2615 lta
626 2576 728 2614 hunc
755 2574 885 2614 locum
932 2577 1198 2614 intellexerunt

72 2628 366 2679 Chrysostomus
382 2657 393 2676 ,
422 2628 724 2681 Theophilactus
743 2659 753 2677 ,
784 2629 1063 2677 Theodoretus,
1084 2629 1117 2665 8(
1133 2628 1198 2667 ‹ffi-

75 2682 303 2726 cumenius3
332 2693 377 2717 ex
407 2680 533 2720 latinis
563 2691 689 2720 autem
719 2684 878 2720 Sanctus
908 2682 1091 2721 Pacianus
1110 2684 1198 2721 Bar-

74 2735 288 2772 cinonensis
317 2733 529 2786 Episcopus
556 2737 664 2785 epist.
688 2735 726 2774 5.
743 2765 753 2783 ,
783 2735 818 2772 8(
846 2736 1005 2775 Sanctus
1037 2737 1199 2776 Ambro-

76 2788 156 2826 sius
185 2786 250 2824 De
277 2790 412 2835 poenit.
441 2801 527 2840 cap.
548 2787 586 2826 6.
617 2787 651 2824 8(
682 2789 749 2826 ult.

131 2839 226 2885 414.
255 2839 390 2892 Neque
408 2839 536 2889 obest,
565 2842 668 2894 quod
695 2840 853 2893 quidam
874 2841 1103 2892 observant,
1133 2842 1197 2882 hic

75 2906 152 2932 nou
180 2893 242 2945 agi
268 2893 316 2931 de
345 2895 567 2945 poenitentia
584 2924 596 2942 ,
624 2909 713 2946 quae
745 2909 812 2946 per
827 2894 1116 2947 indulgentium
1141 2910 1198 2933 re-

79 2946 257 2993 laxatur,
287 2947 349 2984 sed
379 2947 425 2985 de
454 2950 849 2986 excommunicatione
867 2978 877 2993 ,
907 2964 983 3000 qua
1002 2951 1133 2987 infelix
1152 2950 1199 2987 il-

75 2999 113 3038 le
141 2998 362 3038 Corinthius
391 3000 512 3038 fuerat
539 3001 589 3038 ab
610 2997 781 3039 Ecclesia
811 3001 966 3053 pulsus,
997 2993 1199 3041 &'satanae

76 3053 235 3091 traditus
256 3082 267 3100 ,
298 3062 423 3104 postea
455 3053 638 3092 Ecclesiae
669 3058 886 3092 restitutus.
925 3053 1009 3092 {Nou
1039 3056 1200 3107 inquam

77 3106 119 3146 id
146 3105 282 3153 obest5
311 3106 381 3144 hoc
410 3109 516 3146 euim
537 3109 653 3146 etiam
681 3108 792 3155 dato,
823 3120 913 3146 vera
942 3109 1110 3159 Apostoli
1140 3112 1200 3146 in·

127 3286 176 3321 (a)
204 3283 259 3318 Ad
282 3284 358 3319 haec
398 3296 469 3318 non
494 3283 659 3318 videntur
695 3283 883 3319 attendisse
921 3283 1022 3329 pauci
1056 3282 1199 3329 qnidam

84 3327 284 3374 'rhet-logi,
308 3333 368 3376 qni
396 3344 437 3365 ex
464 3332 571 3364 >aeris
598 3332 726 3365 litteris
754 3339 961 3375 potestatem
987 3330 1197 3364 concedendi

82 3374 317 3420 indulgentias
341 3379 416 3412 erui
453 3390 521 3413 non
547 3390 644 3423 posse
679 3365 951 3411 exietixnaruiu.
995 3377 1196 3422 Alphonsus

2251 163 2330 218 ⁸59

1274 227 1479 284 tittlgeriti.i
1512 230 1583 266 suit
1606 260 1616 278 ,
1653 232 1753 283 quod
1796 234 1905 272 citius
1936 236 1978 274 ad
2024 238 2197 277 ssielium
2239 254 2391 280 consor-

1271 282 1370 318 tium
1401 292 1665 332 revocaretur,
1696 300 1810 335 quam
1841 291 1981 337 grande
2011 292 2117 329 illius
2146 295 2292 333 crimen
2311 309 2390 333 me-

1271 335 1457 372 rebatur.
1494 334 1651 374 Deinde
1686 338 1976 390 Chrysostomus
2023 355 2148 394 aperte
2193 347 2303 386 illum
2335 348 2389 385 lo-

1271 401 1360 426 cum
1389 388 1436 424 ‹le
1465 390 1687 440 poeuiteutia
1716 391 1923 429 incestuoso
1947 394 2011 432 ‘illi
2043 399 2216 448 imposita
2241 400 2390 439 intelle-

1272 442 1358 487 xit3
1386 441 1697 492 Chrysostomnm
1727 454 1854 482 autem
1885 446 1996 484 multi
2027 448 2092 487 alii
2118 481 2128 496 ,
2172 461 2247 490 tam
2277 457 2390 492 (ᾠκτε-

1270 496 1304 533 ci
1324 525 1333 542 ‚
1363 508 1480 546 quam
1504 495 1628 533 Latini
1660 495 1785 534 Patres
1814 501 1930 535 secuti
1961 511 2077 546 suut3
2118 506 2218 555 quod
2248 507 2293 544 ad
2323 521 2389 546 uo-

1269 549 1333 586 stri
1363 549 1547 599 dogmatis
1578 549 1839 600 probationem
1871 551 2038 592 sufficit·

1323 601 1416 647 2415.
1447 601 1654 640 Praeterea
1702 617 1814 641 nemo
1856 606 2003 656 ignorat
2045 610 2242 660 antiquam
2280 611 2390 652 illam

1268 657 1606 704 cousuetudinem,
1650 665 1690 694 ut
1719 657 1844 706 lapsi,
1886 672 1975 697 cum
2014 662 2183 699 noudum
2212 672 2392 704 statutum

1268 710 1505 760 poeuiteutiae
1544 719 1693 762 tempus
1732 711 2009 762 absolvissent,
2051 715 2098 752 ad
2129 713 2320 768 Martyres
2350 720 2390 756 in

1268 762 1487 800 carceribus
1514 764 1679 801 detentos
1708 766 1984 816 confugerent,
2022 781 2185 819 quornm
2217 771 2395 809 interces-

1267 817 1372 854 sione
1401 816 1712 856 condonationem
1756 818 1894 870 reliqui
1939 822 2119 872 temporis
2157 825 2394 873 poeuitentiae

1270 869 1555 920 impetrabant.
1601 871 1708 908 Hanc
1741 873 2055 912 consuetudinem
2087 874 2268 915 laudabat
2297 878 2394 916 'ser-

1267 922 1471 970 tussianus,
1501 924 1656 975 quando
1684 924 1810 963 adhuc
1840 925 2068 965 orthodoxus
2097 938 2200 977 erat,
2231 932 2268 968 in
2301 931 2394 971 Lib.

1267 975 1330 1012 Ati
1360 985 1566 1028 martyres
1594 991 1680 1029 cap.
1708 992 1740 1015 ι.
1758 1009 1768 1025 ,
1799 978 1980 1029 culpabit
2009 991 2134 1019 autem
2157 982 2392 1024 Moutauista

1266 1029 1345 1080 jam
1378 1031 1498 1068 sactus
1530 1032 1566 1069 iu
1598 1032 1685 1069 Lib.
1716 1031 1779 1069 De
1807 1033 1995 1081 pudicitia
2023 1048 2108 1086 cap.
2140 1036 2238 1085 ult.,
2276 1041 2391 1091 quasi

1266 1083 1588 1134 indulgentiarum
1620 1099 1706 1122 usus
1736 1095 1825 1122 esset
1869 1087 2135 1127 ecclesiasticas
2173 1090 2394 1144 disciplinae

1264 1136 1448 1174 relaxatio
1469 1162 1480 1174 .
1530 1137 1586 1174 De
1617 1136 1686 1174 hoc
1717 1141 1851 1176 veteris
1881 1140 2065 1179 Ecclesiae
2116 1155 2219 1181 more
2257 1146 2392 1197 aliqua.

1266 1188 1443 1240 leguntur
1459 1219 1470 1236 ,
1500 1190 1600 1240 apud
1625 1190 1838 1229 Eusebium
1855 1192 1943 1230 Lib.
1966 1194 2014 1231 V.
2046 1193 2152 1233 Hise.
2169 1195 2283 1236 Eccl.
2304 1200 2398 1250 cap-⁴

1271 1255 1306 1279 1.
1328 1272 1338 1290 ,
1371 1243 1438 1280 ubi
1459 1245 1535 1294 agit
1563 1243 1609 1279 de
1628 1242 1869 1295 Martyribns
1890 1245 2177 1287 Alexandrinis.
2207 1250 2279 1288 Sed
2311 1265 2396 1303 prae

1265 1295 1445 1334 omnibus
1473 1296 1686 1334 audiendus
1716 1297 1757 1334 S.
1786 1298 2005 1350 Cyprianus
2026 1331 2037 1349 ,
2081 1304 2147 1354 qui
2179 1300 2278 1341 hanc
2307 1317 2397 1355 erga.

1267 1348 1391 1400 lapsos
1421 1349 1726 1388 misericordiam
1757 1352 1995 1402 approbabat
2023 1355 2178 1406 quidem
2202 1385 2213 1402 ‚
2243 1357 2306 1394 sed
2336 1359 2398 1395 ni-

1266 1405 1389 1439 mium
1422 1402 1592 1451 ejusdem
1623 1404 1788 1441 abusum
1821 1405 2150 1456 reprehendebat.
2182 1407 2296 1449 Plura
2328 1409 2396 1448 ha-

1264 1456 1326 1494 bet
1358 1457 1395 1493 iu
1428 1455 1549 1507 Epist.
1573 1455 1644 1494 Xl.
1676 1457 1767 1494 edit.
1797 1455 1959 1496 l'amelii
1994 1461 2043 1498 ita
2075 1460 2269 1514 Martyres
2297 1462 2395 1500 allo-

1262 1521 1408 1561 quens:
1431 1539 1456 1557 ,‚
1477 1511 1555 1548 Oro
1583 1522 1670 1556 vos,
1701 1509 1841 1561 quibus
1859 1525 2010 1563 possum
2040 1515 2219 1565 precibus
2236 1545 2246 1564 ‚
2279 1526 2317 1554 ut
2339 1516 2396 1555 E-

1265 1592 1290 1611 „
1322 1563 1491 1613 vangelii
1534 1576 1747 1611 memores,
1790 1565 1823 1600 8(
1855 1566 2130 1605 considerantes
2153 1598 2162 1615 ,
2205 1583 2323 1621 quae,
2355 1570 2391 1606 8(

1266 1646 1291 1664 „
1321 1617 1452 1668 qualia
1483 1618 1520 1653 in
1552 1617 1786 1667 prseteritum
1816 1627 2062 1658 antecessores
2091 1625 2204 1660 vestri
2235 1621 2395 1675 ‚Vlarty-

1266 1699 1292 1718 „
1323 1683 1379 1707 res
1408 1670 1678 1718 concesserint,
1708 1684 1825 1722 quam
1855 1672 2006 1711 solliciti
2037 1675 2076 1712 in
2095 1675 2275 1714 omnibus
2307 1677 2389 1714 sue-

1266 1752 1292 1772 „
1322 1725 1397 1760 rint
1416 1753 1427 1769 ,
1462 1736 1528 1760 vos
1557 1736 1710 1776 quoque
1739 1723 1900 1763 sollicite
1922 1755 1933 1773 ,
1976 1726 2010 1763 8(
2039 1738 2147 1765 caute
2178 1730 2391 1780 petentium

1265 1805 1292 1825 „
1322 1777 1508 1814 desideria
1539 1777 1782 1828 ponderetis,
1829 1788 1953 1831 utpote
1982 1783 2098 1820 amici
2131 1782 2322 1831 Domini,
2354 1783 2390 1819 8(

1267 1859 1278 1878 ,
1324 1843 1412 1866 cum
1445 1829 1512 1867 illo
1557 1831 1797 1882 postmodum
1834 1830 2071 1883 judicaturi,
2117 1835 2325 1887 inspiciatis
2355 1836 2391 1873 8(

1267 1911 1293 1931 „
1323 1893 1451 1920 actum
1475 1913 1486 1932 ,
1517 1883 1551 1919 8(
1579 1896 1721 1935 opera,
1751 1884 1785 1920 8(
1814 1887 1951 1923 merita
1980 1887 2217 1940 singulorum
2236 1919 2246 1937 ,
2293 1890 2394 1940 ipso-

1260 1964 1291 1985 >„
1323 1949 1408 1974 rum
1438 1949 1592 1989 quoque
1639 1936 1866 1976 delictorum
1909 1954 2045 1991 genera
2068 1970 2079 1988 ,
2123 1940 2156 1977 8(
2187 1940 2394 1994 qualitates

1264 2018 1290 2038 „
1319 1991 1513 2041 cogitetis,
1544 2004 1591 2028 ne
1620 1991 1652 2028 si
1681 1991 1774 2042 quid
1805 1990 1967 2045 abrupte
1988 2024 1998 2042 ,
2029 1991 2062 2030 8(
2090 1995 2248 2046 indigne
2279 1995 2340 2035 vel
2371 2011 2395 2034 a

1263 2072 1290 2091 „
1321 2044 1429 2081 vobis
1459 2043 1689 2094 promissum
1708 2074 1719 2092 ,
1748 2046 1807 2082 vel
1827 2060 1849 2083 a
1868 2048 1975 2085 vobis
1997 2048 2143 2087 factum
2174 2050 2290 2088 fuerit
2311 2080 2321 2097 ,
2353 2065 2395 2087 a·

1263 2126 1289 2145 „
1321 2097 1399 2148 pud
1429 2096 1602 2135 Gentiles
1630 2110 1784 2150 quoque
1823 2100 1921 2152 ipsos
1952 2101 2123 2140 Ecclesia
2153 2113 2278 2140 nostra
2308 2117 2397 2140 eru-

1263 2179 1290 2199 „
1320 2151 1473 2188 bescere
1503 2152 1690 2203 incipiat.
1710 2155 1736 2173 ‘⁶
1767 2152 1892 2204 Atque
1922 2155 1974 2192 ita
2005 2157 2277 2208 prosequitur.
2312 2169 2394 2193 mo-

1264 2217 1344 2240 rem
1377 2206 1571 2242 invectum
1595 2234 1606 2252 ,
1654 2213 1696 2241 nt
1725 2206 1792 2256 qui
1822 2207 1862 2244 in
1900 2208 2120 2260 carceribus
2151 2221 2221 2260 pro
2248 2208 2394 2246 Christi

1263 2256 1338 2294 fide
1369 2257 1415 2294 ad
1445 2258 1674 2309 martyrium
1703 2257 1877 2296 destinati
1909 2270 2040 2308 erant,
2071 2273 2139 2311 pro
2170 2263 2286 2313 lapsis
2318 2263 2392 2299 mi-

1262 2310 1509 2348 sericordiam
1531 2338 1543 2358 ,
1586 2309 1619 2345 8(
1656 2323 1790 2361 pacem
1821 2322 2017 2362 peterent,
2062 2315 2222 2351 minime
2251 2317 2392 2353 conde-

1262 2376 1396 2400 mnans
1417 2391 1428 2410 ,
1458 2363 1753 2400 moderationem
1773 2373 1895 2402 tamen
1914 2395 1924 2413 ,
1955 2365 1989 2402 8(
2005 2367 2392 2419 circumspectionem

1263 2416 1438 2454 adhiberi
1468 2417 1652 2468 cupiens,
1700 2430 1748 2453 ue
1779 2418 1899 2456 nimia
1936 2418 2171 2471 indulgentia
2204 2423 2304 2473 rigor
2334 2423 2393 2459 di-

1262 2469 1438 2521 scipliuae
1468 2469 1702 2507 solveretur.
1732 2471 1919 2523 Cypriani
1943 2473 2244 2512 misericordiam
2268 2504 2277 2522 ,
2310 2475 2389 2519 jus-

1265 2531 1301 2560 to
1331 2525 1453 2573 rigore
1482 2532 1730 2574 temperatam
1749 2553 1760 2571 ‚
1791 2525 2018 2577 approbavit
2046 2527 2177 2565 Clerus
2196 2522 2389 2566 Romanus

1266 2577 1306 2613 in
1337 2575 1457 2627 Epist.
1487 2577 1533 2614 ad
1563 2577 1834 2628 Cypri-anum.

1320 2629 1413 2674 416.
1443 2627 1570 2667 Postea
1600 2643 1690 2667 vero
1719 2640 1882 2669 cessante
1911 2634 2172 2684 persecutione
2194 2631 2392 2684 lapsorum

1264 2695 1382 2720 causa
1411 2683 1639 2720 accuratiori
1670 2686 1836 2722 examini
1858 2685 2029 2737 subjecta
2062 2688 2156 2733 fuit3
2188 2686 2317 2724 habito
2341 2687 2392 2725 1⁴]-

1266 2748 1507 2789 ptscoporum
1536 2735 1735 2785 Concilio,
1767 2739 1804 2775 iu
1833 2752 1936 2790 quo,
1982 2750 2020 2778 ut
2051 2741 2173 2792 iuquit
2204 2742 2283 2792 ipse
2314 2742 2392 2783 Cv-

1265 2790 1423 2841 ptianus
1445 2789 1566 2842 Epist.
1589 2789 1670 2827 Lll.
1702 2791 1749 2828 ad
1782 2792 2035 2831 Antonianum
2058 2823 2068 2840 ,
2097 2794 2309 2843 Scripturis
2327 2788 2393 2831 tim

1265 2854 1318 2879 ex
1347 2852 1512 2892 utraque
1540 2851 1654 2892 parte
1683 2843 1847 2894 prolatis
1888 2854 2252 2896 temperamentum
2283 2848 2393 2885 salu-

1266 2894 1322 2933 bri
1352 2896 1624 2934 moderatione
1654 2895 1839 2934 libratum
1857 2898 1945 2950 fuit
1966 2929 1977 2947 ,
2014 2910 2055 2937 ut
2088 2914 2163 2938 nec
2192 2904 2233 2938 in
2263 2910 2389 2938 totum

1266 2962 1354 2998 spes
1383 2954 1758 2987 comtntnticationis
1778 2979 1788 2999 ,
1831 2955 1881 2992 (ιν
1908 2957 2020 3005 pacis
2063 2955 2184 3005 lapsis
2215 2955 2391 2997 dener-‹z-

1268 3011 1374 3040 retur
1395 3029 1465 3042 .....
1487 3016 1559 3041 uec
1588 3013 1729 3041 tizrnen
1772 3017 1906 3043 rursus
1935 3020 2108 3046 censura
2151 3000 2384 3048 σικιηςψῖέσα,

1268 3057 1478 3095 solveretur·
1498 3087 1508 3104 ,
1539 3065 1579 3093 ur
1609 3057 1664 3094 (hl
1684 3064 2093 3100 communicationem
2123 3050 2271 3100 temer}
2299 3072 2390 3109 ,1Το-

1269 3110 1442 3150 silirent.
1472 3109 1585 3149 A'ddit
1605 3112 1783 3164 insuper,
1813 3110 1975 3154 Romam
2004 3115 2208 3168 superbae
2239 3127 2277 3149 re
2294 3111 2388 3149 scri-

2220 3175 2331 3217 ptum

1284 1859 1294 1877 υ

1267 3284 1309 3320 de
1334 3289 1459 3323 Castro
1485 3290 1562 3323 Lib.
1593 3289 1687 3324 Vm.
1713 3292 1790 3326 ατὶιν.
1822 3290 1934 3327 hsret.
1972 3293 2108 3325 incaute
2146 3288 2180 3322 id
2216 3287 2386 3333 scripsit,

1266 3345 1328 3367 nec
1353 3345 1531 3380 propterea
1561 3337 1858 3382 indulgentiarum
1884 3339 2005 3381 dogm:
2043 3338 2206 3381 negavit,
2244 3344 2281 3369 ut
2306 3336 2386 3380 qui-

1262 3379 1411 3415 busdam
1435 3382 1550 3416 visum
1573 3391 1624 3420 est
1645 3405 1653 3414 .
