2605 3624
667 80 746 126 DE
780 79 1058 124 INTERNA
1093 79 1368 124 MINISTRI
1401 79 1818 127 INTENTIONE.

55 162 186 203 bidem
215 163 263 204 ad
294 163 331 204 5.
363 161 564 214 Angelicus
594 159 700 198 docet
739 162 852 198 etiam
890 158 937 195 de
966 157 1181 208 juramento

56 232 126 270 per
157 221 233 256 vim
263 227 429 264 extorto,
458 215 559 267 quod
589 223 688 250 certe
718 212 867 250 nullum
898 221 949 248 est
968 237 978 247 .
1011 210 1068 248 Eu
1099 225 1181 249 ver-

61 272 112 308 ba
141 270 181 309 S.
199 271 384 310 Doctoris:
414 267 462 306 In
499 269 744 311 'uramento,
774 264 876 316 quoti
904 263 989 314 quis
1019 275 1181 302 coactus

50 323 166 375 jitcit
183 354 194 373 ,
222 323 365 373 duplex
384 329 441 359 est
455 333 478 358 ο
502 320 641 372 ligatio
658 346 668 357 .
703 317 797 356 Una
826 317 983 369 qualem
1000 347 1011 365 ,
1040 331 1119 368 (μω
1140 331 1180 354 o-

59 376 110 414 bli
140 386 229 414 atur
257 374 432 422 homini,
473 378 537 411 cui
564 371 716 423 aliquit!
742 376 964 423 promittic‚·
1007 371 1056 411 (J
1085 372 1179 409 talis

58 391 243 482 obligatio
268 429 413 467 tollitur
439 440 508 478 per
538 430 787 465 coactionem
805 456 816 474 ,
853 429 947 477 quin,
977 425 1044 462 ille·
1061 454 1071 472 ‚
1114 428 1179 476 qui

58 486 136 521 vt'm
164 482 318 530 intulit,
354 479 424 519 boc
455 491 654 528 meretur,
698 490 737 517 nt
767 485 803 518 ei
831 483 1069 530 promissum
1099 492 1181 515 non

59 544 254 575 servetur.
285 535 378 573 Atta
407 543 545 573 autem
574 544 631 572 est
653 533 859 587 obligatio,
888 546 967 581 quiz
987 536 1071 583 quis
1092 531 1181 570 Deo

59 586 252 641 oblt'gatur
279 598 322 627 ut
347 589 513 639 Impleat
531 616 541 634 ,
570 587 672 640 quod
699 601 769 639 per
799 600 946 624 nomen
977 588 1062 638 ejus
1091 598 1180 636 pro·

58 646 194 690 misit,
222 642 273 683 <9⁶
301 642 395 680 talis
422 642 608 694 obligatio
637 654 715 679 non
745 642 889 679 tollitur
908 644 948 677 in
957 638 1057 692 foro
1084 652 1180 677 con-

59 699 268 745 scientiae,
310 699 406 748 quia·
433 700 567 748 magis
595 694 706 733 debet
735 694 933 732 damnum
963 695 1183 744 temporale

59 753 276 798 sustinere,
305 763 429 802 quam
442 750 722 802 juramentum
752 749 921 786 violare.
951 746 1074 784 Nemo
1101 760 1182 783 cer-

60 810 95 841 te
128 803 291 851 dixerit,
321 803 581 855 juramentum
617 804 654 841 vi
675 811 860 840 extortum
890 801 1034 851 absque
1067 800 1182 837 inter-

55 869 108 895 na
134 856 286 908 jurandi
306 857 529 904 voluntate,
560 865 599 893 ut
630 856 881 910 supponimus
898 883 908 902 ‚
938 867 1016 890 esse
1045 866 1181 891 verum

58 909 349 961 juramentum}
374 911 485 949 sicuti
515 909 722 946 adversarii
754 921 827 946 non
857 908 1013 952 dicunt,
1043 906 1179 944 Sacra-

55 973 186 1002 menta.
215 977 282 1015 per
300 965 534 1002 coactionem
555 960 695 999 collata
712 991 723 1009 ,
754 961 812 999 vel
845 969 996 1012 recepta
1018 974 1094 997 esse
1115 974 1180 998 va-

56 1014 161 1056 lida.
207 1015 322 1054 Aliud
352 1026 478 1055 tamen
507 1023 559 1053 est
587 1016 633 1053 de
664 1028 733 1063 e0,
771 1015 839 1067 qui
880 1014 992 1051 habet
1022 1015 1179 1065 quidem

53 1066 303 1108 intentionem
331 1068 515 1121 jurandi,
557 1068 622 1106 sed
651 1080 726 1106 non
755 1082 793 1105 se
820 1067 1044 1118 obligandi,
1088 1069 1182 1120 quia

55 1131 147 1161 tuuc
177 1131 228 1160 est
258 1135 392 1161 verum
421 1121 710 1174 juramentum3
740 1120 774 1157 ἃ
794 1135 883 1160 cum
902 1119 1182 1172 liocjuramen-

57 1184 140 1215 tum
157 1175 320 1214 involvat
338 1175 609 1228 obligationem
631 1174 818 1228 implendi
833 1206 843 1224 ,
859 1187 930 1212 non
948 1183 1063 1227 potest
1079 1173 1184 1212 dolo-

55 1243 96 1268 ne
119 1229 246 1277 iurans
263 1228 359 1268 lianc
373 1230 646 1282 obligationem
663 1243 684 1266 a
705 1229 920 1279 juramento
938 1227 1164 1280 sejungere}-

109 1283 201 1334 527.
232 1282 287 1321 Ne
319 1297 366 1322 ue
408 1296 498 1323 vero
525 1284 609 1336 quis
638 1283 798 1334 objiciat
829 1284 1099 1335 propositiones
1129 1281 1178 1319 ab

52 1335 268 1376 Innocentio
338 1338 366 1376 l.
395 1346 496 1376 recte
524 1339 719 1375 damnatas
737 1367 746 1385 ‚
791 1346 830 1374 nt
857 1346 912 1374 est
942 1333 1011 1374 illa
1039 1350 1079 1373 n.
1109 1337 1178 1374 25.

58 1388 158 1427 Cum
186 1402 314 1428 causa
343 1392 492 1429 licitum
520 1399 578 1428 est
601 1392 746 1443 jnrtzre
765 1394 852 1428 sine
877 1393 1016 1427 animo
1031 1390 1179 1442 juran-

54 1442 127 1487 ‹lt;
156 1453 235 1482 tum
263 1443 341 1483 alia
370 1458 407 1482 u.
431 1443 494 1484 26.
531 1443 574 1482 St
601 1449 687 1495 quis
708 1470 750 1482 ...
773 1444 907 1497 juret,
937 1457 980 1481 se
1008 1456 1089 1480 non
1107 1441 1179 1496 se-

52 1500 155 1534 cisse
183 1497 350 1548 aliquid,
379 1497 483 1550 quod
510 1510 649 1536 revera
665 1496 773 1550 fecit
791 1528 801 1546 ,
833 1496 1090 1550 intelligendo
1119 1502 1179 1534 in-

51 1557 119 1588 tra
146 1563 189 1588 se
217 1550 367 1602 aliquid
394 1550 531 1600 aliud,
560 1551 662 1602 quoii
690 1565 770 1590 non
787 1551 895 1604 jecit
913 1581 923 1599 ,
962 1551 1019 1589 vel
1049 1551 1178 1588 aliam

50 1607 160 1643 viam
188 1603 238 1642 ab
267 1618 344 1653 ea,
374 1609 416 1643 in
444 1618 524 1656 qun
542 1605 650 1658 fecit
668 1636 678 1654 ,
708 1606 766 1644 vel
796 1604 954 1655 quotins
973 1604 1083 1642 alini
1103 1603 1177 1641 ‹ut-

51 1655 179 1695 ditum
209 1671 341 1696 verum
359 1687 370 1706 ,
398 1671 537 1696 revera
552 1672 634 1696 non
655 1663 870 1706 mentitur,
901 1670 974 1696 nec
1004 1666 1061 1695 esc
1090 1670 1176 1706 per-

51 1711 168 1763 jurus
185 1737 195 1747 .
223 1711 266 1748 Si
294 1722 383 1762 ergo
410 1710 544 1761 jurans
571 1725 661 1749 cum
683 1711 839 1749 mentali
861 1712 1093 1748 restrictione
1113 1710 1177 1747 de-

52 1763 220 1800 claratur
247 1764 454 1814 perjurus,
500 1765 697 1803 manifeste
727 1765 926 1816 sequitur,
972 1777 1061 1801 eum
1097 1764 1179 1801 vio-

56 1813 153 1854 lasse
182 1829 315 1855 verum
343 1815 607 1867 juramentum
624 1847 635 1866 ‚
663 1818 843 1870 quamvis
872 1818 954 1856 sine
976 1818 1118 1855 interna
1139 1831 1179 1854 a·

53 1869 152 1907 nimi
183 1870 388 1909 intentione
415 1871 559 1910 factum
576 1897 588 1909 .

107 1921 201 1961 528.
231 1922 313 1961 Non
345 1924 528 1976 inquam:
572 1922 651 1961 illas
680 1925 784 1963 enim
814 1924 1088 1976 propositiones
1117 1922 1180 1974 ju-

51 1986 119 2023 re,
166 1976 379 2029 meritoque
404 1976 593 2014 damnatae
623 1986 736 2026 sunt,
783 1978 877 2030 quia
918 1977 1069 2014 licitum
1101 1991 1179 2014 esse

51 2027 230 2067 dicebant
258 2027 520 2079 juramentum
548 2029 671 2068 solum
702 2031 866 2068 exterius
895 2029 1087 2082 prolatum
1126 2032 1176 2068 si-

50 2094 102 2121 ne
131 2083 296 2121 interiori
327 2081 515 2123 voluntate
544 2082 727 2135 jurandi,
762 2084 821 2122 vel
852 2097 942 2122 cum
972 2085 1176 2122 restrictio-

53 2135 165 2175 nibus
195 2149 289 2189 pure
317 2135 571 2183 mentalibus3
609 2151 699 2190 quae
727 2146 828 2175 certe
858 2137 1027 2175 doctrina
1045 2168 1056 2186 ,
1087 2137 1177 2176 licet

52 2203 76 2228 a
104 2197 178 2228 non
209 2190 340 2242 paucis
360 2189 571 2228 laxioribus
590 2191 772 2230 Casuistis
793 2191 967 2243 adoptata
985 2221 995 2238 ,
1026 2201 1103 2228 erat
1127 2193 1176 2229 Α-

53 2241 237 2294 postolica
264 2244 581 2283 condemnatione
595 2244 709 2296 digna
726 2271 736 2283 .
767 2245 899 2296 Inepta
926 2258 1017 2282 vero
1039 2254 1090 2282 est
1109 2245 1177 2283 ob-

55 2297 217 2334 servatio
243 2296 355 2335 ducta
384 2309 429 2335 ex
459 2309 550 2337 voce
579 2299 784 2350 perjuru55
816 2300 972 2336 utenim
990 2298 1095 2336 docet
1110 2311 1178 2336 no-

58 2348 133 2387 ster
159 2349 200 2387 S.
230 2347 444 2403 Praeceptor
475 2365 511 2390 2.
530 2364 567 2390 2.
595 2366 661 2404 qu.
677 2351 753 2406 98:
773 2362 843 2390 art.
867 2365 899 2390 ι.
917 2382 928 2400 ,
957 2353 1179 2404 perjurium

61 2400 248 2455 definitur
275 2416 363 2443 esse
390 2404 648 2444 mendacium
669 2407 905 2460 juramento
922 2404 1145 2458 firmatum
1162 2420 1178 2451 ;

58 2455 162 2508 quod
188 2455 299 2496 debet
333 2457 496 2511 intelligi
525 2460 639 2497 etiam
677 2460 724 2498 de
766 2459 982 2512 juramento
1015 2460 1178 2497 exterius

54 2507 203 2562 prolato
229 2511 309 2550 sine
337 2512 488 2552 interna
515 2513 636 2552 animi
664 2515 900 2560 intentione;
933 2528 1022 2552 nam
1045 2514 1084 2551 in
1105 2511 1177 2551 hoc

52 2574 203 2615 quoque
230 2578 320 2603 casu
361 2575 413 2604 est
448 2567 698 2606 mendacium
729 2568 800 2606 Dei
832 2568 1069 2606 invocatione
1108 2566 1175 2605 fir·

54 2624 229 2665 matum,
257 2618 357 2657 unde
385 2628 425 2658 ut
452 2621 620 2659 vidimus
649 2635 732 2673 sup.
763 2635 799 2659 n.
822 2621 914 2659 525.
932 2650 942 2668 ,
988 2620 1176 2673 Hierony·

55 2674 145 2728 mus·
169 2668 243 2708 tale
272 2673 511 2713 mendacium
541 2684 648 2714 vocat
668 2688 749 2713 non
763 2676 1074 2729 juramentum,
1105 2672 1176 2713 seii

59 2726 298 2772 perjurium.

111 2774 203 2828 329.
230 2777 343 2826 Quod
371 2780 417 2819 de
445 2789 530 2820 voto
558 2781 728 2821 additum
759 2790 838 2830 est,
883 2783 1005 2835 magis
1033 2781 1174 2821 doctri-

56 2839 148 2866 nam
178 2839 340 2869 nostram
369 2833 597 2883 confirmat,
639 2846 785 2875 certum
815 2844 867 2874 est
896 2839 1000 2874 enim
1030 2836 1079 2875 ad
1109 2850 1174 2875 vo-

53 2888 138 2918 tum
168 2885 414 2925 necessariam
443 2901 520 2926 esse
558 2891 746 2928 internam
785 2891 955 2928 voventis
999 2891 1174 2928 intentio-

54 2946 167 2981 nem,
198 2934 231 2971 81:
260 2936 489 2978 voluntatem
507 2967 518 2978 .
548 2942 610 2979 AJ
638 2952 766 2981 votum
784 2973 793 2989 ,
826 2943 946 2996 inquit
970 2943 1176 2996 Angelicus

56 2986 96 3026 5.
128 2987 168 3025 P.
198 3003 264 3042 qu.
286 2988 352 3027 88.
381 3001 451 3030 art.
471 3007 503 3030 ι.
521 3023 532 3041 ,
575 2998 654 3032 trin.
683 3009 735 3032 ex
771 3000 1011 3035 necessitate
1048 3001 1175 3048 requi-

54 3050 223 3090 runtur,
256 3047 384 3091 primo
412 3046 568 3094 quidem
597 3046 849 3097 deliberatio,
886 3050 1058 3088 secundo
1085 3065 1175 3102 pro·

51 3098 223 3149 positum
245 3097 455 3134 voluntatis
471 3128 482 3147 ,
512 3101 626 3136 tertio
645 3105 851 3146 promissio
867 3131 877 3148 ,
908 3107 949 3140 in
978 3117 1058 3153 qna
1086 3118 1175 3154 per-

43 3146 186 3200 ficitur
216 3153 320 3187 ratio
350 3154 454 3195 t'oti;
492 3150 526 3187 ἃ
556 3161 627 3190 art.
649 3152 685 3190 5.
715 3153 760 3190 ad
783 3153 821 3191 5.
865 3154 1064 3208 obligatio
1103 3160 1176 3195 voti

57 3211 110 3238 ex
136 3207 298 3253 propriu.
325 3205 525 3242 voluntate
543 3235 554 3251 ‚
583 3205 633 3245 ὠ
662 3208 878 3244 intentione
907 3218 1121 3246 causatur.

116 3252 206 3294 330.
237 3256 306 3295 Res
336 3257 469 3296 adliuc.
491 3257 630 3296 clarior
659 3267 711 3295 est
749 3259 787 3295 iu
824 3261 1093 3309 matrimonio,
1130 3261 1176 3299 de

61 3317 138 3357 quo
164 3307 204 3347 S.
233 3309 401 3351 Thomas
431 3313 470 3351 in
500 3311 570 3352 lV.
599 3311 697 3352 Dist.
719 3310 888 3350 XXVll.
916 3325 955 3364 q.
983 3325 1016 3351 ι.
1045 3322 1116 3353 art.
1139 3327 1176 3354 2.

2232 88 2309 129 135

1247 159 1439 211 qinein-4,
1471 161 1615 211 inquit:
1665 161 1881 208 Expreesio
1916 161 2116 200 ver-'mrum
2156 165 2241 202 sine
2269 169 2368 201 inte-

1248 215 1343 249 riori
1383 225 1576 250 consensu
1611 224 1914 252 matrimonium
1960 230 2039 252 nau
2082 216 2214 262 Ιᾷιειις
2257 219 2290 254 ἀ
2333 221 2373 256 in

1249 278 1349 317 resp.
1379 265 1424 303 ad
1448 279 1483 303 2.
1515 265 1555 302 St
1586 265 1682 303 <lesit
1713 279 1925 303 cons-uncti.-
1958 262 2144 308 mentulis
2174 283 2225 307 ex:
2254 282 2369 320 purte

1249 322 1390 366 unius,
1434 332 1486 356 ex
1516 328 1660 356 neutra
1689 329 1802 368 μινισ
1836 330 1891 356 est
1942 333 2259 362 ιιηινιηωημωῑ,
2308 325 2369 363 54-

1249 372 1359 411 milia
1390 371 1502 410 habet
1535 373 1777 411 Innocentius
1798 373 1864 410 lll.
1898 372 1982 409 Lib.
2006 375 2050 410 V.
2094 376 2368 414 [herminum.

1249 439 1334 477 cap.
1369 422 1453 463 Tuli
1485 439 1556 463 nos
1584 436 1689 464 extra
1723 425 1782 463 De
1810 427 1985 474 sion-n.
2015 435 2063 466 <f
2086 435 2341 468 'matronarum
2359 458 2369 468 .

1249 479 1402 525 Quibus
1432 479 1602 517 addenda
1633 489 1743 526 sunt,
1791 493 1877 530 ‹pi-e
1922 479 2032 515 tralit
2062 480 2103 518 S.
2137 481 2300 522 'l'lnnn25
2331 487 2369 522 j„

1251 531 1317 570 lV.
1350 533 1447 570 Dist.
1479 532 1646 571 XXVII.
1675 548 1714 585 q.
1743 546 1775 570 ι.
1804 542 1874 570 arr.
1898 545 1933 571 2.
1964 535 2275 584 q‹=m‚1n1nc.4.,
2307 538 2373 576 ubi

1249 599 1472 638 comparans
1494 586 1726 638 baptismum
1749 601 1837 624 cuni
1862 589 2107 623 mitrinionio
2124 616 2133 632 ,
2165 586 2269 623 Sicut
2287 618 2296 634 ,
2319 591 2372 626 i„-

1249 641 1356 692 quit,
1392 653 1435 677 se
1465 639 1580 678 habet
1609 640 1758 678 ablutio
1788 644 1961 677 exterior
2000 640 2054 677 wi
2086 640 2334 687 baptismum
2357 673 2367 690 ,

1250 698 1309 732 ita
1336 700 1379 732 se
1408 692 1522 733 imbec
1549 698 1754 744 expressio
1782 695 1985 732 verborum
2028 693 2082 731 ati
2119 692 2188 731 hoc
2224 694 2372 733 Sacru-

1252 757 1434 785 mentum
1455 749 1721 800 (matrimonii
1746 750 1788 797 ).
1824 746 1938 785 Untle
1966 750 2065 785 sicut
2094 752 2127 785 si
2157 750 2298 798 aliquis
2328 761 2374 787 a·

1251 799 1464 840 birtilonem
1507 806 1745 840 exteriorem
1788 806 2006 852 reciperet,
2050 814 2128 838 non
2163 801 2373 839 intendens

1251 860 1433 905 accipere
1462 855 1776 893 Sacramentum
1794 885 1805 903 ,
1848 855 1916 893 sel
1945 855 1983 892 lu
1999 854 2080 892 lum
2100 885 2110 903 ,
2152 858 2201 896 <¹9-
2241 855 2374 893 dolum

1237 908 1417 960 jiicere,
1447 923 1528 946 non
1558 919 1658 947 esset
1688 909 1935 961 baptizatus,
1975 914 2032 946 itu.
2062 913 2263 958 expressio
2294 923 2375 947 ver-

1250 963 1386 1000 borum
1416 968 1502 1002 sine
1530 966 1716 1002 interiore
1745 976 1941 1002 consensu
1970 967 2276 1002 matrimonium
2298 976 2377 1001 non

1238 1016 1352 1068 fucit
1371 1043 1381 1055 .

1307 1071 1401 1110 531.
1433 1070 1551 1108 Acute
1579 1071 1742 1124 Serryns
1772 1072 1949 1123 reponit,
1980 1069 2085 1109 aliud
2116 1085 2192 1110 esse
2222 1071 2376 1109 interio-

1250 1137 1331 1162 rem
1362 1138 1586 1162 consensum
1618 1128 1731 1163 unius
1760 1127 1932 1175 conjugis
1964 1126 2000 1162 in
2031 1126 2196 1163 alterum
2219 1154 2229 1172 ‚
2269 1123 2379 1165 aliud

1252 1179 1498 1216 intentionem
1523 1179 1716 1226 faciendi,
1747 1177 1807 1215 vel
1832 1178 2040 1230 recipiendi
2060 1179 2378 1216 Sacramentum:

1251 1240 1430 1269 mutuum
1461 1243 1683 1270 consensum
1715 1245 1790 1268 esse
1820 1232 2012 1279 formam,
2043 1230 2103 1268 vel
2134 1245 2288 1268 causam
2321 1232 2376 1268 el-

1249 1285 1441 1323 ficientem
1472 1285 1736 1332 matrimonii,
1769 1286 2019 1323 intentionem
2048 1292 2177 1322 autem
2207 1285 2376 1322 efficien-

1246 1339 1313 1386 di,
1343 1337 1404 1376 vel
1433 1339 1647 1390 recipiendi
1664 1337 1954 1376 Sacramentum
1986 1350 2060 1376 non
2090 1351 2170 1375 esse
2197 1339 2270 1375 uisi
2292 1351 2379 1375 con-

1244 1393 1428 1430 ditionem
1446 1422 1455 1439 ,
1485 1392 1736 1430 desideratam
1765 1392 1923 1444 quidem
1946 1422 1957 1440 ,
1987 1392 2051 1429 sed
2073 1392 2233 1429 minime
2254 1405 2380 1429 neces-

1246 1447 1388 1485 sariam
1407 1472 1417 1484 .
1451 1445 1578 1497 Hujus
1608 1455 1735 1484 autem
1765 1446 2001 1483 discriminis
2031 1444 2126 1483 lianc
2157 1459 2233 1482 esse
2264 1447 2377 1482 ratio-

1248 1514 1368 1548 nem,
1412 1500 1506 1551 quia
1535 1512 1739 1538 consensus
1769 1509 1924 1536 mutuus
1968 1499 2079 1536 liabet
2123 1511 2192 1548 pro
2229 1498 2380 1548 objecto

1248 1553 1406 1605 aliquod
1447 1554 1666 1600 internum,
1709 1562 1822 1604 atque
1865 1551 2029 1588 mentale
2072 1550 2188 1588 fidem
2232 1552 2380 1589 scilicet

1245 1615 1450 1654 mutuam,
1496 1607 1795 1657 animorumque
1838 1604 2174 1656 conjunctionem,
2218 1605 2375 1642 intentio

1246 1668 1376 1697 autem
1407 1658 1575 1696 ministri
1604 1658 1800 1709 objectum
1831 1657 1944 1696 habet
1973 1667 2202 1706 externum,
2233 1658 2379 1697 scilicet

1247 1714 1364 1750 ritum
1393 1710 1720 1750 Sacramentalem
1751 1713 1846 1750 serie
1878 1711 2154 1763 perficiendum
2175 1737 2186 1749 .

1304 1766 1394 1804 552.
1412 1764 1689 1803 Verumtamen
1718 1765 1821 1816 apud
1850 1763 2058 1803 catholicos
2088 1765 2172 1803 liaec
2203 1765 2375 1818 exceptio

1250 1818 1378 1856 locum
1409 1832 1480 1856 non
1511 1818 1650 1867 habet,
1680 1820 1749 1870 qui
1780 1827 1919 1856 norunt
1950 1831 1994 1856 ex
2025 1832 2090 1856 suo
2119 1819 2377 1867 catechismo,

1246 1886 1288 1910 se
1317 1884 1392 1909 non
1423 1872 1627 1923 profanum
1657 1872 1829 1924 aliquem
1872 1881 2110 1910 contractum
2145 1873 2270 1917 inire,
2313 1874 2378 1910 sed

1249 1938 1400 1963 sacrum
1419 1955 1429 1973 ,
1462 1939 1483 1962 a
1510 1925 1660 1963 Christo
1676 1926 1842 1964 Domino
1871 1925 2060 1963 elevatum
2091 1925 2138 1964 ad
2167 1925 2377 1964 subliment

1248 1978 1483 2017 Sacramenti
1505 1979 1743 2030 dignitatem.
1765 1979 2030 2027 Quamobrem
2052 1993 2126 2017 non
2147 1980 2272 2018 solnm
2297 1994 2380 2017 inn-

1246 2040 1334 2070 tuus
1363 2045 1565 2070 consensus
1595 2034 1635 2071 in
1665 2034 1712 2071 iis
1741 2043 1793 2072 est
1823 2035 2084 2081 necessarius,
2114 2032 2242 2085 qualis
2274 2035 2311 2072 in
2344 2035 2374 2071 i-

1244 2087 1326 2139 psis
1355 2086 1576 2125 Gentilium
1607 2088 1864 2126 matrimoniis
1897 2089 2129 2140 requiritur3
2168 2087 2232 2125 sed
2263 2089 2379 2126 etiam

1245 2142 1335 2192 pius
1364 2138 1567 2179 voluntatis
1596 2150 1703 2179 actus
1733 2141 1960 2194 perficiendi
1991 2155 2072 2179 rem
2102 2154 2274 2189 sacram,
2311 2142 2377 2179 de-

1245 2196 1346 2233 fectu
1376 2193 1487 2246 cujus
1517 2207 1593 2234 non
1614 2195 1775 2243 dubim,
1808 2196 1878 2233 hoc
1894 2195 2187 2233 Sacramentum
2220 2197 2373 2232 irritum

1245 2249 1420 2286 futurum
1439 2278 1449 2296 ,
1482 2257 1520 2286 ut
1549 2249 1595 2286 de
1623 2248 1710 2286 aliis
1739 2248 1996 2287 Sacramentis
2027 2248 2206 2286 hactenus
2236 2248 2376 2300 proba-

1246 2311 1327 2340 tum
1360 2302 1430 2338 fuit
1448 2327 1459 2339 .

1302 2355 1394 2394 333.
1427 2354 1616 2392 Postrema
1644 2355 1740 2393 ratio
1776 2368 1798 2393 a
1836 2355 1951 2392 sacris
1993 2362 2128 2392 nostrae
2172 2352 2369 2406 religionis

1248 2409 1440 2462 mysteriis
1469 2420 1620 2459 prorsus
1653 2417 1706 2446 est
1749 2408 1981 2460 ableganda:
2027 2421 2102 2446 non
2143 2410 2248 2446 enim
2287 2421 2377 2459 quae

1247 2461 1482 2501 commodior
1513 2461 1633 2499 videri
1664 2470 1807 2513 potest,
1852 2461 1914 2499 sed
1944 2475 2031 2514 quae
2061 2462 2216 2510 verior,
2261 2463 2379 2499 sacris

1246 2515 1409 2562 litteris,
1440 2513 1472 2549 8(
1504 2514 1688 2553 Ecclesia:
1717 2515 1902 2562 decretis,
1933 2515 1967 2551 &
1998 2517 2106 2566 praxi
2137 2516 2372 2553 conformior

1245 2579 1324 2616 est,
1362 2567 1567 2619 explicatio
1599 2569 1774 2620 praeferri
1804 2569 1943 2607 debet.
1988 2570 2219 2621 Quanquam
2258 2571 2373 2607 etiam

1243 2625 1283 2661 in
1313 2620 1588 2661 Catliariniano
1615 2631 1816 2674 systemate
1845 2622 1879 2659 St
1908 2622 2125 2674 scrupulis,
2156 2622 2189 2658 &t
2221 2624 2375 2675 pericu-

1244 2676 1290 2714 lis
1320 2676 1423 2714 locus
1452 2676 1526 2724 sit,
1569 2676 1599 2713 si
1631 2675 1858 2728 improbitas
1888 2677 2150 2714 ministrorum
2185 2689 2229 2713 eo
2262 2677 2374 2714 cleve-

1245 2732 1322 2768 niat
1342 2760 1351 2775 ,
1383 2737 1421 2766 ut
1451 2727 1542 2768 velit
1572 2728 1820 2768 Sacramenta
1853 2731 1958 2767 irrita
1990 2729 2174 2768 recidere.

1299 2782 1391 2829 554.
1412 2780 1593 2822 Scholion
1617 2809 1627 2820 .
1655 2784 1887 2835 Quanquam
1919 2782 2098 2821 hactenus
2128 2797 2150 2821 a
2179 2782 2289 2822 nobis
2319 2782 2375 2820 al·

1244 2836 1319 2876 lata
1349 2844 1486 2875 nostrae
1517 2838 1707 2874 sententiae
1741 2837 1986 2875 fundamenta
2022 2851 2093 2876 non
2135 2838 2288 2875 omnino
2318 2838 2377 2874 in-

1244 2893 1344 2930 victa
1374 2891 1590 2928 viderentur
1611 2920 1622 2938 ‚
1666 2904 1791 2942 neque
1820 2892 1949 2929 omnia
1976 2891 2283 2929 adversariorum
2313 2904 2376 2929 ar-

1242 2954 1420 2997 gumenta
1451 2953 1570 2982 essent
1601 2944 1856 2997 undequaque
1885 2957 1930 2982 ac
1965 2944 2188 2996 plenissine
2233 2945 2373 2982 refuta·

1246 3008 1310 3047 ta,
1341 3008 1506 3038 attamen
1524 3011 1566 3034 ex
1586 2999 1780 3049 principio
1811 2997 1952 3036 reflexo
1981 2999 2163 3050 sequendi
2192 3000 2373 3036 tutiorem

1243 3063 1388 3105 partem
1407 3082 1417 3101 ,
1450 3053 1647 3102 praecipue
1677 3051 1745 3089 ubi
1774 3052 1820 3089 de
1849 3050 1978 3090 valore
2009 3055 2132 3104 agitur
2148 3051 2375 3090 Sacramen-

1242 3113 1367 3144 torum
1399 3105 1612 3162 (V.supra
1643 3119 1679 3143 n.
1699 3105 1789 3157 267.
1813 3105 1827 3152 )
1873 3105 2148 3144 Catliariniaua
2176 3106 2306 3157 opinio
2336 3119 2372 3139 e-

1244 3160 1292 3197 rit
1322 3173 1475 3211 prorsus
1505 3158 1715 3210 rejicienda
1738 3184 1747 3196 .
1780 3159 2051 3212 Quaecumque
2081 3160 2186 3197 enim
2215 3161 2260 3196 sit
2289 3156 2370 3207 ejus

1244 3212 1496 3268 probabilitas
1514 3244 1523 3259 ‚
1554 3213 1625 3250 erit
1655 3223 1755 3251 certe
1777 3214 1902 3252 minor
1919 3243 1928 3261 ‚
1959 3222 2022 3251 aut
2043 3212 2173 3250 saltem
2195 3224 2268 3249 non
2291 3223 2369 3266 ina-

1244 3277 1303 3315 Jor
1332 3265 1601 3318 probabilitate
1630 3275 1768 3305 nostrae
1796 3267 1990 3306 sententiae
2013 3296 2024 3313 ,
2053 3279 2142 3317 quae
2172 3264 2205 3300 ἃ
2236 3265 2369 3300 intszn-

1243 3330 1327 3358 seco
1357 3317 1596 3370 multarum,
1625 3319 1660 3358 ἃ
1687 3321 1865 3373 gravium
1896 3321 2088 3360 rationum
2119 3317 2304 3370 pondere,
2333 3311 2367 3347 ἃ

2256 3375 2320 3402 ex·-
