<?xml version="1.0" encoding="UTF-8"?>
<!DOCTYPE html PUBLIC "-//W3C//DTD XHTML 1.0 Transitional//EN"
    "http://www.w3.org/TR/xhtml1/DTD/xhtml1-transitional.dtd">
<html xmlns="http://www.w3.org/1999/xhtml" xml:lang="en" lang="en">
 <head>
  <title>
</title>
<meta http-equiv="Content-Type" content="text/html;charset=utf-8" />
  <meta name='ocr-system' content='tesseract 3.04.00' />
  <meta name='ocr-capabilities' content='ocr_page ocr_carea ocr_par ocr_line ocrx_word'/>
</head>
<body>
  <div class='ocr_page' id='page_1' title='image "./fratrispetrimari08gazzuoft/fratrispetrimari08gazzuoft_0145.png"; bbox 0 0 2605 3624; ppageno 0'>
   <div class='ocr_carea' id='block_1_1' title="bbox 641 124 1801 175">
    <p class='ocr_par' dir='ltr' id='par_1_1' title="bbox 641 124 1801 175">
     <span class='ocr_line' id='line_1_1' title="bbox 641 124 1801 175; baseline -0.005 -1"><span class='ocrx_word' id='word_1_1' title='bbox 641 129 722 175; x_wconf 88' lang='lat' dir='ltr'><em>DE</em></span> <span class='ocrx_word' id='word_1_2' title='bbox 758 127 1036 173; x_wconf 71' lang='lat' dir='ltr'>INTERNA</span> <span class='ocrx_word' id='word_1_3' title='bbox 1073 125 1348 169; x_wconf 84' lang='lat' dir='ltr'><strong>MINISTRI</strong></span> <span class='ocrx_word' id='word_1_4' title='bbox 1382 124 1801 170; x_wconf 58' lang='lat' dir='ltr'><strong>INTENTIONE.</strong></span> 
     </span>
    </p>
   </div>
   <div class='ocr_carea' id='block_1_2' title="bbox 58 206 1183 1009">
    <p class='ocr_par' dir='ltr' id='par_1_2' title="bbox 58 206 1183 1009">
     <span class='ocr_line' id='line_1_2' title="bbox 65 206 1179 267; baseline -0.009 -12"><span class='ocrx_word' id='word_1_5' title='bbox 65 247 90 267; x_wconf 90' lang='lat'><em>,‚</em></span> <span class='ocrx_word' id='word_1_6' title='bbox 118 227 246 255; x_wconf 76' lang='lat' dir='ltr'><em>sensus</em></span> <span class='ocrx_word' id='word_1_7' title='bbox 273 213 398 266; x_wconf 68' lang='lat' dir='ltr'><em>ignota</em></span> <span class='ocrx_word' id='word_1_8' title='bbox 434 210 601 264; x_wconf 78' lang='lat' dir='ltr'><em>profecto</em></span> <span class='ocrx_word' id='word_1_9' title='bbox 636 222 712 247; x_wconf 81' lang='lat' dir='ltr'><em>uon</em></span> <span class='ocrx_word' id='word_1_10' title='bbox 747 216 880 255; x_wconf 84' lang='lat' dir='ltr'><em>erant,</em></span> <span class='ocrx_word' id='word_1_11' title='bbox 927 208 964 244; x_wconf 89' lang='lat' dir='ltr'><em>in</em></span> <span class='ocrx_word' id='word_1_12' title='bbox 1009 206 1179 257; x_wconf 81' lang='lat' dir='ltr'><em>ejusdem</em></span> 
     </span>
     <span class='ocr_line' id='line_1_3' title="bbox 65 260 1181 319; baseline -0.009 -11"><span class='ocrx_word' id='word_1_13' title='bbox 65 265 282 319; x_wconf 40' lang='lat' dir='ltr'><em>,sCunctilii</em></span> <span class='ocrx_word' id='word_1_14' title='bbox 315 266 474 306; x_wconf 78' lang='lat' dir='ltr'>Historia</span> <span class='ocrx_word' id='word_1_15' title='bbox 506 263 591 301; x_wconf 77' lang='lat' dir='ltr'><em>Lib.</em></span> <span class='ocrx_word' id='word_1_16' title='bbox 615 261 684 299; x_wconf 82' lang='lat' dir='ltr'><em>IX.</em></span> <span class='ocrx_word' id='word_1_17' title='bbox 713 275 799 312; x_wconf 76' lang='lat' dir='ltr'><em>cap.</em></span> <span class='ocrx_word' id='word_1_18' title='bbox 821 260 858 298; x_wconf 83' lang='grc'><em>6.</em></span> <span class='ocrx_word' id='word_1_19' title='bbox 890 275 930 297; x_wconf 83' lang='grc' dir='ltr'><em>ιι.</em></span> <span class='ocrx_word' id='word_1_20' title='bbox 953 274 989 298; x_wconf 86' lang='lat'><em>2.</em></span> <span class='ocrx_word' id='word_1_21' title='bbox 1027 260 1181 312; x_wconf 82' lang='lat' dir='ltr'><em>loquens</em></span> 
     </span>
     <span class='ocr_line' id='line_1_4' title="bbox 65 312 1178 372; baseline -0.012 -10"><span class='ocrx_word' id='word_1_22' title='bbox 65 352 91 372; x_wconf 95' lang='lat'><strong>„</strong></span> <span class='ocrx_word' id='word_1_23' title='bbox 120 324 164 362; x_wconf 82' lang='lat' dir='ltr'><em>de</em></span> <span class='ocrx_word' id='word_1_24' title='bbox 191 321 372 360; x_wconf 72' lang='lat' dir='ltr'><em>uenientia</em></span> <span class='ocrx_word' id='word_1_25' title='bbox 399 332 422 356; x_wconf 83' lang='lat' dir='ltr'><em>a</em></span> <span class='ocrx_word' id='word_1_26' title='bbox 442 314 644 354; x_wconf 65' lang='lat' dir='ltr'><em>Gathar-ino</em></span> <span class='ocrx_word' id='word_1_27' title='bbox 673 315 712 352; x_wconf 84' lang='lat' dir='ltr'><em>in</em></span> <span class='ocrx_word' id='word_1_28' title='bbox 734 314 868 351; x_wconf 72' lang='lat' dir='ltr'><em>&#39;eodem</em></span> <span class='ocrx_word' id='word_1_29' title='bbox 889 312 1064 352; x_wconf 89' lang='lat' dir='ltr'><em>Concilio</em></span> <span class='ocrx_word' id='word_1_30' title='bbox 1094 326 1178 364; x_wconf 83' lang='lat' dir='ltr'><em>pro-</em></span> 
     </span>
     <span class='ocr_line' id='line_1_5' title="bbox 62 366 1177 427; baseline -0.008 -14"><span class='ocrx_word' id='word_1_31' title='bbox 62 406 90 425; x_wconf 86' lang='lat'><strong>„</strong></span> <span class='ocrx_word' id='word_1_32' title='bbox 118 383 280 427; x_wconf 77' lang='lat' dir='ltr'><em>pugnata</em></span> <span class='ocrx_word' id='word_1_33' title='bbox 307 371 391 410; x_wconf 79' lang='lat' dir='ltr'><em>liaec</em></span> <span class='ocrx_word' id='word_1_34' title='bbox 420 370 554 408; x_wconf 85' lang='lat' dir='ltr'><em>babet:</em></span> <span class='ocrx_word' id='word_1_35' title='bbox 586 367 784 420; x_wconf 69' lang='lat' dir='ltr'><em>Equidem</em></span> <span class='ocrx_word' id='word_1_36' title='bbox 813 370 998 406; x_wconf 79' lang='lat' dir='ltr'><em>existimo</em></span> <span class='ocrx_word' id='word_1_37' title='bbox 1031 366 1177 404; x_wconf 78' lang='lat' dir='ltr'><em>Catha-</em></span> 
     </span>
     <span class='ocr_line' id='line_1_6' title="bbox 61 420 1178 478; baseline -0.007 -14"><span class='ocrx_word' id='word_1_38' title='bbox 61 458 88 478; x_wconf 85' lang='lat'><em>‚,</em></span> <span class='ocrx_word' id='word_1_39' title='bbox 117 431 193 465; x_wconf 72' lang='lat' dir='ltr'><em>rint·</em></span> <span class='ocrx_word' id='word_1_40' title='bbox 219 427 460 464; x_wconf 70' lang='lat' dir='ltr'><strong><em>sententiam</em></strong></span> <span class='ocrx_word' id='word_1_41' title='bbox 478 423 645 474; x_wconf 70' lang='lat' dir='ltr'><em>salsam</em></span> <span class='ocrx_word' id='word_1_42' title='bbox 665 435 773 475; x_wconf 83' lang='lat' dir='ltr'><em>esse,</em></span> <span class='ocrx_word' id='word_1_43' title='bbox 804 420 873 458; x_wconf 68' lang='lat' dir='ltr'><em>sel</em></span> <span class='ocrx_word' id='word_1_44' title='bbox 902 434 982 458; x_wconf 70' lang='lat' dir='ltr'><em>non.</em></span> <span class='ocrx_word' id='word_1_45' title='bbox 1004 420 1090 458; x_wconf 76' lang='lat' dir='ltr'><em>ideo</em></span> <span class='ocrx_word' id='word_1_46' title='bbox 1109 432 1178 469; x_wconf 84' lang='lat' dir='ltr'><em>per</em></span> 
     </span>
     <span class='ocr_line' id='line_1_7' title="bbox 61 474 1179 530; baseline -0.006 -12"><span class='ocrx_word' id='word_1_47' title='bbox 61 510 89 530; x_wconf 88' lang='lat'><strong><em>„</em></strong></span> <span class='ocrx_word' id='word_1_48' title='bbox 121 478 336 517; x_wconf 74' lang='lat' dir='ltr'><em>Tridentini·</em></span> <span class='ocrx_word' id='word_1_49' title='bbox 363 489 541 515; x_wconf 84' lang='lat' dir='ltr'><em>canones</em></span> <span class='ocrx_word' id='word_1_50' title='bbox 576 475 721 514; x_wconf 81' lang='lat' dir='ltr'><em>diserte</em></span> <span class='ocrx_word' id='word_1_51' title='bbox 763 474 1038 528; x_wconf 51' lang='lat' dir='ltr'><em>‹Lirnnatanm</em></span> <span class='ocrx_word' id='word_1_52' title='bbox 1080 487 1179 523; x_wconf 69' lang='lat' dir='ltr'><em>qim·</em></span> 
     </span>
     <span class='ocr_line' id='line_1_8' title="bbox 60 527 1178 583; baseline -0.003 -15"><span class='ocrx_word' id='word_1_53' title='bbox 60 562 87 583; x_wconf 85' lang='lat'>„</span> <span class='ocrx_word' id='word_1_54' title='bbox 114 541 270 583; x_wconf 84' lang='lat' dir='ltr'><em>propter</em></span> <span class='ocrx_word' id='word_1_55' title='bbox 284 530 365 583; x_wconf 85' lang='lat' dir='ltr'><em>sas</em></span> <span class='ocrx_word' id='word_1_56' title='bbox 395 531 449 568; x_wconf 84' lang='lat' dir='ltr'><em>illi</em></span> <span class='ocrx_word' id='word_1_57' title='bbox 465 530 578 581; x_wconf 72' lang='lat' dir='ltr'><em>suit,</em></span> <span class='ocrx_word' id='word_1_58' title='bbox 609 528 848 577; x_wconf 57' lang='lat' dir='ltr'><em>affirmare,</em></span> <span class='ocrx_word' id='word_1_59' title='bbox 878 541 971 566; x_wconf 84' lang='lat' dir='ltr'><em>eam</em></span> <span class='ocrx_word' id='word_1_60' title='bbox 1005 527 1178 565; x_wconf 78' lang='lat' dir='ltr'><em>Concilio</em></span> 
     </span>
     <span class='ocr_line' id='line_1_9' title="bbox 58 581 1179 636; baseline -0.004 -13"><span class='ocrx_word' id='word_1_61' title='bbox 58 614 86 636; x_wconf 90' lang='lat'><strong>„</strong></span> <span class='ocrx_word' id='word_1_62' title='bbox 111 597 194 623; x_wconf 85' lang='lat' dir='ltr'><em>non</em></span> <span class='ocrx_word' id='word_1_63' title='bbox 222 583 524 623; x_wconf 78' lang='lat' dir='ltr'><em>contradicere.</em></span> <span class='ocrx_word' id='word_1_64' title='bbox 556 583 602 621; x_wconf 87' lang='lat' dir='ltr'><em>Et</em></span> <span class='ocrx_word' id='word_1_65' title='bbox 632 583 720 621; x_wconf 85' lang='lat' dir='ltr'>Lib.</span> <span class='ocrx_word' id='word_1_66' title='bbox 742 581 832 620; x_wconf 85' lang='lat' dir='ltr'><strong>XII.</strong></span> <span class='ocrx_word' id='word_1_67' title='bbox 861 597 945 634; x_wconf 79' lang='lat' dir='ltr'><em>cap.</em></span> <span class='ocrx_word' id='word_1_68' title='bbox 974 594 1033 619; x_wconf 89' lang='grc' dir='ltr'><em>ιο.</em></span> <span class='ocrx_word' id='word_1_69' title='bbox 1064 593 1179 633; x_wconf 81' lang='lat' dir='ltr'><em>expo-</em></span> 
     </span>
     <span class='ocr_line' id='line_1_10' title="bbox 114 635 1178 687; baseline -0.006 -10"><span class='ocrx_word' id='word_1_70' title='bbox 114 651 204 677; x_wconf 88' lang='lat' dir='ltr'><em>nens</em></span> <span class='ocrx_word' id='word_1_71' title='bbox 231 639 378 676; x_wconf 80' lang='lat' dir='ltr'><em>decreta</em></span> <span class='ocrx_word' id='word_1_72' title='bbox 409 636 645 676; x_wconf 77' lang='lat' dir='ltr'><em>Poeuitentioe</em></span> <span class='ocrx_word' id='word_1_73' title='bbox 675 635 965 674; x_wconf 78' lang='lat' dir='ltr'>Sacramentum</span> <span class='ocrx_word' id='word_1_74' title='bbox 1009 642 1178 687; x_wconf 85' lang='lat' dir='ltr'><em>spectan-</em></span> 
     </span>
     <span class='ocr_line' id='line_1_11' title="bbox 115 686 1179 740; baseline -0.005 -11"><span class='ocrx_word' id='word_1_75' title='bbox 115 693 164 730; x_wconf 82' lang='lat' dir='ltr'><em>tia</em></span> <span class='ocrx_word' id='word_1_76' title='bbox 183 721 193 740; x_wconf 95' lang='lat'><strong>‚</strong></span> <span class='ocrx_word' id='word_1_77' title='bbox 224 706 244 730; x_wconf 81' lang='lat' dir='ltr'><em>a</em></span> <span class='ocrx_word' id='word_1_78' title='bbox 263 690 622 731; x_wconf 62' lang='lat' dir='ltr'><em>concilii-Patribus</em></span> <span class='ocrx_word' id='word_1_79' title='bbox 644 690 801 727; x_wconf 79' lang='lat' dir='ltr'><em>formata</em></span> <span class='ocrx_word' id='word_1_80' title='bbox 819 719 830 736; x_wconf 86' lang='lat'><em>,</em></span> <span class='ocrx_word' id='word_1_81' title='bbox 860 703 896 726; x_wconf 91' lang='lat' dir='ltr'><em>n.</em></span> <span class='ocrx_word' id='word_1_82' title='bbox 919 688 984 733; x_wconf 71' lang='grc'><em>54.</em></span> <span class='ocrx_word' id='word_1_83' title='bbox 1004 690 1078 726; x_wconf 85' lang='lat' dir='ltr'><em>ait:</em></span> <span class='ocrx_word' id='word_1_84' title='bbox 1107 686 1179 724; x_wconf 76' lang='lat' dir='ltr'><em>Ex</em></span> 
     </span>
     <span class='ocr_line' id='line_1_12' title="bbox 119 743 1180 796; baseline -0.005 -14"><span class='ocrx_word' id='word_1_85' title='bbox 119 744 224 783; x_wconf 79' lang='lat' dir='ltr'><em>hisce</em></span> <span class='ocrx_word' id='word_1_86' title='bbox 250 748 458 796; x_wconf 79' lang='lat' dir='ltr'><strong><em>postremis</em></strong></span> <span class='ocrx_word' id='word_1_87' title='bbox 487 743 610 781; x_wconf 69' lang='lat' dir='ltr'><em>verbis</em></span> <span class='ocrx_word' id='word_1_88' title='bbox 630 745 827 795; x_wconf 80' lang='lat' dir='ltr'><em>conjicere</em></span> <span class='ocrx_word' id='word_1_89' title='bbox 854 750 977 793; x_wconf 83' lang='lat' dir='ltr'><em>potest</em></span> <span class='ocrx_word' id='word_1_90' title='bbox 1007 745 1180 791; x_wconf 72' lang='lat' dir='ltr'><em>quisquis</em></span> 
     </span>
     <span class='ocr_line' id='line_1_13' title="bbox 115 796 1179 851; baseline -0.005 -15"><span class='ocrx_word' id='word_1_91' title='bbox 115 811 167 836; x_wconf 81' lang='lat' dir='ltr'><em>ea</em></span> <span class='ocrx_word' id='word_1_92' title='bbox 197 799 332 851; x_wconf 68' lang='lat' dir='ltr'><em>legerit</em></span> <span class='ocrx_word' id='word_1_93' title='bbox 351 828 362 846; x_wconf 89' lang='lat'>‚</span> <span class='ocrx_word' id='word_1_94' title='bbox 404 796 511 835; x_wconf 73' lang='lat' dir='ltr'><em>haud</em></span> <span class='ocrx_word' id='word_1_95' title='bbox 540 809 624 835; x_wconf 85' lang='lat' dir='ltr'><em>esse</em></span> <span class='ocrx_word' id='word_1_96' title='bbox 651 804 898 845; x_wconf 82' lang='lat' dir='ltr'><em>expunctam</em></span> <span class='ocrx_word' id='word_1_97' title='bbox 935 797 1179 832; x_wconf 72' lang='lat' dir='ltr'><em>sententiam</em></span> 
     </span>
     <span class='ocr_line' id='line_1_14' title="bbox 120 848 1180 901; baseline -0.005 -12"><span class='ocrx_word' id='word_1_98' title='bbox 120 850 343 901; x_wconf 78' lang='lat' dir='ltr'><em>Catlzarini,</em></span> <span class='ocrx_word' id='word_1_99' title='bbox 353 852 597 901; x_wconf 73' lang='lat' dir='ltr'><em>aliorumque</em></span> <span class='ocrx_word' id='word_1_100' title='bbox 615 848 899 901; x_wconf 74' lang='lat' dir='ltr'><em>‘I&#39;lzeologorum</em></span> <span class='ocrx_word' id='word_1_101' title='bbox 914 851 1180 897; x_wconf 77' lang='lat' dir='ltr'><em>opinantium,</em></span> 
     </span>
     <span class='ocr_line' id='line_1_15' title="bbox 116 901 1183 954; baseline -0.005 -10"><span class='ocrx_word' id='word_1_102' title='bbox 116 904 385 945; x_wconf 64' lang='lat' dir='ltr'><em>Simramento</em></span> <span class='ocrx_word' id='word_1_103' title='bbox 400 935 410 954; x_wconf 93' lang='lat'><em>,</em></span> <span class='ocrx_word' id='word_1_104' title='bbox 441 913 481 942; x_wconf 84' lang='lat' dir='ltr'><em>ut</em></span> <span class='ocrx_word' id='word_1_105' title='bbox 501 912 635 941; x_wconf 86' lang='lat' dir='ltr'><em>ratum</em></span> <span class='ocrx_word' id='word_1_106' title='bbox 651 906 726 950; x_wconf 80' lang='lat' dir='ltr'><em>sit,</em></span> <span class='ocrx_word' id='word_1_107' title='bbox 746 901 926 950; x_wconf 88' lang='lat' dir='ltr'><em>sufficere</em></span> <span class='ocrx_word' id='word_1_108' title='bbox 941 905 982 938; x_wconf 82' lang='lat' dir='ltr'><em>in</em></span> <span class='ocrx_word' id='word_1_109' title='bbox 1001 905 1183 939; x_wconf 76' lang='lat' dir='ltr'><em>ministro</em></span> 
     </span>
     <span class='ocr_line' id='line_1_16' title="bbox 116 954 1183 1009; baseline -0.004 -13"><span class='ocrx_word' id='word_1_110' title='bbox 116 958 356 996; x_wconf 76' lang='lat' dir='ltr'><em>voluntatem</em></span> <span class='ocrx_word' id='word_1_111' title='bbox 372 961 474 996; x_wconf 84' lang='lat' dir='ltr'><em>serio</em></span> <span class='ocrx_word' id='word_1_112' title='bbox 488 956 656 1009; x_wconf 80' lang='lat' dir='ltr'><em>agendi,</em></span> <span class='ocrx_word' id='word_1_113' title='bbox 685 956 735 996; x_wconf 63' lang='lat'><em>&lt;9</em></span> <span class='ocrx_word' id='word_1_114' title='bbox 750 954 883 993; x_wconf 80' lang='lat' dir='ltr'><em>obesse</em></span> <span class='ocrx_word' id='word_1_115' title='bbox 903 954 1183 993; x_wconf 54' lang='lat' dir='ltr'><em>tantummodo</em></span> 
     </span>
    </p>
   </div>
   <div class='ocr_carea' id='block_1_3' title="bbox 57 668 88 955">
    <p class='ocr_par' dir='ltr' id='par_1_3' title="bbox 57 668 88 955">
     <span class='ocr_line' id='line_1_17' title="bbox 58 668 85 689; baseline -0.074 0"><span class='ocrx_word' id='word_1_116' title='bbox 58 668 85 689; x_wconf 73' lang='lat'><em>&#39;²</em></span> 
     </span>
     <span class='ocr_line' id='line_1_18' title="bbox 58 721 86 741; baseline -0.036 0"><span class='ocrx_word' id='word_1_117' title='bbox 58 721 86 741; x_wconf 71' lang='lat'><em>29</em></span> 
     </span>
     <span class='ocr_line' id='line_1_19' title="bbox 60 774 87 796; baseline -0.074 0"><span class='ocrx_word' id='word_1_118' title='bbox 60 774 87 796; x_wconf 71' lang='lat'><em>22</em></span> 
     </span>
     <span class='ocr_line' id='line_1_20' title="bbox 57 827 86 849; baseline -0.069 0"><span class='ocrx_word' id='word_1_119' title='bbox 57 827 86 849; x_wconf 71' lang='lat'><em>22</em></span> 
     </span>
     <span class='ocr_line' id='line_1_21' title="bbox 60 881 88 902; baseline -0.036 0"><span class='ocrx_word' id='word_1_120' title='bbox 60 881 88 902; x_wconf 67' lang='grc' dir='ltr'><em>,θ</em></span> 
     </span>
     <span class='ocr_line' id='line_1_22' title="bbox 58 935 86 955; baseline -0.036 0"><span class='ocrx_word' id='word_1_121' title='bbox 58 935 86 955; x_wconf 68' lang='lat'><em>5²</em></span> 
     </span>
    </p>
   </div>
   <div class='ocr_carea' id='block_1_4' title="bbox 58 988 1179 1064">
    <p class='ocr_par' dir='ltr' id='par_1_4' title="bbox 58 988 1179 1064">
     <span class='ocr_line' id='line_1_23' title="bbox 58 988 1179 1064; baseline -0.004 -15"><span class='ocrx_word' id='word_1_122' title='bbox 58 988 98 1061; x_wconf 56' lang='grc' dir='ltr'><em>Ξῖ·</em></span> <span class='ocrx_word' id='word_1_123' title='bbox 114 1013 352 1050; x_wconf 69' lang='lat' dir='ltr'><em>voluntatem</em></span> <span class='ocrx_word' id='word_1_124' title='bbox 362 1009 531 1064; x_wconf 78' lang='lat' dir='ltr'><em>jocandi</em></span> <span class='ocrx_word' id='word_1_125' title='bbox 544 1039 554 1058; x_wconf 89' lang='lat'>‚</span> <span class='ocrx_word' id='word_1_126' title='bbox 583 1022 706 1060; x_wconf 79' lang='lat' dir='ltr'><em>quam</em></span> <span class='ocrx_word' id='word_1_127' title='bbox 727 1008 1042 1046; x_wconf 72' lang='lat' dir='ltr'><em>Szcramentum</em></span> <span class='ocrx_word' id='word_1_128' title='bbox 1060 1011 1179 1046; x_wconf 84' lang='lat' dir='ltr'><em>susci-</em></span> 
     </span>
    </p>
   </div>
   <div class='ocr_carea' id='block_1_5' title="bbox 45 1061 1180 1967">
    <p class='ocr_par' dir='ltr' id='par_1_5' title="bbox 50 1061 1180 1436">
     <span class='ocr_line' id='line_1_24' title="bbox 57 1061 1180 1117; baseline -0.002 -17"><span class='ocrx_word' id='word_1_129' title='bbox 57 1094 84 1114; x_wconf 94' lang='lat'>„</span> <span class='ocrx_word' id='word_1_130' title='bbox 112 1069 224 1115; x_wconf 76' lang='lat' dir='ltr'><em>piens</em></span> <span class='ocrx_word' id='word_1_131' title='bbox 243 1076 479 1117; x_wconf 79' lang='lat' dir='ltr'><em>cognoscere</em></span> <span class='ocrx_word' id='word_1_132' title='bbox 498 1066 637 1114; x_wconf 80' lang='lat' dir='ltr'><em>possit.</em></span> <span class='ocrx_word' id='word_1_133' title='bbox 653 1062 918 1110; x_wconf 78' lang='lat' dir='ltr'><strong>Quamobrem</strong></span> <span class='ocrx_word' id='word_1_134' title='bbox 937 1061 1103 1099; x_wconf 86' lang='lat' dir='ltr'><em>melioris</em></span> <span class='ocrx_word' id='word_1_135' title='bbox 1120 1061 1180 1112; x_wconf 87' lang='lat' dir='ltr'><em>ju-</em></span> 
     </span>
     <span class='ocr_line' id='line_1_25' title="bbox 55 1115 1176 1168; baseline -0.002 -13"><span class='ocrx_word' id='word_1_136' title='bbox 55 1145 84 1167; x_wconf 86' lang='lat'><strong>„</strong></span> <span class='ocrx_word' id='word_1_137' title='bbox 112 1117 203 1156; x_wconf 91' lang='lat' dir='ltr'><em>dicii</em></span> <span class='ocrx_word' id='word_1_138' title='bbox 228 1117 410 1168; x_wconf 81' lang='lat' dir='ltr'><em>Theologi</em></span> <span class='ocrx_word' id='word_1_139' title='bbox 440 1116 637 1155; x_wconf 86' lang='lat' dir='ltr'><em>Catharini</em></span> <span class='ocrx_word' id='word_1_140' title='bbox 665 1116 889 1167; x_wconf 82' lang='lat' dir='ltr'><em>opinionem</em></span> <span class='ocrx_word' id='word_1_141' title='bbox 928 1116 978 1153; x_wconf 88' lang='lat' dir='ltr'><em>ab</em></span> <span class='ocrx_word' id='word_1_142' title='bbox 1022 1115 1176 1153; x_wconf 67' lang='lat' dir='ltr'><em>haeresis</em></span> 
     </span>
     <span class='ocr_line' id='line_1_26' title="bbox 54 1168 1174 1221; baseline -0.002 -13"><span class='ocrx_word' id='word_1_143' title='bbox 54 1199 81 1219; x_wconf 85' lang='lat'>„</span> <span class='ocrx_word' id='word_1_144' title='bbox 109 1183 265 1209; x_wconf 75' lang='lat' dir='ltr'><em>censura</em></span> <span class='ocrx_word' id='word_1_145' title='bbox 296 1171 501 1219; x_wconf 86' lang='lat' dir='ltr'><em>vindicant,</em></span> <span class='ocrx_word' id='word_1_146' title='bbox 531 1169 728 1221; x_wconf 86' lang='lat' dir='ltr'><em>latumque</em></span> <span class='ocrx_word' id='word_1_147' title='bbox 757 1170 853 1207; x_wconf 90' lang='lat' dir='ltr'><em>inter</em></span> <span class='ocrx_word' id='word_1_148' title='bbox 883 1168 1008 1216; x_wconf 88' lang='lat' dir='ltr'><em>illam,</em></span> <span class='ocrx_word' id='word_1_149' title='bbox 1038 1183 1080 1207; x_wconf 88' lang='lat' dir='ltr'><em>ac</em></span> <span class='ocrx_word' id='word_1_150' title='bbox 1099 1169 1174 1206; x_wconf 80' lang='lat' dir='ltr'><em>Lu-</em></span> 
     </span>
     <span class='ocr_line' id='line_1_27' title="bbox 51 1222 1175 1273; baseline -0.004 -12"><span class='ocrx_word' id='word_1_151' title='bbox 51 1252 80 1272; x_wconf 78' lang='lat'><strong>„</strong></span> <span class='ocrx_word' id='word_1_152' title='bbox 108 1222 205 1262; x_wconf 83' lang='lat' dir='ltr'><em>theri</em></span> <span class='ocrx_word' id='word_1_153' title='bbox 222 1253 233 1273; x_wconf 93' lang='lat'><em>,</em></span> <span class='ocrx_word' id='word_1_154' title='bbox 264 1223 297 1260; x_wconf 72' lang='grc'><em>8(</em></span> <span class='ocrx_word' id='word_1_155' title='bbox 315 1224 469 1263; x_wconf 85' lang='lat' dir='ltr'><em>Calvini</em></span> <span class='ocrx_word' id='word_1_156' title='bbox 496 1224 705 1262; x_wconf 72' lang='lat' dir='ltr'><em>doctrinam</em></span> <span class='ocrx_word' id='word_1_157' title='bbox 735 1223 940 1261; x_wconf 74' lang='lat' dir='ltr'><strong>discrimen</strong></span> <span class='ocrx_word' id='word_1_158' title='bbox 968 1222 1175 1260; x_wconf 77' lang='lat' dir='ltr'><em>intercede-</em></span> 
     </span>
     <span class='ocr_line' id='line_1_28' title="bbox 52 1275 1174 1328; baseline -0.002 -14"><span class='ocrx_word' id='word_1_159' title='bbox 52 1305 79 1325; x_wconf 87' lang='lat'>„</span> <span class='ocrx_word' id='word_1_160' title='bbox 108 1290 149 1314; x_wconf 88' lang='lat' dir='ltr'><em>re</em></span> <span class='ocrx_word' id='word_1_161' title='bbox 176 1277 432 1316; x_wconf 78' lang='lat' dir='ltr'><em>demonstrant</em></span> <span class='ocrx_word' id='word_1_162' title='bbox 448 1280 474 1299; x_wconf 74' lang='lat'><em>‘⁶</em></span> <span class='ocrx_word' id='word_1_163' title='bbox 492 1304 502 1315; x_wconf 93' lang='grc'><em>.</em></span> <span class='ocrx_word' id='word_1_164' title='bbox 533 1277 727 1316; x_wconf 78' lang='lat' dir='ltr'><em>Hactenus</em></span> <span class='ocrx_word' id='word_1_165' title='bbox 753 1277 1053 1328; x_wconf 82' lang='lat' dir='ltr'><em>sapientissimus</em></span> <span class='ocrx_word' id='word_1_166' title='bbox 1083 1275 1174 1313; x_wconf 88' lang='lat' dir='ltr'><em>Pou-</em></span> 
     </span>
     <span class='ocr_line' id='line_1_29' title="bbox 52 1328 1175 1383; baseline -0.001 -15"><span class='ocrx_word' id='word_1_167' title='bbox 52 1329 145 1368; x_wconf 82' lang='lat' dir='ltr'><em>tifex</em></span> <span class='ocrx_word' id='word_1_168' title='bbox 174 1329 285 1383; x_wconf 86' lang='lat' dir='ltr'><em>cujus</em></span> <span class='ocrx_word' id='word_1_169' title='bbox 313 1332 534 1383; x_wconf 84' lang='lat' dir='ltr'><em>aequissimo</em></span> <span class='ocrx_word' id='word_1_170' title='bbox 562 1329 708 1382; x_wconf 85' lang='lat' dir='ltr'><em>judicio</em></span> <span class='ocrx_word' id='word_1_171' title='bbox 735 1328 886 1382; x_wconf 87' lang='lat' dir='ltr'><em>aliquid</em></span> <span class='ocrx_word' id='word_1_172' title='bbox 916 1329 1080 1379; x_wconf 82' lang='lat' dir='ltr'>addere,</span> <span class='ocrx_word' id='word_1_173' title='bbox 1113 1343 1175 1368; x_wconf 88' lang='lat' dir='ltr'><em>su-</em></span> 
     </span>
     <span class='ocr_line' id='line_1_30' title="bbox 50 1384 728 1436; baseline 0.003 -15"><span class='ocrx_word' id='word_1_174' title='bbox 50 1396 331 1436; x_wconf 82' lang='lat' dir='ltr'><em>pervacaneum</em></span> <span class='ocrx_word' id='word_1_175' title='bbox 360 1384 620 1423; x_wconf 83' lang='lat' dir='ltr'><em>existimamus</em></span> <span class='ocrx_word' id='word_1_176' title='bbox 641 1384 728 1434; x_wconf 88' lang='grc' dir='ltr'>(α).</span> 
     </span>
    </p>

    <p class='ocr_par' dir='ltr' id='par_1_6' title="bbox 45 1436 1175 1967">
     <span class='ocr_line' id='line_1_31' title="bbox 107 1436 1175 1490; baseline 0 -15"><span class='ocrx_word' id='word_1_177' title='bbox 107 1436 198 1482; x_wconf 72' lang='grc'><strong>264.</strong></span> <span class='ocrx_word' id='word_1_178' title='bbox 234 1437 337 1476; x_wconf 86' lang='lat' dir='ltr'>Idem</span> <span class='ocrx_word' id='word_1_179' title='bbox 378 1447 505 1476; x_wconf 86' lang='lat' dir='ltr'><em>tamen</em></span> <span class='ocrx_word' id='word_1_180' title='bbox 545 1438 781 1476; x_wconf 84' lang='lat' dir='ltr'><em>doctissimus</em></span> <span class='ocrx_word' id='word_1_181' title='bbox 811 1436 1012 1486; x_wconf 80' lang='lat' dir='ltr'>Pontifex,</span> <span class='ocrx_word' id='word_1_182' title='bbox 1054 1451 1175 1490; x_wconf 83' lang='lat' dir='ltr'><em>quan-</em></span> 
     </span>
     <span class='ocr_line' id='line_1_32' title="bbox 51 1489 1175 1543; baseline 0.001 -15"><span class='ocrx_word' id='word_1_183' title='bbox 51 1502 168 1541; x_wconf 83' lang='lat' dir='ltr'>quam</span> <span class='ocrx_word' id='word_1_184' title='bbox 199 1503 268 1543; x_wconf 90' lang='lat' dir='ltr'><em>pro</em></span> <span class='ocrx_word' id='word_1_185' title='bbox 295 1501 395 1530; x_wconf 88' lang='lat' dir='ltr'><em>certo</em></span> <span class='ocrx_word' id='word_1_186' title='bbox 424 1500 587 1539; x_wconf 81' lang='lat' dir='ltr'>asserat,</span> <span class='ocrx_word' id='word_1_187' title='bbox 616 1489 768 1529; x_wconf 86' lang='lat' dir='ltr'><em>nullam</em></span> <span class='ocrx_word' id='word_1_188' title='bbox 785 1505 902 1543; x_wconf 88' lang='lat' dir='ltr'><em>usque</em></span> <span class='ocrx_word' id='word_1_189' title='bbox 923 1490 1047 1529; x_wconf 87' lang='lat' dir='ltr'><em>adbuc</em></span> <span class='ocrx_word' id='word_1_190' title='bbox 1068 1505 1175 1529; x_wconf 82' lang='lat' dir='ltr'><em>ema-</em></span> 
     </span>
     <span class='ocr_line' id='line_1_33' title="bbox 45 1544 1174 1598; baseline 0.001 -18"><span class='ocrx_word' id='word_1_191' title='bbox 45 1554 150 1581; x_wconf 70' lang='lat' dir='ltr'><em>nasse</em></span> <span class='ocrx_word' id='word_1_192' title='bbox 171 1557 384 1596; x_wconf 83' lang='lat' dir='ltr'><em>expressam</em></span> <span class='ocrx_word' id='word_1_193' title='bbox 403 1544 627 1598; x_wconf 82' lang='lat' dir='ltr'><em>Apostolicae</em></span> <span class='ocrx_word' id='word_1_194' title='bbox 644 1545 751 1583; x_wconf 88' lang='lat' dir='ltr'><em>Sedis</em></span> <span class='ocrx_word' id='word_1_195' title='bbox 766 1544 1046 1590; x_wconf 83' lang='lat' dir='ltr'><em>definitionem,</em></span> <span class='ocrx_word' id='word_1_196' title='bbox 1065 1557 1174 1582; x_wconf 87' lang='lat' dir='ltr'><em>com-</em></span> 
     </span>
     <span class='ocr_line' id='line_1_34' title="bbox 47 1597 1173 1647; baseline 0.002 -14"><span class='ocrx_word' id='word_1_197' title='bbox 47 1600 298 1647; x_wconf 73' lang='lat' dir='ltr'><em>munior-em,</em></span> <span class='ocrx_word' id='word_1_198' title='bbox 327 1607 454 1637; x_wconf 87' lang='lat' dir='ltr'><em>tamen</em></span> <span class='ocrx_word' id='word_1_199' title='bbox 472 1629 482 1647; x_wconf 91' lang='lat'><em>,</em></span> <span class='ocrx_word' id='word_1_200' title='bbox 522 1597 554 1634; x_wconf 73' lang='grc' dir='ltr'>ἃ</span> <span class='ocrx_word' id='word_1_201' title='bbox 584 1602 767 1636; x_wconf 81' lang='lat' dir='ltr'><em>tutiorem</em></span> <span class='ocrx_word' id='word_1_202' title='bbox 797 1612 872 1636; x_wconf 87' lang='lat' dir='ltr'><em>esse</em></span> <span class='ocrx_word' id='word_1_203' title='bbox 902 1599 994 1636; x_wconf 85' lang='lat' dir='ltr'><em>dicit</em></span> <span class='ocrx_word' id='word_1_204' title='bbox 1024 1607 1173 1636; x_wconf 82' lang='lat' dir='ltr'><em>senten-</em></span> 
     </span>
     <span class='ocr_line' id='line_1_35' title="bbox 47 1649 1170 1704; baseline 0 -16"><span class='ocrx_word' id='word_1_205' title='bbox 47 1649 142 1688; x_wconf 82' lang='lat' dir='ltr'><em>tiam</em></span> <span class='ocrx_word' id='word_1_206' title='bbox 158 1681 169 1700; x_wconf 92' lang='lat'><em>,</em></span> <span class='ocrx_word' id='word_1_207' title='bbox 197 1665 286 1704; x_wconf 86' lang='lat' dir='ltr'><em>quae</em></span> <span class='ocrx_word' id='word_1_208' title='bbox 316 1653 430 1704; x_wconf 81' lang='lat' dir='ltr'>exigit</span> <span class='ocrx_word' id='word_1_209' title='bbox 449 1654 488 1690; x_wconf 87' lang='lat' dir='ltr'><em>in</em></span> <span class='ocrx_word' id='word_1_210' title='bbox 507 1652 680 1689; x_wconf 83' lang='lat' dir='ltr'><em>ministro</em></span> <span class='ocrx_word' id='word_1_211' title='bbox 699 1653 939 1689; x_wconf 87' lang='lat' dir='ltr'><em>intentionem</em></span> <span class='ocrx_word' id='word_1_212' title='bbox 961 1651 1022 1688; x_wconf 86' lang='lat' dir='ltr'><em>vel</em></span> <span class='ocrx_word' id='word_1_213' title='bbox 1043 1660 1170 1688; x_wconf 84' lang='lat' dir='ltr'><em>actua-</em></span> 
     </span>
     <span class='ocr_line' id='line_1_36' title="bbox 48 1699 1172 1751; baseline 0.001 -12"><span class='ocrx_word' id='word_1_214' title='bbox 48 1699 155 1751; x_wconf 79' lang='lat' dir='ltr'><em>iem,</em></span> <span class='ocrx_word' id='word_1_215' title='bbox 188 1705 249 1742; x_wconf 87' lang='lat' dir='ltr'><em>vel</em></span> <span class='ocrx_word' id='word_1_216' title='bbox 279 1705 480 1742; x_wconf 81' lang='lat' dir='ltr'>virtualem</span> <span class='ocrx_word' id='word_1_217' title='bbox 512 1705 677 1742; x_wconf 79' lang='lat' dir='ltr'><em>faciendi</em></span> <span class='ocrx_word' id='word_1_218' title='bbox 708 1717 780 1741; x_wconf 87' lang='lat' dir='ltr'><em>non</em></span> <span class='ocrx_word' id='word_1_219' title='bbox 811 1703 932 1741; x_wconf 88' lang='lat' dir='ltr'><em>solum</em></span> <span class='ocrx_word' id='word_1_220' title='bbox 964 1706 1078 1741; x_wconf 89' lang='lat' dir='ltr'><em>ritum</em></span> <span class='ocrx_word' id='word_1_221' title='bbox 1109 1717 1172 1741; x_wconf 78' lang='lat' dir='ltr'><em>ex-</em></span> 
     </span>
     <span class='ocr_line' id='line_1_37' title="bbox 52 1757 1173 1809; baseline 0.003 -18"><span class='ocrx_word' id='word_1_222' title='bbox 52 1763 226 1804; x_wconf 80' lang='lat' dir='ltr'><em>ternum,</em></span> <span class='ocrx_word' id='word_1_223' title='bbox 256 1757 320 1794; x_wconf 85' lang='lat' dir='ltr'><em>sed</em></span> <span class='ocrx_word' id='word_1_224' title='bbox 349 1757 409 1805; x_wconf 85' lang='lat' dir='ltr'><em>id,</em></span> <span class='ocrx_word' id='word_1_225' title='bbox 439 1757 541 1809; x_wconf 86' lang='lat' dir='ltr'><em>quod</em></span> <span class='ocrx_word' id='word_1_226' title='bbox 569 1757 739 1794; x_wconf 78' lang='lat' dir='ltr'><em>Christus</em></span> <span class='ocrx_word' id='word_1_227' title='bbox 771 1758 956 1803; x_wconf 85' lang='lat' dir='ltr'><em>instituit,</em></span> <span class='ocrx_word' id='word_1_228' title='bbox 986 1770 1049 1794; x_wconf 88' lang='lat' dir='ltr'><em>seu</em></span> <span class='ocrx_word' id='word_1_229' title='bbox 1070 1757 1173 1808; x_wconf 88' lang='lat' dir='ltr'><em>quod</em></span> 
     </span>
     <span class='ocr_line' id='line_1_38' title="bbox 49 1807 1174 1862; baseline 0.004 -19"><span class='ocrx_word' id='word_1_230' title='bbox 49 1807 142 1844; x_wconf 75' lang='lat' dir='ltr'><em>facit</em></span> <span class='ocrx_word' id='word_1_231' title='bbox 173 1807 364 1854; x_wconf 84' lang='lat' dir='ltr'><em>Ecclesia;</em></span> <span class='ocrx_word' id='word_1_232' title='bbox 401 1823 518 1862; x_wconf 85' lang='lat' dir='ltr'><em>quam</em></span> <span class='ocrx_word' id='word_1_233' title='bbox 548 1811 772 1847; x_wconf 83' lang='lat' dir='ltr'><em>sententiam</em></span> <span class='ocrx_word' id='word_1_234' title='bbox 803 1822 877 1846; x_wconf 88' lang='lat' dir='ltr'><em>una</em></span> <span class='ocrx_word' id='word_1_235' title='bbox 914 1823 1001 1848; x_wconf 87' lang='lat' dir='ltr'><em>cum</em></span> <span class='ocrx_word' id='word_1_236' title='bbox 1033 1808 1174 1861; x_wconf 80' lang='lat' dir='ltr'><em>majori</em></span> 
     </span>
     <span class='ocr_line' id='line_1_39' title="bbox 50 1860 1173 1915; baseline 0.004 -18"><span class='ocrx_word' id='word_1_237' title='bbox 50 1869 156 1912; x_wconf 61' lang='lat' dir='ltr'><em>parte</em></span> <span class='ocrx_word' id='word_1_238' title='bbox 185 1860 492 1911; x_wconf 82' lang='lat' dir='ltr'><em>Tboinistarum,</em></span> <span class='ocrx_word' id='word_1_239' title='bbox 535 1863 654 1900; x_wconf 88' lang='lat' dir='ltr'><em>immo</em></span> <span class='ocrx_word' id='word_1_240' title='bbox 683 1862 716 1899; x_wconf 75' lang='grc' dir='ltr'>ἃ</span> <span class='ocrx_word' id='word_1_241' title='bbox 747 1861 1029 1915; x_wconf 75' lang='lat' dir='ltr'><em>Tlieologorum</em></span> <span class='ocrx_word' id='word_1_242' title='bbox 1058 1865 1173 1902; x_wconf 87' lang='lat' dir='ltr'><em>etiam</em></span> 
     </span>
     <span class='ocr_line' id='line_1_40' title="bbox 51 1916 493 1967; baseline 0.009 -17"><span class='ocrx_word' id='word_1_243' title='bbox 51 1925 116 1951; x_wconf 82' lang='lat' dir='ltr'><em>nos</em></span> <span class='ocrx_word' id='word_1_244' title='bbox 143 1916 493 1967; x_wconf 75' lang='lat' dir='ltr'>propugnabimus.</span> 
     </span>
    </p>
   </div>
   <div class='ocr_carea' id='block_1_6' title="bbox 323 2020 895 2081">
    <p class='ocr_par' dir='ltr' id='par_1_7' title="bbox 323 2020 895 2081">
     <span class='ocr_line' id='line_1_41' title="bbox 323 2020 895 2081; baseline 0.003 -23"><span class='ocrx_word' id='word_1_245' title='bbox 323 2020 895 2081; x_wconf 39' lang='lat' dir='ltr'><strong>PRO-POSITIO.</strong></span> 
     </span>
    </p>
   </div>
   <div class='ocr_carea' id='block_1_7' title="bbox 54 2123 1171 2393">
    <p class='ocr_par' dir='ltr' id='par_1_8' title="bbox 54 2123 1171 2393">
     <span class='ocr_line' id='line_1_42' title="bbox 54 2123 1171 2181; baseline 0.003 -16"><span class='ocrx_word' id='word_1_246' title='bbox 54 2123 104 2165; x_wconf 77' lang='lat' dir='ltr'><em>Ut</em></span> <span class='ocrx_word' id='word_1_247' title='bbox 130 2138 217 2165; x_wconf 76' lang='lat' dir='ltr'><em>vere</em></span> <span class='ocrx_word' id='word_1_248' title='bbox 244 2127 483 2181; x_wconf 82' lang='lat' dir='ltr'><em>conficiatur</em></span> <span class='ocrx_word' id='word_1_249' title='bbox 516 2127 830 2166; x_wconf 68' lang='lat' dir='ltr'><em>Sacramentum</em></span> <span class='ocrx_word' id='word_1_250' title='bbox 848 2158 858 2176; x_wconf 89' lang='lat'>‚</span> <span class='ocrx_word' id='word_1_251' title='bbox 901 2140 985 2165; x_wconf 86' lang='lat' dir='ltr'><em>non</em></span> <span class='ocrx_word' id='word_1_252' title='bbox 1027 2128 1171 2178; x_wconf 80' lang='lat' dir='ltr'><em>sufficit</em></span> 
     </span>
     <span class='ocr_line' id='line_1_43' title="bbox 95 2181 1171 2233; baseline 0.002 -16"><span class='ocrx_word' id='word_1_253' title='bbox 95 2183 264 2219; x_wconf 72' lang='lat' dir='ltr'><em>intentio</em></span> <span class='ocrx_word' id='word_1_254' title='bbox 293 2186 394 2221; x_wconf 83' lang='lat' dir='ltr'><em>serio</em></span> <span class='ocrx_word' id='word_1_255' title='bbox 422 2181 592 2233; x_wconf 79' lang='lat' dir='ltr'><em>ponendi</em></span> <span class='ocrx_word' id='word_1_256' title='bbox 622 2186 841 2230; x_wconf 75' lang='lat' dir='ltr'><em>materiam</em></span> <span class='ocrx_word' id='word_1_257' title='bbox 858 2212 868 2230; x_wconf 85' lang='lat'>‚</span> <span class='ocrx_word' id='word_1_258' title='bbox 911 2182 961 2222; x_wconf 61' lang='lat' dir='ltr'><em>(J</em></span> <span class='ocrx_word' id='word_1_259' title='bbox 997 2195 1171 2233; x_wconf 86' lang='lat' dir='ltr'><em>pronun-</em></span> 
     </span>
     <span class='ocr_line' id='line_1_44' title="bbox 99 2233 1169 2287; baseline 0.004 -17"><span class='ocrx_word' id='word_1_260' title='bbox 99 2233 233 2272; x_wconf 79' lang='lat' dir='ltr'><em>ciandi</em></span> <span class='ocrx_word' id='word_1_261' title='bbox 249 2233 439 2286; x_wconf 83' lang='lat' dir='ltr'><em>formam</em></span> <span class='ocrx_word' id='word_1_262' title='bbox 457 2266 467 2283; x_wconf 92' lang='lat'><strong>‚</strong></span> <span class='ocrx_word' id='word_1_263' title='bbox 506 2235 576 2273; x_wconf 75' lang='lat' dir='ltr'><em>sed</em></span> <span class='ocrx_word' id='word_1_264' title='bbox 604 2238 812 2287; x_wconf 79' lang='lat' dir='ltr'><em>requiritur</em></span> <span class='ocrx_word' id='word_1_265' title='bbox 841 2239 1002 2274; x_wconf 81' lang='lat' dir='ltr'><em>interna</em></span> <span class='ocrx_word' id='word_1_266' title='bbox 1040 2240 1169 2275; x_wconf 88' lang='lat' dir='ltr'><em>inten-</em></span> 
     </span>
     <span class='ocr_line' id='line_1_45' title="bbox 99 2285 1168 2343; baseline 0.006 -20"><span class='ocrx_word' id='word_1_267' title='bbox 99 2285 356 2338; x_wconf 74' lang='lat' dir='ltr'><em>ti0facien&lt;li</em></span> <span class='ocrx_word' id='word_1_268' title='bbox 372 2319 383 2337; x_wconf 89' lang='lat'><em>,</em></span> <span class='ocrx_word' id='word_1_269' title='bbox 412 2287 514 2343; x_wconf 66' lang='lat' dir='ltr'><em>quot}</em></span> <span class='ocrx_word' id='word_1_270' title='bbox 531 2288 640 2340; x_wconf 82' lang='lat' dir='ltr'><em>facit</em></span> <span class='ocrx_word' id='word_1_271' title='bbox 665 2287 878 2339; x_wconf 76' lang='lat' dir='ltr'><em>Ecclesia,</em></span> <span class='ocrx_word' id='word_1_272' title='bbox 908 2302 1053 2341; x_wconf 84' lang='lat' dir='ltr'><em>nempe</em></span> <span class='ocrx_word' id='word_1_273' title='bbox 1081 2303 1168 2330; x_wconf 87' lang='lat' dir='ltr'><em>rem</em></span> 
     </span>
     <span class='ocr_line' id='line_1_46' title="bbox 99 2341 778 2393; baseline 0.007 -16"><span class='ocrx_word' id='word_1_274' title='bbox 99 2352 264 2378; x_wconf 87' lang='lat' dir='ltr'><em>sacram</em></span> <span class='ocrx_word' id='word_1_275' title='bbox 281 2372 292 2390; x_wconf 94' lang='lat'><em>,</em></span> <span class='ocrx_word' id='word_1_276' title='bbox 320 2343 370 2393; x_wconf 64' lang='grc'><em>(9·</em></span> <span class='ocrx_word' id='word_1_277' title='bbox 398 2341 748 2384; x_wconf 71' lang='lat' dir='ltr'><em>sacramentalem</em></span> <span class='ocrx_word' id='word_1_278' title='bbox 767 2369 778 2382; x_wconf 87' lang='lat'><strong>.</strong></span> 
     </span>
    </p>
   </div>
   <div class='ocr_carea' id='block_1_8' title="bbox 42 2421 1170 2822">
    <p class='ocr_par' dir='ltr' id='par_1_9' title="bbox 42 2421 1170 2822">
     <span class='ocr_line' id='line_1_47' title="bbox 99 2421 1170 2502; baseline 0.004 -17"><span class='ocrx_word' id='word_1_279' title='bbox 99 2445 188 2485; x_wconf 77' lang='lat'><strong>265.</strong></span> <span class='ocrx_word' id='word_1_280' title='bbox 207 2421 342 2489; x_wconf 82' lang='lat' dir='ltr'><em>Proh.</em></span> <span class='ocrx_word' id='word_1_281' title='bbox 373 2448 603 2502; x_wconf 79' lang='lat' dir='ltr'><em>Quanquam</em></span> <span class='ocrx_word' id='word_1_282' title='bbox 621 2480 632 2498; x_wconf 92' lang='lat'>‚</span> <span class='ocrx_word' id='word_1_283' title='bbox 660 2458 700 2488; x_wconf 89' lang='lat' dir='ltr'><em>ut</em></span> <span class='ocrx_word' id='word_1_284' title='bbox 730 2463 816 2488; x_wconf 87' lang='lat' dir='ltr'><em>mox</em></span> <span class='ocrx_word' id='word_1_285' title='bbox 845 2464 935 2488; x_wconf 90' lang='lat' dir='ltr'><em>cum</em></span> <span class='ocrx_word' id='word_1_286' title='bbox 965 2450 1170 2489; x_wconf 84' lang='lat' dir='ltr'><em>Benedicto</em></span> 
     </span>
     <span class='ocr_line' id='line_1_48' title="bbox 45 2498 1166 2556; baseline 0.004 -18"><span class='ocrx_word' id='word_1_287' title='bbox 45 2498 155 2538; x_wconf 85' lang='lat' dir='ltr'><em>XlV.</em></span> <span class='ocrx_word' id='word_1_288' title='bbox 185 2503 426 2551; x_wconf 81' lang='lat' dir='ltr'><em>monuimus,</em></span> <span class='ocrx_word' id='word_1_289' title='bbox 457 2502 565 2542; x_wconf 83' lang='lat' dir='ltr'><em>nulla</em></span> <span class='ocrx_word' id='word_1_290' title='bbox 595 2503 664 2541; x_wconf 83' lang='lat' dir='ltr'><em>bac</em></span> <span class='ocrx_word' id='word_1_291' title='bbox 693 2505 739 2541; x_wconf 90' lang='lat' dir='ltr'><em>de</em></span> <span class='ocrx_word' id='word_1_292' title='bbox 763 2518 800 2541; x_wconf 88' lang='lat' dir='ltr'><em>re</em></span> <span class='ocrx_word' id='word_1_293' title='bbox 817 2503 995 2542; x_wconf 87' lang='lat' dir='ltr'><em>hactenus</em></span> <span class='ocrx_word' id='word_1_294' title='bbox 1016 2505 1166 2556; x_wconf 89' lang='lat' dir='ltr'><em>prodie-</em></span> 
     </span>
     <span class='ocr_line' id='line_1_49' title="bbox 43 2554 1166 2610; baseline 0.004 -20"><span class='ocrx_word' id='word_1_295' title='bbox 43 2554 93 2591; x_wconf 79' lang='lat' dir='ltr'><em>rit</em></span> <span class='ocrx_word' id='word_1_296' title='bbox 121 2567 298 2606; x_wconf 77' lang='lat' dir='ltr'><em>expressa</em></span> <span class='ocrx_word' id='word_1_297' title='bbox 323 2555 548 2608; x_wconf 79' lang='lat' dir='ltr'><em>Apostolicae</em></span> <span class='ocrx_word' id='word_1_298' title='bbox 579 2556 688 2595; x_wconf 84' lang='lat' dir='ltr'><em>Sedis</em></span> <span class='ocrx_word' id='word_1_299' title='bbox 715 2558 910 2606; x_wconf 86' lang='lat' dir='ltr'><em>definitio,</em></span> <span class='ocrx_word' id='word_1_300' title='bbox 952 2564 1074 2610; x_wconf 65' lang='lat' dir='ltr'><em>grai-c</em></span> <span class='ocrx_word' id='word_1_301' title='bbox 1102 2567 1166 2595; x_wconf 87' lang='lat' dir='ltr'><em>ta-</em></span> 
     </span>
     <span class='ocr_line' id='line_1_50' title="bbox 45 2609 1166 2662; baseline 0.006 -20"><span class='ocrx_word' id='word_1_302' title='bbox 45 2616 140 2643; x_wconf 80' lang='lat' dir='ltr'><em>men</em></span> <span class='ocrx_word' id='word_1_303' title='bbox 167 2609 328 2656; x_wconf 77' lang='lat' dir='ltr'><em>vulnus,</em></span> <span class='ocrx_word' id='word_1_304' title='bbox 359 2611 484 2662; x_wconf 86' lang='lat' dir='ltr'><em>inquit</em></span> <span class='ocrx_word' id='word_1_305' title='bbox 514 2610 615 2649; x_wconf 83' lang='lat' dir='ltr'><em>idem</em></span> <span class='ocrx_word' id='word_1_306' title='bbox 649 2610 818 2648; x_wconf 76' lang='lat' dir='ltr'><em>Pontifex</em></span> <span class='ocrx_word' id='word_1_307' title='bbox 837 2641 847 2658; x_wconf 90' lang='lat'><em>,</em></span> <span class='ocrx_word' id='word_1_308' title='bbox 890 2612 1065 2662; x_wconf 79' lang='lat' dir='ltr'><em>opinioni</em></span> <span class='ocrx_word' id='word_1_309' title='bbox 1094 2612 1166 2649; x_wconf 87' lang='lat' dir='ltr'><em>Ca·</em></span> 
     </span>
     <span class='ocr_line' id='line_1_51' title="bbox 43 2655 1163 2717; baseline 0.009 -23"><span class='ocrx_word' id='word_1_310' title='bbox 43 2655 184 2698; x_wconf 78' lang='lat' dir='ltr'><em>thariui</em></span> <span class='ocrx_word' id='word_1_311' title='bbox 213 2661 402 2701; x_wconf 85' lang='lat' dir='ltr'><em>inflictum</em></span> <span class='ocrx_word' id='word_1_312' title='bbox 433 2664 505 2702; x_wconf 80' lang='lat' dir='ltr'><em>fuit</em></span> <span class='ocrx_word' id='word_1_313' title='bbox 533 2663 583 2701; x_wconf 88' lang='lat' dir='ltr'><em>ab</em></span> <span class='ocrx_word' id='word_1_314' title='bbox 606 2663 822 2702; x_wconf 79' lang='lat' dir='ltr'><em>Alexandro</em></span> <span class='ocrx_word' id='word_1_315' title='bbox 842 2663 946 2702; x_wconf 89' lang='lat' dir='ltr'><strong>VIII.</strong></span> <span class='ocrx_word' id='word_1_316' title='bbox 964 2695 974 2713; x_wconf 94' lang='lat'><em>,</em></span> <span class='ocrx_word' id='word_1_317' title='bbox 1004 2667 1071 2717; x_wconf 86' lang='lat' dir='ltr'><em>qui</em></span> <span class='ocrx_word' id='word_1_318' title='bbox 1100 2667 1163 2704; x_wconf 86' lang='lat' dir='ltr'><em>die</em></span> 
     </span>
     <span class='ocr_line' id='line_1_52' title="bbox 45 2711 1162 2772; baseline 0.008 -25"><span class='ocrx_word' id='word_1_319' title='bbox 45 2711 337 2771; x_wconf 42' lang='lat' dir='ltr'><em>7·.·Dece1nbris</em></span> <span class='ocrx_word' id='word_1_320' title='bbox 363 2729 464 2754; x_wconf 88' lang='lat' dir='ltr'><em>anno</em></span> <span class='ocrx_word' id='word_1_321' title='bbox 497 2715 611 2768; x_wconf 80' lang='grc'><strong>1690.</strong></span> <span class='ocrx_word' id='word_1_322' title='bbox 648 2718 746 2755; x_wconf 79' lang='lat' dir='ltr'><em>lianc</em></span> <span class='ocrx_word' id='word_1_323' title='bbox 777 2719 872 2755; x_wconf 88' lang='lat' dir='ltr'><em>inter</em></span> <span class='ocrx_word' id='word_1_324' title='bbox 901 2717 995 2764; x_wconf 74' lang='lat' dir='ltr'><em>alias</em></span> <span class='ocrx_word' id='word_1_325' title='bbox 1022 2732 1162 2772; x_wconf 87' lang='lat' dir='ltr'><em>propo-</em></span> 
     </span>
     <span class='ocr_line' id='line_1_53' title="bbox 42 2767 1162 2822; baseline 0.01 -22"><span class='ocrx_word' id='word_1_326' title='bbox 42 2771 215 2817; x_wconf 70' lang='lat' dir='ltr'><em>titionem</em></span> <span class='ocrx_word' id='word_1_327' title='bbox 225 2767 445 2809; x_wconf 79' lang='lat' dir='ltr'><em>damnavit:</em></span> <span class='ocrx_word' id='word_1_328' title='bbox 478 2767 594 2808; x_wconf 80' lang='lat' dir='ltr'><em>Valet</em></span> <span class='ocrx_word' id='word_1_329' title='bbox 614 2770 831 2822; x_wconf 78' lang='lat' dir='ltr'><em>baptismus</em></span> <span class='ocrx_word' id='word_1_330' title='bbox 851 2771 1018 2810; x_wconf 78' lang='lat' dir='ltr'><em>collatus</em></span> <span class='ocrx_word' id='word_1_331' title='bbox 1038 2787 1066 2811; x_wconf 88' lang='lat' dir='ltr'><em>a</em></span> <span class='ocrx_word' id='word_1_332' title='bbox 1086 2777 1162 2811; x_wconf 85' lang='lat' dir='ltr'><em>mi·</em></span> 
     </span>
    </p>
   </div>
   <div class='ocr_carea' id='block_1_9' title="bbox 42 2901 1170 3414">
    <p class='ocr_par' dir='ltr' id='par_1_10' title="bbox 42 2901 1170 3414">
     <span class='ocr_line' id='line_1_54' title="bbox 104 2901 1168 2957; baseline 0.014 -26"><span class='ocrx_word' id='word_1_333' title='bbox 104 2905 153 2940; x_wconf 81' lang='lat' dir='ltr'><em>(a)</em></span> <span class='ocrx_word' id='word_1_334' title='bbox 180 2901 281 2957; x_wconf 52' lang='lat' dir='ltr'><em>fland</em></span> <span class='ocrx_word' id='word_1_335' title='bbox 306 2915 363 2957; x_wconf 74' lang='lat' dir='ltr'><em>me</em></span> <span class='ocrx_word' id='word_1_336' title='bbox 378 2905 490 2952; x_wconf 79' lang='lat' dir='ltr'><em>fugit,</em></span> <span class='ocrx_word' id='word_1_337' title='bbox 513 2909 696 2944; x_wconf 85' lang='lat' dir='ltr'><em>nonnullos</em></span> <span class='ocrx_word' id='word_1_338' title='bbox 721 2921 763 2942; x_wconf 75' lang='lat' dir='ltr'><em>ex</em></span> <span class='ocrx_word' id='word_1_339' title='bbox 782 2908 1062 2945; x_wconf 78' lang='lat' dir='ltr'><em>Protestantilms</em></span> <span class='ocrx_word' id='word_1_340' title='bbox 1082 2912 1168 2946; x_wconf 85' lang='lat' dir='ltr'><em>suis·</em></span> 
     </span>
     <span class='ocr_line' id='line_1_55' title="bbox 53 2946 1169 2999; baseline 0.01 -18"><span class='ocrx_word' id='word_1_341' title='bbox 53 2959 88 2981; x_wconf 67' lang='lat' dir='ltr'><em>ne</em></span> <span class='ocrx_word' id='word_1_342' title='bbox 114 2946 156 2999; x_wconf 77' lang='lat' dir='ltr'><em>de</em></span> <span class='ocrx_word' id='word_1_343' title='bbox 183 2947 364 2999; x_wconf 74' lang='lat' dir='ltr'><em>Catbarim</em></span> <span class='ocrx_word' id='word_1_344' title='bbox 391 2957 585 2997; x_wconf 81' lang='lat' dir='ltr'><em>patrocinio</em></span> <span class='ocrx_word' id='word_1_345' title='bbox 621 2957 654 2989; x_wconf 91' lang='lat' dir='ltr'><em>in</em></span> <span class='ocrx_word' id='word_1_346' title='bbox 686 2955 753 2988; x_wconf 83' lang='lat' dir='ltr'><em>bac</em></span> <span class='ocrx_word' id='word_1_347' title='bbox 779 2959 1014 2990; x_wconf 77' lang='lat' dir='ltr'><em>controversia</em></span> <span class='ocrx_word' id='word_1_348' title='bbox 1047 2957 1088 2992; x_wconf 86' lang='lat' dir='ltr'><em>de</em></span> <span class='ocrx_word' id='word_1_349' title='bbox 1114 2960 1169 2992; x_wconf 86' lang='lat' dir='ltr'><em>in-</em></span> 
     </span>
     <span class='ocr_line' id='line_1_56' title="bbox 47 2998 1168 3050; baseline 0.01 -23"><span class='ocrx_word' id='word_1_350' title='bbox 47 3003 201 3046; x_wconf 68' lang='lat' dir='ltr'><em>tentione</em></span> <span class='ocrx_word' id='word_1_351' title='bbox 228 2998 378 3028; x_wconf 78' lang='lat' dir='ltr'><em>ministri</em></span> <span class='ocrx_word' id='word_1_352' title='bbox 406 3001 595 3042; x_wconf 68' lang='lat' dir='ltr'><em>gloriatm,</em></span> <span class='ocrx_word' id='word_1_353' title='bbox 621 3011 662 3034; x_wconf 73' lang='lat' dir='ltr'><em>ut,</em></span> <span class='ocrx_word' id='word_1_354' title='bbox 684 3001 725 3034; x_wconf 85' lang='lat' dir='ltr'><em>de</em></span> <span class='ocrx_word' id='word_1_355' title='bbox 752 3000 822 3033; x_wconf 79' lang='lat' dir='ltr'><em>lud.</em></span> <span class='ocrx_word' id='word_1_356' title='bbox 853 3003 1027 3036; x_wconf 82' lang='lat' dir='ltr'><em>Le-Blanc</em></span> <span class='ocrx_word' id='word_1_357' title='bbox 1061 3017 1168 3050; x_wconf 82' lang='lat' dir='ltr'><em>snpra</em></span> 
     </span>
     <span class='ocr_line' id='line_1_57' title="bbox 50 3039 1166 3093; baseline 0.013 -21"><span class='ocrx_word' id='word_1_358' title='bbox 50 3049 251 3093; x_wconf 56' lang='lat' dir='ltr'><em>nouissimus</em></span> <span class='ocrx_word' id='word_1_359' title='bbox 287 3039 327 3073; x_wconf 76' lang='lat' dir='ltr'><em>ad</em></span> <span class='ocrx_word' id='word_1_360' title='bbox 355 3054 388 3075; x_wconf 86' lang='lat' dir='ltr'><em>n·</em></span> <span class='ocrx_word' id='word_1_361' title='bbox 409 3046 485 3087; x_wconf 74' lang='lat'><em>2¹4·</em></span> <span class='ocrx_word' id='word_1_362' title='bbox 526 3046 560 3078; x_wconf 87' lang='lat' dir='ltr'><em>Id</em></span> <span class='ocrx_word' id='word_1_363' title='bbox 588 3056 697 3088; x_wconf 52' lang='lat' dir='ltr'><em>‚etiam</em></span> <span class='ocrx_word' id='word_1_364' title='bbox 734 3047 910 3081; x_wconf 66' lang='lat' dir='ltr'><em>asserebat</em></span> <span class='ocrx_word' id='word_1_365' title='bbox 936 3049 1134 3085; x_wconf 67' lang='lat' dir='ltr'><em>Ix&#39;emnitins</em></span> <span class='ocrx_word' id='word_1_366' title='bbox 1156 3074 1166 3093; x_wconf 91' lang='lat'><em>‚</em></span> 
     </span>
     <span class='ocr_line' id='line_1_58' title="bbox 48 3085 1167 3141; baseline 0.011 -21"><span class='ocrx_word' id='word_1_367' title='bbox 48 3085 107 3120; x_wconf 79' lang='lat' dir='ltr'><em>sed</em></span> <span class='ocrx_word' id='word_1_368' title='bbox 135 3088 263 3119; x_wconf 76' lang='lat' dir='ltr'><em>trustra</em></span> <span class='ocrx_word' id='word_1_369' title='bbox 280 3110 290 3118; x_wconf 85' lang='lat'><strong>.</strong></span> <span class='ocrx_word' id='word_1_370' title='bbox 334 3088 452 3133; x_wconf 82' lang='lat' dir='ltr'><em>Neque</em></span> <span class='ocrx_word' id='word_1_371' title='bbox 478 3093 570 3124; x_wconf 74' lang='lat' dir='ltr'><em>enirn</em></span> <span class='ocrx_word' id='word_1_372' title='bbox 597 3091 809 3126; x_wconf 72' lang='lat' dir='ltr'><em>Catliariuus</em></span> <span class='ocrx_word' id='word_1_373' title='bbox 846 3097 985 3137; x_wconf 79' lang='lat' dir='ltr'><em>negavit</em></span> <span class='ocrx_word' id='word_1_374' title='bbox 1011 3109 1167 3141; x_wconf 80' lang='lat' dir='ltr'><em>unquam</em></span> 
     </span>
     <span class='ocr_line' id='line_1_59' title="bbox 42 3134 1166 3176; baseline 0.006 -10"><span class='ocrx_word' id='word_1_375' title='bbox 42 3134 268 3166; x_wconf 80' lang='lat' dir='ltr'><em>-Sacraimnti</em></span> <span class='ocrx_word' id='word_1_376' title='bbox 297 3135 520 3170; x_wconf 71' lang='lat' dir='ltr'><em>intrinsecam</em></span> <span class='ocrx_word' id='word_1_377' title='bbox 546 3138 733 3170; x_wconf 81' lang='lat' dir='ltr'><em>efficaciam</em></span> <span class='ocrx_word' id='word_1_378' title='bbox 754 3157 764 3176; x_wconf 82' lang='lat'><em>‚</em></span> <span class='ocrx_word' id='word_1_379' title='bbox 789 3146 848 3169; x_wconf 86' lang='lat' dir='ltr'><em>ant</em></span> <span class='ocrx_word' id='word_1_380' title='bbox 872 3141 978 3174; x_wconf 73' lang='lat' dir='ltr'><em>verba</em></span> <span class='ocrx_word' id='word_1_381' title='bbox 1006 3144 1166 3176; x_wconf 63' lang='lat' dir='ltr'><em>foi-mulae</em></span> 
     </span>
     <span class='ocr_line' id='line_1_60' title="bbox 45 3183 1167 3233; baseline 0.01 -21"><span class='ocrx_word' id='word_1_382' title='bbox 45 3191 121 3213; x_wconf 76' lang='lat' dir='ltr'><em>esse</em></span> <span class='ocrx_word' id='word_1_383' title='bbox 148 3192 226 3213; x_wconf 83' lang='lat' dir='ltr'><em>vere</em></span> <span class='ocrx_word' id='word_1_384' title='bbox 253 3192 509 3217; x_wconf 67' lang='lat' dir='ltr'><em>consecratoria</em></span> <span class='ocrx_word' id='word_1_385' title='bbox 527 3204 538 3222; x_wconf 89' lang='lat'><em>,</em></span> <span class='ocrx_word' id='word_1_386' title='bbox 562 3191 601 3215; x_wconf 81' lang='lat' dir='ltr'><em>ut</em></span> <span class='ocrx_word' id='word_1_387' title='bbox 628 3183 858 3215; x_wconf 74' lang='lat' dir='ltr'><em>protestantes</em></span> <span class='ocrx_word' id='word_1_388' title='bbox 883 3196 1029 3229; x_wconf 69' lang='lat' dir='ltr'><em>negantj,</em></span> <span class='ocrx_word' id='word_1_389' title='bbox 1056 3201 1167 3233; x_wconf 82' lang='lat' dir='ltr'><em>neque</em></span> 
     </span>
     <span class='ocr_line' id='line_1_61' title="bbox 50 3225 1169 3273; baseline 0.005 -11"><span class='ocrx_word' id='word_1_390' title='bbox 50 3225 194 3269; x_wconf 47' lang='lat' dir='ltr'><em>Proinde</em></span> <span class='ocrx_word' id='word_1_391' title='bbox 219 3225 363 3267; x_wconf 82' lang='lat' dir='ltr'><em>docuit,</em></span> <span class='ocrx_word' id='word_1_392' title='bbox 387 3238 424 3262; x_wconf 86' lang='lat' dir='ltr'><em>nt</em></span> <span class='ocrx_word' id='word_1_393' title='bbox 453 3230 516 3273; x_wconf 84' lang='lat' dir='ltr'><em>ipsi</em></span> <span class='ocrx_word' id='word_1_394' title='bbox 544 3228 666 3262; x_wconf 77' lang='lat' dir='ltr'><em>docent</em></span> <span class='ocrx_word' id='word_1_395' title='bbox 683 3249 692 3267; x_wconf 90' lang='lat'><em>,</em></span> <span class='ocrx_word' id='word_1_396' title='bbox 725 3227 838 3260; x_wconf 82' lang='lat' dir='ltr'><em>valere</em></span> <span class='ocrx_word' id='word_1_397' title='bbox 866 3230 1088 3267; x_wconf 69' lang='lat' dir='ltr'><em>Sacramenta</em></span> <span class='ocrx_word' id='word_1_398' title='bbox 1115 3243 1169 3266; x_wconf 72' lang='lat' dir='ltr'><em>vt-</em></span> 
     </span>
     <span class='ocr_line' id='line_1_62' title="bbox 53 3271 1169 3322; baseline 0.008 -18"><span class='ocrx_word' id='word_1_399' title='bbox 53 3271 124 3322; x_wconf 65' lang='lat' dir='ltr'><em>iam</em></span> <span class='ocrx_word' id='word_1_400' title='bbox 143 3274 372 3314; x_wconf 68' lang='lat' dir='ltr'><em>scurriliter,</em></span> <span class='ocrx_word' id='word_1_401' title='bbox 413 3279 444 3307; x_wconf 70' lang='grc' dir='ltr'>ἃ</span> <span class='ocrx_word' id='word_1_402' title='bbox 470 3276 609 3308; x_wconf 83' lang='lat' dir='ltr'><em>mimice</em></span> <span class='ocrx_word' id='word_1_403' title='bbox 636 3273 785 3308; x_wconf 77' lang='lat' dir='ltr'><em>collata·</em></span> <span class='ocrx_word' id='word_1_404' title='bbox 827 3274 976 3317; x_wconf 67' lang='lat' dir='ltr'><em>JEqiiior</em></span> <span class='ocrx_word' id='word_1_405' title='bbox 1012 3281 1076 3311; x_wconf 77' lang='lat' dir='ltr'><em>fnit</em></span> <span class='ocrx_word' id='word_1_406' title='bbox 1102 3279 1169 3313; x_wconf 81' lang='lat' dir='ltr'><em>hac</em></span> 
     </span>
     <span class='ocr_line' id='line_1_63' title="bbox 50 3320 1170 3364; baseline 0.007 -14"><span class='ocrx_word' id='word_1_407' title='bbox 50 3327 90 3351; x_wconf 80' lang='lat' dir='ltr'><em>m</em></span> <span class='ocrx_word' id='word_1_408' title='bbox 113 3328 149 3351; x_wconf 78' lang='lat' dir='ltr'><em>re</em></span> <span class='ocrx_word' id='word_1_409' title='bbox 174 3320 315 3354; x_wconf 86' lang='lat' dir='ltr'><em>Marcus</em></span> <span class='ocrx_word' id='word_1_410' title='bbox 337 3323 418 3354; x_wconf 74' lang='lat' dir='ltr'><em>Ant.</em></span> <span class='ocrx_word' id='word_1_411' title='bbox 445 3321 485 3354; x_wconf 87' lang='lat' dir='ltr'><em>de</em></span> <span class='ocrx_word' id='word_1_412' title='bbox 508 3322 688 3360; x_wconf 77' lang='lat' dir='ltr'><em>hominis,</em></span> <span class='ocrx_word' id='word_1_413' title='bbox 713 3321 771 3364; x_wconf 78' lang='lat' dir='ltr'><em>qui</em></span> <span class='ocrx_word' id='word_1_414' title='bbox 799 3322 958 3362; x_wconf 80' lang='lat' dir='ltr'><em>quamvis</em></span> <span class='ocrx_word' id='word_1_415' title='bbox 985 3323 1019 3356; x_wconf 82' lang='lat' dir='ltr'><em>in</em></span> <span class='ocrx_word' id='word_1_416' title='bbox 1045 3336 1106 3357; x_wconf 80' lang='lat' dir='ltr'><em>sua</em></span> <span class='ocrx_word' id='word_1_417' title='bbox 1132 3337 1170 3358; x_wconf 72' lang='lat' dir='ltr'><em>a·</em></span> 
     </span>
     <span class='ocr_line' id='line_1_64' title="bbox 49 3364 1170 3414; baseline 0.012 -17"><span class='ocrx_word' id='word_1_418' title='bbox 49 3364 202 3410; x_wconf 73' lang='lat' dir='ltr'><em>postasia</em></span> <span class='ocrx_word' id='word_1_419' title='bbox 226 3367 262 3400; x_wconf 87' lang='lat' dir='ltr'><em>in</em></span> <span class='ocrx_word' id='word_1_420' title='bbox 284 3379 439 3404; x_wconf 83' lang='lat' dir='ltr'><em>errorem</em></span> <span class='ocrx_word' id='word_1_421' title='bbox 465 3368 610 3404; x_wconf 82' lang='lat' dir='ltr'><em>Lutheri</em></span> <span class='ocrx_word' id='word_1_422' title='bbox 636 3368 754 3414; x_wconf 65' lang='lat' dir='ltr'><em>lapsus</em></span> <span class='ocrx_word' id='word_1_423' title='bbox 786 3367 891 3403; x_wconf 78' lang='lat' dir='ltr'><em>fuerit</em></span> <span class='ocrx_word' id='word_1_424' title='bbox 912 3387 924 3407; x_wconf 73' lang='grc' dir='ltr'>ι</span> <span class='ocrx_word' id='word_1_425' title='bbox 959 3368 1090 3405; x_wconf 67' lang='lat' dir='ltr'><em>Sincere</em></span> <span class='ocrx_word' id='word_1_426' title='bbox 1116 3379 1170 3407; x_wconf 59' lang='grc' dir='ltr'><em>δᾶ·</em></span> 
     </span>
    </p>
   </div>
   <div class='ocr_carea' id='block_1_10' title="bbox 2235 130 2313 168">
    <p class='ocr_par' dir='ltr' id='par_1_11' title="bbox 2235 130 2313 168">
     <span class='ocr_line' id='line_1_65' title="bbox 2235 130 2313 168; baseline 0.026 -2"><span class='ocrx_word' id='word_1_427' title='bbox 2235 130 2313 168; x_wconf 78' lang='lat'><em>125</em></span> 
     </span>
    </p>
   </div>
   <div class='ocr_carea' id='block_1_11' title="bbox 1228 203 2376 2769">
    <p class='ocr_par' dir='ltr' id='par_1_12' title="bbox 1246 203 2366 402">
     <span class='ocr_line' id='line_1_66' title="bbox 1248 203 2366 257; baseline 0.001 -15"><span class='ocrx_word' id='word_1_428' title='bbox 1248 210 1371 242; x_wconf 80' lang='lat' dir='ltr'><em>nistro</em></span> <span class='ocrx_word' id='word_1_429' title='bbox 1387 234 1396 252; x_wconf 88' lang='lat'>‚</span> <span class='ocrx_word' id='word_1_430' title='bbox 1426 208 1489 254; x_wconf 79' lang='lat' dir='ltr'><em>qui</em></span> <span class='ocrx_word' id='word_1_431' title='bbox 1519 218 1678 241; x_wconf 69' lang='lat' dir='ltr'><em>omnem</em></span> <span class='ocrx_word' id='word_1_432' title='bbox 1702 211 1816 242; x_wconf 81' lang='lat' dir='ltr'><em>ritum</em></span> <span class='ocrx_word' id='word_1_433' title='bbox 1841 212 2048 243; x_wconf 70' lang='lat' dir='ltr'><em>externum</em></span> <span class='ocrx_word' id='word_1_434' title='bbox 2070 235 2080 252; x_wconf 85' lang='lat'><em>,</em></span> <span class='ocrx_word' id='word_1_435' title='bbox 2099 203 2366 257; x_wconf 60' lang='lat' dir='ltr'><em>farinamque</em></span> 
     </span>
     <span class='ocr_line' id='line_1_67' title="bbox 1250 257 2366 307; baseline -0.002 -11"><span class='ocrx_word' id='word_1_436' title='bbox 1250 257 1475 307; x_wconf 69' lang='lat' dir='ltr'><em>baptizandi</em></span> <span class='ocrx_word' id='word_1_437' title='bbox 1503 257 1681 294; x_wconf 68' lang='lat' dir='ltr'><em>observat</em></span> <span class='ocrx_word' id='word_1_438' title='bbox 1702 288 1711 304; x_wconf 87' lang='lat'>‚</span> <span class='ocrx_word' id='word_1_439' title='bbox 1752 262 1854 294; x_wconf 82' lang='lat' dir='ltr'><em>intus</em></span> <span class='ocrx_word' id='word_1_440' title='bbox 1884 273 1969 296; x_wconf 65' lang='lat' dir='ltr'><em>vero</em></span> <span class='ocrx_word' id='word_1_441' title='bbox 2007 274 2045 296; x_wconf 71' lang='lat' dir='ltr'><em>m</em></span> <span class='ocrx_word' id='word_1_442' title='bbox 2076 258 2193 297; x_wconf 74' lang='lat' dir='ltr'><em>cor-te</em></span> <span class='ocrx_word' id='word_1_443' title='bbox 2223 272 2291 295; x_wconf 75' lang='lat' dir='ltr'><em>suo</em></span> <span class='ocrx_word' id='word_1_444' title='bbox 2322 271 2366 295; x_wconf 88' lang='lat' dir='ltr'><em>a-</em></span> 
     </span>
     <span class='ocr_line' id='line_1_68' title="bbox 1247 311 2366 365; baseline 0.001 -18"><span class='ocrx_word' id='word_1_445' title='bbox 1247 311 1325 360; x_wconf 86' lang='lat' dir='ltr'><em>pul</em></span> <span class='ocrx_word' id='word_1_446' title='bbox 1355 324 1396 348; x_wconf 84' lang='lat' dir='ltr'><em>se</em></span> <span class='ocrx_word' id='word_1_447' title='bbox 1425 311 1606 349; x_wconf 65' lang='lat' dir='ltr'><em>resolvit:</em></span> <span class='ocrx_word' id='word_1_448' title='bbox 1638 323 1718 347; x_wconf 87' lang='lat' dir='ltr'><em>non</em></span> <span class='ocrx_word' id='word_1_449' title='bbox 1748 311 1907 348; x_wconf 65' lang='lat' dir='ltr'><em>interito</em></span> <span class='ocrx_word' id='word_1_450' title='bbox 1924 311 2070 362; x_wconf 62' lang='lat' dir='ltr'><em>facere</em></span> <span class='ocrx_word' id='word_1_451' title='bbox 2089 343 2098 361; x_wconf 78' lang='lat'><em>,</em></span> <span class='ocrx_word' id='word_1_452' title='bbox 2136 311 2236 365; x_wconf 69' lang='lat' dir='ltr'><em>quo}</em></span> <span class='ocrx_word' id='word_1_453' title='bbox 2253 311 2366 364; x_wconf 72' lang='lat' dir='ltr'><em>jacit</em></span> 
     </span>
     <span class='ocr_line' id='line_1_69' title="bbox 1246 363 1465 402; baseline 0 0"><span class='ocrx_word' id='word_1_454' title='bbox 1246 363 1437 402; x_wconf 78' lang='lat' dir='ltr'><em>Ecclesia</em></span> <span class='ocrx_word' id='word_1_455' title='bbox 1455 391 1465 402; x_wconf 88' lang='lat'><strong>.</strong></span> 
     </span>
    </p>

    <p class='ocr_par' dir='ltr' id='par_1_13' title="bbox 1242 410 2376 1218">
     <span class='ocr_line' id='line_1_70' title="bbox 1303 410 2371 470; baseline -0.002 -14"><span class='ocrx_word' id='word_1_456' title='bbox 1303 417 1393 456; x_wconf 77' lang='lat'><strong>266.</strong></span> <span class='ocrx_word' id='word_1_457' title='bbox 1417 417 1531 455; x_wconf 84' lang='lat' dir='ltr'><em>I’orro</em></span> <span class='ocrx_word' id='word_1_458' title='bbox 1548 447 1558 465; x_wconf 90' lang='lat'><em>,</em></span> <span class='ocrx_word' id='word_1_459' title='bbox 1588 417 1654 469; x_wconf 85' lang='lat' dir='ltr'><em>qui</em></span> <span class='ocrx_word' id='word_1_460' title='bbox 1670 415 1866 454; x_wconf 74' lang='lat' dir='ltr'><em>Catbariui</em></span> <span class='ocrx_word' id='word_1_461' title='bbox 1888 419 2102 455; x_wconf 78' lang='lat' dir='ltr'><em>sententiam</em></span> <span class='ocrx_word' id='word_1_462' title='bbox 2119 410 2371 470; x_wconf 61' lang='lat' dir='ltr'><em>propu&#39;guant‚</em></span> 
     </span>
     <span class='ocr_line' id='line_1_71' title="bbox 1248 468 2371 523; baseline 0.001 -14"><span class='ocrx_word' id='word_1_463' title='bbox 1248 484 1319 509; x_wconf 87' lang='lat' dir='ltr'><em>nou</em></span> <span class='ocrx_word' id='word_1_464' title='bbox 1349 485 1488 523; x_wconf 84' lang='lat' dir='ltr'><em>parum</em></span> <span class='ocrx_word' id='word_1_465' title='bbox 1531 469 1732 517; x_wconf 83' lang='lat' dir='ltr'><em>laborant,</em></span> <span class='ocrx_word' id='word_1_466' title='bbox 1777 478 1815 507; x_wconf 90' lang='lat' dir='ltr'><em>ut</em></span> <span class='ocrx_word' id='word_1_467' title='bbox 1861 468 1930 508; x_wconf 80' lang='lat' dir='ltr'><em>lioc</em></span> <span class='ocrx_word' id='word_1_468' title='bbox 1962 470 2190 507; x_wconf 74' lang='lat' dir='ltr'><em>Vaticanum</em></span> <span class='ocrx_word' id='word_1_469' title='bbox 2223 473 2371 510; x_wconf 79' lang='lat' dir='ltr'><em>fulmen</em></span> 
     </span>
     <span class='ocr_line' id='line_1_72' title="bbox 1246 523 2370 574; baseline 0 -12"><span class='ocrx_word' id='word_1_470' title='bbox 1246 524 1464 563; x_wconf 81' lang='lat' dir='ltr'><em>declinent:</em></span> <span class='ocrx_word' id='word_1_471' title='bbox 1506 537 1572 562; x_wconf 79' lang='lat' dir='ltr'><em>nec</em></span> <span class='ocrx_word' id='word_1_472' title='bbox 1602 523 1707 567; x_wconf 78' lang='lat' dir='ltr'><em>aliud</em></span> <span class='ocrx_word' id='word_1_473' title='bbox 1738 536 1916 574; x_wconf 77' lang='lat' dir='ltr'><em>reponere</em></span> <span class='ocrx_word' id='word_1_474' title='bbox 1945 523 2089 567; x_wconf 80' lang='lat' dir='ltr'><em>solent,</em></span> <span class='ocrx_word' id='word_1_475' title='bbox 2132 538 2155 572; x_wconf 85' lang='lat' dir='ltr'><em>q</em></span> <span class='ocrx_word' id='word_1_476' title='bbox 2174 537 2247 561; x_wconf 69' lang='lat' dir='ltr'><em>rim</em></span> <span class='ocrx_word' id='word_1_477' title='bbox 2288 527 2370 569; x_wconf 64' lang='lat' dir='ltr'><em>‘mre</em></span> 
     </span>
     <span class='ocr_line' id='line_1_73' title="bbox 1246 575 2370 629; baseline -0.002 -13"><span class='ocrx_word' id='word_1_478' title='bbox 1246 578 1362 616; x_wconf 76' lang='lat' dir='ltr'><em>fuisse</em></span> <span class='ocrx_word' id='word_1_479' title='bbox 1400 577 1509 616; x_wconf 82' lang='lat' dir='ltr'><em>illam</em></span> <span class='ocrx_word' id='word_1_480' title='bbox 1546 578 1839 629; x_wconf 72' lang='lat' dir='ltr'><em>propositionem</em></span> <span class='ocrx_word' id='word_1_481' title='bbox 1879 591 1899 614; x_wconf 79' lang='lat' dir='ltr'><em>a</em></span> <span class='ocrx_word' id='word_1_482' title='bbox 1933 575 2040 614; x_wconf 67' lang='lat' dir='ltr'><em>ltom.</em></span> <span class='ocrx_word' id='word_1_483' title='bbox 2070 575 2250 613; x_wconf 76' lang='lat' dir='ltr'><em>l&#39;ontifice</em></span> <span class='ocrx_word' id='word_1_484' title='bbox 2286 592 2370 626; x_wconf 80' lang='lat' dir='ltr'><em>pro-</em></span> 
     </span>
     <span class='ocr_line' id='line_1_74' title="bbox 1246 628 2370 684; baseline -0.004 -14"><span class='ocrx_word' id='word_1_485' title='bbox 1246 633 1426 682; x_wconf 74' lang='lat' dir='ltr'><em>scriptam</em></span> <span class='ocrx_word' id='word_1_486' title='bbox 1445 662 1455 680; x_wconf 92' lang='lat'><em>,</em></span> <span class='ocrx_word' id='word_1_487' title='bbox 1485 633 1577 684; x_wconf 82' lang='lat' dir='ltr'><em>quia</em></span> <span class='ocrx_word' id='word_1_488' title='bbox 1607 632 1719 668; x_wconf 78' lang='lat' dir='ltr'><em>nimis</em></span> <span class='ocrx_word' id='word_1_489' title='bbox 1747 629 1932 682; x_wconf 80' lang='lat' dir='ltr'><em>generaIIs</em></span> <span class='ocrx_word' id='word_1_490' title='bbox 1963 639 2037 667; x_wconf 83' lang='lat' dir='ltr'><em>erat</em></span> <span class='ocrx_word' id='word_1_491' title='bbox 2056 659 2066 677; x_wconf 87' lang='lat'>‚</span> <span class='ocrx_word' id='word_1_492' title='bbox 2096 629 2130 664; x_wconf 85' lang='lat'>&amp;</span> <span class='ocrx_word' id='word_1_493' title='bbox 2162 628 2370 678; x_wconf 67' lang='lat' dir='ltr'><em>indefinita,</em></span> 
     </span>
     <span class='ocr_line' id='line_1_75' title="bbox 1249 681 2371 738; baseline -0.004 -15"><span class='ocrx_word' id='word_1_494' title='bbox 1249 693 1289 724; x_wconf 84' lang='lat' dir='ltr'><em>ut</em></span> <span class='ocrx_word' id='word_1_495' title='bbox 1319 684 1432 723; x_wconf 77' lang='lat' dir='ltr'><em>facile</em></span> <span class='ocrx_word' id='word_1_496' title='bbox 1463 693 1579 738; x_wconf 74' lang='lat' dir='ltr'><em>posset</em></span> <span class='ocrx_word' id='word_1_497' title='bbox 1609 684 1655 722; x_wconf 88' lang='lat' dir='ltr'><em>ad</em></span> <span class='ocrx_word' id='word_1_498' title='bbox 1685 684 1905 722; x_wconf 67' lang='lat' dir='ltr'><em>damnauun</em></span> <span class='ocrx_word' id='word_1_499' title='bbox 1927 683 2004 734; x_wconf 74' lang='lat' dir='ltr'><em>jam</em></span> <span class='ocrx_word' id='word_1_500' title='bbox 2030 681 2184 720; x_wconf 80' lang='lat' dir='ltr'><em>Lutberi</em></span> <span class='ocrx_word' id='word_1_501' title='bbox 2207 696 2371 720; x_wconf 53' lang='lat' dir='ltr'><em>errorum</em></span> 
     </span>
     <span class='ocr_line' id='line_1_76' title="bbox 1249 734 2371 791; baseline -0.004 -15"><span class='ocrx_word' id='word_1_502' title='bbox 1249 737 1447 791; x_wconf 78' lang='lat' dir='ltr'><em>pertrahi,</em></span> <span class='ocrx_word' id='word_1_503' title='bbox 1489 739 1596 791; x_wconf 79' lang='lat' dir='ltr'><em>quasi</em></span> <span class='ocrx_word' id='word_1_504' title='bbox 1626 737 1835 789; x_wconf 74' lang='lat' dir='ltr'><em>baptismus</em></span> <span class='ocrx_word' id='word_1_505' title='bbox 1871 738 1985 775; x_wconf 86' lang='lat' dir='ltr'><em>etiam</em></span> <span class='ocrx_word' id='word_1_506' title='bbox 2024 735 2270 788; x_wconf 74' lang='lat' dir='ltr'><em>joculariter,</em></span> <span class='ocrx_word' id='word_1_507' title='bbox 2310 734 2371 773; x_wconf 76' lang='lat' dir='ltr'><em>vet</em></span> 
     </span>
     <span class='ocr_line' id='line_1_77' title="bbox 1248 786 2375 840; baseline -0.002 -10"><span class='ocrx_word' id='word_1_508' title='bbox 1248 793 1329 838; x_wconf 64' lang='lat' dir='ltr'><em>sine</em></span> <span class='ocrx_word' id='word_1_509' title='bbox 1358 792 1495 831; x_wconf 87' lang='lat' dir='ltr'><em>debitis</em></span> <span class='ocrx_word' id='word_1_510' title='bbox 1523 792 1815 829; x_wconf 79' lang='lat' dir='ltr'><em>circumstantiis</em></span> <span class='ocrx_word' id='word_1_511' title='bbox 1845 789 1947 838; x_wconf 87' lang='lat' dir='ltr'><em>loci,</em></span> <span class='ocrx_word' id='word_1_512' title='bbox 1991 786 2025 826; x_wconf 67' lang='grc' dir='ltr'>ἄ</span> <span class='ocrx_word' id='word_1_513' title='bbox 2062 790 2267 840; x_wconf 74' lang='lat' dir='ltr'><em>temporis,</em></span> <span class='ocrx_word' id='word_1_514' title='bbox 2309 799 2375 828; x_wconf 84' lang='lat' dir='ltr'><em>aut</em></span> 
     </span>
     <span class='ocr_line' id='line_1_78' title="bbox 1249 842 2372 897; baseline -0.004 -15"><span class='ocrx_word' id='word_1_515' title='bbox 1249 858 1318 897; x_wconf 85' lang='lat' dir='ltr'><em>per</em></span> <span class='ocrx_word' id='word_1_516' title='bbox 1348 847 1426 884; x_wconf 87' lang='lat' dir='ltr'><em>vim</em></span> <span class='ocrx_word' id='word_1_517' title='bbox 1455 843 1613 884; x_wconf 81' lang='lat' dir='ltr'><em>collatus</em></span> <span class='ocrx_word' id='word_1_518' title='bbox 1642 844 1791 882; x_wconf 81' lang='lat' dir='ltr'><em>validus</em></span> <span class='ocrx_word' id='word_1_519' title='bbox 1819 843 2027 883; x_wconf 79' lang='lat' dir='ltr'><em>censendus</em></span> <span class='ocrx_word' id='word_1_520' title='bbox 2055 852 2147 882; x_wconf 76' lang='lat' dir='ltr'><em>esset</em></span> <span class='ocrx_word' id='word_1_521' title='bbox 2177 843 2233 894; x_wconf 79' lang='lat' dir='ltr'><em>(h)</em></span> <span class='ocrx_word' id='word_1_522' title='bbox 2253 869 2263 879; x_wconf 92' lang='lat'><strong>.</strong></span> <span class='ocrx_word' id='word_1_523' title='bbox 2297 842 2372 879; x_wconf 67' lang='lat' dir='ltr'><em>Ad.</em></span> 
     </span>
     <span class='ocr_line' id='line_1_79' title="bbox 1250 896 2374 951; baseline -0.004 -15"><span class='ocrx_word' id='word_1_524' title='bbox 1250 899 1305 936; x_wconf 89' lang='lat' dir='ltr'><em>dit</em></span> <span class='ocrx_word' id='word_1_525' title='bbox 1332 898 1412 938; x_wconf 82' lang='lat' dir='ltr'><em>Jac.</em></span> <span class='ocrx_word' id='word_1_526' title='bbox 1437 900 1560 951; x_wconf 88' lang='lat' dir='ltr'><em>Hyac.</em></span> <span class='ocrx_word' id='word_1_527' title='bbox 1581 897 1698 950; x_wconf 85' lang='lat' dir='ltr'><em>Serry</em></span> <span class='ocrx_word' id='word_1_528' title='bbox 1728 912 1813 950; x_wconf 84' lang='lat' dir='ltr'><em>cap.</em></span> <span class='ocrx_word' id='word_1_529' title='bbox 1840 911 1898 936; x_wconf 81' lang='lat'><em>12.</em></span> <span class='ocrx_word' id='word_1_530' title='bbox 1929 912 1966 936; x_wconf 77' lang='lat' dir='ltr'><em>se</em></span> <span class='ocrx_word' id='word_1_531' title='bbox 1989 896 2119 934; x_wconf 77' lang='lat' dir='ltr'><em>Roma:</em></span> <span class='ocrx_word' id='word_1_532' title='bbox 2151 905 2238 934; x_wconf 83' lang='lat' dir='ltr'><em>tunc</em></span> <span class='ocrx_word' id='word_1_533' title='bbox 2268 910 2374 933; x_wconf 82' lang='lat' dir='ltr'><em>com-</em></span> 
     </span>
     <span class='ocr_line' id='line_1_80' title="bbox 1249 949 2376 1004; baseline -0.004 -14"><span class='ocrx_word' id='word_1_534' title='bbox 1249 962 1458 991; x_wconf 83' lang='lat' dir='ltr'><em>morantem</em></span> <span class='ocrx_word' id='word_1_535' title='bbox 1489 955 1733 1004; x_wconf 78' lang='lat' dir='ltr'><em>interrogasse</em></span> <span class='ocrx_word' id='word_1_536' title='bbox 1763 950 1963 990; x_wconf 70' lang='lat' dir='ltr'><em>nonnullo-</em></span> <span class='ocrx_word' id='word_1_537' title='bbox 1993 952 2132 1003; x_wconf 84' lang='lat' dir='ltr'><em>primae</em></span> <span class='ocrx_word' id='word_1_538' title='bbox 2153 959 2248 988; x_wconf 75' lang='lat' dir='ltr'><em>uota:</em></span> <span class='ocrx_word' id='word_1_539' title='bbox 2270 949 2376 987; x_wconf 77' lang='lat' dir='ltr'><em>Prae-</em></span> 
     </span>
     <span class='ocr_line' id='line_1_81' title="bbox 1248 1004 2374 1058; baseline -0.002 -14"><span class='ocrx_word' id='word_1_540' title='bbox 1248 1005 1349 1045; x_wconf 83' lang='lat' dir='ltr'><em>sules</em></span> <span class='ocrx_word' id='word_1_541' title='bbox 1377 1006 1632 1053; x_wconf 80' lang='lat' dir='ltr'><em>consultores,</em></span> <span class='ocrx_word' id='word_1_542' title='bbox 1674 1006 1741 1058; x_wconf 88' lang='lat' dir='ltr'><em>qui</em></span> <span class='ocrx_word' id='word_1_543' title='bbox 1785 1006 1825 1043; x_wconf 90' lang='lat' dir='ltr'><em>in</em></span> <span class='ocrx_word' id='word_1_544' title='bbox 1859 1017 1965 1043; x_wconf 84' lang='lat' dir='ltr'><em>sacro</em></span> <span class='ocrx_word' id='word_1_545' title='bbox 2006 1004 2190 1042; x_wconf 87' lang='lat' dir='ltr'><em>tribunali</em></span> <span class='ocrx_word' id='word_1_546' title='bbox 2219 1004 2374 1042; x_wconf 83' lang='lat' dir='ltr'><em>Judices</em></span> 
     </span>
     <span class='ocr_line' id='line_1_82' title="bbox 1247 1057 2373 1109; baseline -0.002 -13"><span class='ocrx_word' id='word_1_547' title='bbox 1247 1059 1444 1109; x_wconf 78' lang='lat' dir='ltr'><em>sederant,</em></span> <span class='ocrx_word' id='word_1_548' title='bbox 1475 1073 1566 1098; x_wconf 87' lang='lat' dir='ltr'><em>num</em></span> <span class='ocrx_word' id='word_1_549' title='bbox 1596 1060 1821 1097; x_wconf 83' lang='lat' dir='ltr'><em>sententiam</em></span> <span class='ocrx_word' id='word_1_550' title='bbox 1837 1057 2033 1096; x_wconf 81' lang='lat' dir='ltr'><em>Catharini</em></span> <span class='ocrx_word' id='word_1_551' title='bbox 2055 1071 2099 1096; x_wconf 85' lang='lat' dir='ltr'><em>eo</em></span> <span class='ocrx_word' id='word_1_552' title='bbox 2116 1057 2266 1096; x_wconf 85' lang='lat' dir='ltr'><em>decreto</em></span> <span class='ocrx_word' id='word_1_553' title='bbox 2286 1070 2373 1109; x_wconf 84' lang='lat' dir='ltr'><em>pro-</em></span> 
     </span>
     <span class='ocr_line' id='line_1_83' title="bbox 1245 1110 2370 1164; baseline -0.002 -14"><span class='ocrx_word' id='word_1_554' title='bbox 1245 1113 1414 1152; x_wconf 88' lang='lat' dir='ltr'><em>scribere</em></span> <span class='ocrx_word' id='word_1_555' title='bbox 1443 1113 1674 1161; x_wconf 80' lang='lat' dir='ltr'><em>voluisseut,</em></span> <span class='ocrx_word' id='word_1_556' title='bbox 1702 1125 1839 1164; x_wconf 79' lang='lat' dir='ltr'><em>eosque</em></span> <span class='ocrx_word' id='word_1_557' title='bbox 1866 1110 1983 1151; x_wconf 78' lang='lat' dir='ltr'><em>semel</em></span> <span class='ocrx_word' id='word_1_558' title='bbox 2014 1110 2046 1147; x_wconf 76' lang='lat'><em>8&lt;</em></span> <span class='ocrx_word' id='word_1_559' title='bbox 2069 1112 2207 1152; x_wconf 85' lang='lat' dir='ltr'><em>iterum</em></span> <span class='ocrx_word' id='word_1_560' title='bbox 2225 1111 2262 1149; x_wconf 91' lang='lat' dir='ltr'><em>id</em></span> <span class='ocrx_word' id='word_1_561' title='bbox 2285 1124 2370 1162; x_wconf 83' lang='lat' dir='ltr'><em>per-</em></span> 
     </span>
     <span class='ocr_line' id='line_1_84' title="bbox 1242 1180 1419 1218; baseline 0.011 -14"><span class='ocrx_word' id='word_1_562' title='bbox 1242 1180 1419 1218; x_wconf 76' lang='lat' dir='ltr'><em>negasse.</em></span> 
     </span>
    </p>

    <p class='ocr_par' dir='ltr' id='par_1_14' title="bbox 1240 1218 2375 1855">
     <span class='ocr_line' id='line_1_85' title="bbox 1300 1218 2370 1272; baseline -0.003 -14"><span class='ocrx_word' id='word_1_563' title='bbox 1300 1219 1390 1272; x_wconf 85' lang='lat'>267.</span> <span class='ocrx_word' id='word_1_564' title='bbox 1422 1219 1469 1262; x_wconf 82' lang='lat' dir='ltr'><em>At</em></span> <span class='ocrx_word' id='word_1_565' title='bbox 1498 1232 1588 1258; x_wconf 86' lang='lat' dir='ltr'><em>vero</em></span> <span class='ocrx_word' id='word_1_566' title='bbox 1615 1231 1840 1271; x_wconf 80' lang='lat' dir='ltr'><em>quanquam</em></span> <span class='ocrx_word' id='word_1_567' title='bbox 1870 1231 1982 1256; x_wconf 84' lang='lat' dir='ltr'><em>nemo</em></span> <span class='ocrx_word' id='word_1_568' title='bbox 2023 1218 2229 1270; x_wconf 83' lang='lat' dir='ltr'><em>prudenter</em></span> <span class='ocrx_word' id='word_1_569' title='bbox 2264 1218 2370 1256; x_wconf 86' lang='lat' dir='ltr'><em>dixe-</em></span> 
     </span>
     <span class='ocr_line' id='line_1_86' title="bbox 1242 1271 2372 1322; baseline -0.003 -11"><span class='ocrx_word' id='word_1_570' title='bbox 1242 1274 1318 1322; x_wconf 87' lang='lat' dir='ltr'><em>rit,</em></span> <span class='ocrx_word' id='word_1_571' title='bbox 1347 1274 1573 1312; x_wconf 79' lang='lat' dir='ltr'><em>senteutiam</em></span> <span class='ocrx_word' id='word_1_572' title='bbox 1602 1271 1798 1312; x_wconf 81' lang='lat' dir='ltr'><em>Catliarini</em></span> <span class='ocrx_word' id='word_1_573' title='bbox 1828 1272 1943 1309; x_wconf 81' lang='lat' dir='ltr'><em>fuisse</em></span> <span class='ocrx_word' id='word_1_574' title='bbox 1972 1271 2021 1308; x_wconf 89' lang='lat' dir='ltr'><em>ab</em></span> <span class='ocrx_word' id='word_1_575' title='bbox 2054 1271 2270 1309; x_wconf 77' lang='lat' dir='ltr'><em>Alexandro</em></span> <span class='ocrx_word' id='word_1_576' title='bbox 2298 1284 2372 1308; x_wconf 76' lang='lat' dir='ltr'><em>ex-</em></span> 
     </span>
     <span class='ocr_line' id='line_1_87' title="bbox 1242 1323 2370 1379; baseline -0.002 -15"><span class='ocrx_word' id='word_1_577' title='bbox 1242 1339 1376 1379; x_wconf 81' lang='lat' dir='ltr'><em>presse</em></span> <span class='ocrx_word' id='word_1_578' title='bbox 1404 1327 1625 1365; x_wconf 78' lang='lat' dir='ltr'><em>damnatam</em></span> <span class='ocrx_word' id='word_1_579' title='bbox 1642 1358 1653 1376; x_wconf 91' lang='lat'><em>,</em></span> <span class='ocrx_word' id='word_1_580' title='bbox 1684 1339 1775 1364; x_wconf 90' lang='lat' dir='ltr'><em>cum</em></span> <span class='ocrx_word' id='word_1_581' title='bbox 1803 1325 1976 1363; x_wconf 81' lang='lat' dir='ltr'><em>eamdem</em></span> <span class='ocrx_word' id='word_1_582' title='bbox 1998 1324 2196 1362; x_wconf 82' lang='lat' dir='ltr'><em>videamus</em></span> <span class='ocrx_word' id='word_1_583' title='bbox 2216 1323 2370 1374; x_wconf 72' lang='lat' dir='ltr'><em>palam,</em></span> 
     </span>
     <span class='ocr_line' id='line_1_88' title="bbox 1246 1376 2374 1433; baseline -0.003 -16"><span class='ocrx_word' id='word_1_584' title='bbox 1246 1380 1280 1417; x_wconf 74' lang='grc' dir='ltr'>ἃ</span> <span class='ocrx_word' id='word_1_585' title='bbox 1312 1382 1469 1433; x_wconf 87' lang='lat' dir='ltr'><em>impune</em></span> <span class='ocrx_word' id='word_1_586' title='bbox 1498 1394 1520 1418; x_wconf 87' lang='lat' dir='ltr'><em>a</em></span> <span class='ocrx_word' id='word_1_587' title='bbox 1549 1393 1621 1419; x_wconf 89' lang='lat' dir='ltr'><em>non</em></span> <span class='ocrx_word' id='word_1_588' title='bbox 1652 1381 1783 1432; x_wconf 87' lang='lat' dir='ltr'><em>paucis</em></span> <span class='ocrx_word' id='word_1_589' title='bbox 1801 1410 1812 1427; x_wconf 92' lang='lat'><em>,</em></span> <span class='ocrx_word' id='word_1_590' title='bbox 1840 1392 1912 1417; x_wconf 88' lang='lat' dir='ltr'><em>nec</em></span> <span class='ocrx_word' id='word_1_591' title='bbox 1942 1377 2177 1429; x_wconf 79' lang='lat' dir='ltr'><em>ignobilibus</em></span> <span class='ocrx_word' id='word_1_592' title='bbox 2205 1376 2374 1415; x_wconf 84' lang='lat' dir='ltr'><em>Theolo-</em></span> 
     </span>
     <span class='ocr_line' id='line_1_89' title="bbox 1242 1431 2375 1487; baseline -0.004 -15"><span class='ocrx_word' id='word_1_593' title='bbox 1242 1435 1299 1486; x_wconf 87' lang='lat' dir='ltr'><em>gis</em></span> <span class='ocrx_word' id='word_1_594' title='bbox 1329 1435 1588 1487; x_wconf 78' lang='lat' dir='ltr'><em>propugnari,</em></span> <span class='ocrx_word' id='word_1_595' title='bbox 1631 1433 1894 1472; x_wconf 85' lang='lat' dir='ltr'><em>contendimus</em></span> <span class='ocrx_word' id='word_1_596' title='bbox 1922 1440 2046 1470; x_wconf 84' lang='lat' dir='ltr'><em>tamen</em></span> <span class='ocrx_word' id='word_1_597' title='bbox 2078 1446 2156 1469; x_wconf 88' lang='lat' dir='ltr'><em>uua</em></span> <span class='ocrx_word' id='word_1_598' title='bbox 2184 1445 2274 1469; x_wconf 88' lang='lat' dir='ltr'><em>cum</em></span> <span class='ocrx_word' id='word_1_599' title='bbox 2304 1431 2375 1468; x_wconf 81' lang='lat' dir='ltr'><em>Be-</em></span> 
     </span>
     <span class='ocr_line' id='line_1_90' title="bbox 1241 1485 2370 1538; baseline -0.004 -13"><span class='ocrx_word' id='word_1_600' title='bbox 1241 1488 1394 1526; x_wconf 82' lang='lat' dir='ltr'><em>nedicto</em></span> <span class='ocrx_word' id='word_1_601' title='bbox 1422 1487 1531 1526; x_wconf 86' lang='lat' dir='ltr'><strong>XIV.</strong></span> <span class='ocrx_word' id='word_1_602' title='bbox 1561 1500 1649 1525; x_wconf 87' lang='lat' dir='ltr'><em>mox</em></span> <span class='ocrx_word' id='word_1_603' title='bbox 1678 1486 1861 1538; x_wconf 83' lang='lat' dir='ltr'><em>allegato,</em></span> <span class='ocrx_word' id='word_1_604' title='bbox 1903 1499 2026 1538; x_wconf 63' lang='lat' dir='ltr'><em>grave</em></span> <span class='ocrx_word' id='word_1_605' title='bbox 2067 1486 2204 1522; x_wconf 73' lang='lat' dir='ltr'><em>vulnus</em></span> <span class='ocrx_word' id='word_1_606' title='bbox 2243 1485 2370 1522; x_wconf 83' lang='lat' dir='ltr'><em>eidem</em></span> 
     </span>
     <span class='ocr_line' id='line_1_91' title="bbox 1241 1539 2371 1586; baseline -0.003 -8"><span class='ocrx_word' id='word_1_607' title='bbox 1241 1542 1436 1579; x_wconf 69' lang='lat' dir='ltr'><em>sententiae</em></span> <span class='ocrx_word' id='word_1_608' title='bbox 1467 1542 1582 1579; x_wconf 82' lang='lat' dir='ltr'><em>fuisse</em></span> <span class='ocrx_word' id='word_1_609' title='bbox 1603 1540 1794 1578; x_wconf 88' lang='lat' dir='ltr'><em>inflictum</em></span> <span class='ocrx_word' id='word_1_610' title='bbox 1813 1569 1824 1586; x_wconf 89' lang='lat'><em>,</em></span> <span class='ocrx_word' id='word_1_611' title='bbox 1854 1539 1947 1576; x_wconf 84' lang='lat' dir='ltr'><em>adeo</em></span> <span class='ocrx_word' id='word_1_612' title='bbox 1978 1547 2017 1576; x_wconf 89' lang='lat' dir='ltr'><em>ut</em></span> <span class='ocrx_word' id='word_1_613' title='bbox 2046 1542 2179 1575; x_wconf 87' lang='lat' dir='ltr'><em>minus</em></span> <span class='ocrx_word' id='word_1_614' title='bbox 2207 1546 2294 1574; x_wconf 81' lang='lat' dir='ltr'><em>tuta</em></span> <span class='ocrx_word' id='word_1_615' title='bbox 2323 1539 2371 1575; x_wconf 84' lang='lat' dir='ltr'><em>sit</em></span> 
     </span>
     <span class='ocr_line' id='line_1_92' title="bbox 1241 1590 2368 1646; baseline -0.003 -15"><span class='ocrx_word' id='word_1_616' title='bbox 1241 1594 1476 1646; x_wconf 79' lang='lat' dir='ltr'><em>reputanda3</em></span> <span class='ocrx_word' id='word_1_617' title='bbox 1506 1594 1675 1644; x_wconf 86' lang='lat' dir='ltr'><em>adeoque</em></span> <span class='ocrx_word' id='word_1_618' title='bbox 1704 1593 1763 1630; x_wconf 86' lang='lat' dir='ltr'><em>vel</em></span> <span class='ocrx_word' id='word_1_619' title='bbox 1795 1592 1864 1629; x_wconf 85' lang='lat' dir='ltr'><em>boc</em></span> <span class='ocrx_word' id='word_1_620' title='bbox 1895 1590 1973 1629; x_wconf 90' lang='lat' dir='ltr'><em>solo</em></span> <span class='ocrx_word' id='word_1_621' title='bbox 2003 1591 2112 1628; x_wconf 81' lang='lat' dir='ltr'><em>titulo</em></span> <span class='ocrx_word' id='word_1_622' title='bbox 2133 1590 2368 1640; x_wconf 77' lang='lat' dir='ltr'><em>rejicienda,</em></span> 
     </span>
     <span class='ocr_line' id='line_1_93' title="bbox 1240 1644 2371 1698; baseline -0.002 -14"><span class='ocrx_word' id='word_1_623' title='bbox 1240 1661 1329 1685; x_wconf 87' lang='lat' dir='ltr'><em>cum</em></span> <span class='ocrx_word' id='word_1_624' title='bbox 1360 1659 1472 1685; x_wconf 87' lang='lat' dir='ltr'><em>nemo</em></span> <span class='ocrx_word' id='word_1_625' title='bbox 1501 1648 1671 1698; x_wconf 78' lang='lat' dir='ltr'><em>ignoret,</em></span> <span class='ocrx_word' id='word_1_626' title='bbox 1714 1658 1759 1684; x_wconf 75' lang='lat' dir='ltr'><em>ex</em></span> <span class='ocrx_word' id='word_1_627' title='bbox 1788 1645 1937 1682; x_wconf 78' lang='lat' dir='ltr'><em>decreto</em></span> <span class='ocrx_word' id='word_1_628' title='bbox 1965 1645 2171 1683; x_wconf 85' lang='lat' dir='ltr'><em>Innocentii</em></span> <span class='ocrx_word' id='word_1_629' title='bbox 2203 1644 2272 1682; x_wconf 86' lang='lat' dir='ltr'><em>XI.</em></span> <span class='ocrx_word' id='word_1_630' title='bbox 2305 1644 2371 1682; x_wconf 85' lang='lat' dir='ltr'><em>die</em></span> 
     </span>
     <span class='ocr_line' id='line_1_94' title="bbox 1244 1698 2369 1750; baseline -0.003 -12"><span class='ocrx_word' id='word_1_631' title='bbox 1244 1713 1281 1738; x_wconf 81' lang='lat'><em>2.</em></span> <span class='ocrx_word' id='word_1_632' title='bbox 1313 1699 1446 1738; x_wconf 72' lang='lat' dir='ltr'><em>Martii</em></span> <span class='ocrx_word' id='word_1_633' title='bbox 1476 1714 1577 1738; x_wconf 78' lang='lat' dir='ltr'><em>anno</em></span> <span class='ocrx_word' id='word_1_634' title='bbox 1612 1699 1755 1750; x_wconf 83' lang='lat'><em>1679.,</em></span> <span class='ocrx_word' id='word_1_635' title='bbox 1798 1699 1977 1736; x_wconf 83' lang='lat' dir='ltr'><em>illicitum</em></span> <span class='ocrx_word' id='word_1_636' title='bbox 2015 1702 2054 1735; x_wconf 86' lang='lat' dir='ltr'><em>in</em></span> <span class='ocrx_word' id='word_1_637' title='bbox 2086 1698 2369 1735; x_wconf 48' lang='lat' dir='ltr'><em>§aeramentis</em></span> 
     </span>
     <span class='ocr_line' id='line_1_95' title="bbox 1241 1750 2369 1805; baseline 0 -15"><span class='ocrx_word' id='word_1_638' title='bbox 1241 1752 1494 1805; x_wconf 62' lang='lat' dir='ltr'><em>conferendis</em></span> <span class='ocrx_word' id='word_1_639' title='bbox 1523 1757 1631 1804; x_wconf 74' lang='lat' dir='ltr'><em>sequi</em></span> <span class='ocrx_word' id='word_1_640' title='bbox 1660 1756 1886 1801; x_wconf 80' lang='lat' dir='ltr'><em>opinionem</em></span> <span class='ocrx_word' id='word_1_641' title='bbox 1916 1750 2154 1802; x_wconf 72' lang='lat' dir='ltr'><em>probabilem</em></span> <span class='ocrx_word' id='word_1_642' title='bbox 2184 1751 2232 1791; x_wconf 79' lang='lat' dir='ltr'><em>(le</em></span> <span class='ocrx_word' id='word_1_643' title='bbox 2261 1752 2369 1790; x_wconf 78' lang='lat' dir='ltr'><em>valo-</em></span> 
     </span>
     <span class='ocr_line' id='line_1_96' title="bbox 1241 1805 1968 1855; baseline -0.003 -10"><span class='ocrx_word' id='word_1_644' title='bbox 1241 1820 1285 1846; x_wconf 88' lang='lat' dir='ltr'><em>re</em></span> <span class='ocrx_word' id='word_1_645' title='bbox 1312 1806 1574 1844; x_wconf 82' lang='lat' dir='ltr'><em>Sacramenti</em></span> <span class='ocrx_word' id='word_1_646' title='bbox 1591 1837 1601 1855; x_wconf 89' lang='lat'><em>,</em></span> <span class='ocrx_word' id='word_1_647' title='bbox 1631 1805 1771 1843; x_wconf 85' lang='lat' dir='ltr'><em>relicta</em></span> <span class='ocrx_word' id='word_1_648' title='bbox 1799 1809 1940 1843; x_wconf 83' lang='lat' dir='ltr'><em>tutiore</em></span> <span class='ocrx_word' id='word_1_649' title='bbox 1957 1831 1968 1843; x_wconf 91' lang='grc'><strong>.</strong></span> 
     </span>
    </p>

    <p class='ocr_par' dir='ltr' id='par_1_15' title="bbox 1228 1857 2370 2769">
     <span class='ocr_line' id='line_1_97' title="bbox 1299 1857 2369 1911; baseline -0.001 -13"><span class='ocrx_word' id='word_1_650' title='bbox 1299 1859 1389 1898; x_wconf 82' lang='lat'><strong>268.</strong></span> <span class='ocrx_word' id='word_1_651' title='bbox 1421 1861 1603 1907; x_wconf 79' lang='lat' dir='ltr'><em>Accedit,</em></span> <span class='ocrx_word' id='word_1_652' title='bbox 1631 1859 1730 1911; x_wconf 84' lang='lat' dir='ltr'><em>quod</em></span> <span class='ocrx_word' id='word_1_653' title='bbox 1759 1860 1938 1911; x_wconf 83' lang='lat' dir='ltr'><em>quamvis</em></span> <span class='ocrx_word' id='word_1_654' title='bbox 1966 1859 2147 1897; x_wconf 83' lang='lat' dir='ltr'><em>sententia</em></span> <span class='ocrx_word' id='word_1_655' title='bbox 2167 1857 2369 1897; x_wconf 81' lang='lat' dir='ltr'><em>Catbariui</em></span> 
     </span>
     <span class='ocr_line' id='line_1_98' title="bbox 1241 1912 2367 1964; baseline -0.002 -13"><span class='ocrx_word' id='word_1_656' title='bbox 1241 1913 1283 1951; x_wconf 88' lang='lat' dir='ltr'><em>in</em></span> <span class='ocrx_word' id='word_1_657' title='bbox 1311 1913 1485 1951; x_wconf 87' lang='lat' dir='ltr'><em>Concilio</em></span> <span class='ocrx_word' id='word_1_658' title='bbox 1513 1913 1734 1951; x_wconf 85' lang='lat' dir='ltr'><em>Tridentino</em></span> <span class='ocrx_word' id='word_1_659' title='bbox 1777 1913 1954 1951; x_wconf 81' lang='lat' dir='ltr'><em>damnata</em></span> <span class='ocrx_word' id='word_1_660' title='bbox 1996 1912 2072 1951; x_wconf 90' lang='lat' dir='ltr'><em>dici</em></span> <span class='ocrx_word' id='word_1_661' title='bbox 2115 1925 2191 1951; x_wconf 88' lang='lat' dir='ltr'><em>non</em></span> <span class='ocrx_word' id='word_1_662' title='bbox 2226 1913 2367 1964; x_wconf 76' lang='lat' dir='ltr'><em>possit,</em></span> 
     </span>
     <span class='ocr_line' id='line_1_99' title="bbox 1241 1965 2370 2018; baseline 0.001 -15"><span class='ocrx_word' id='word_1_663' title='bbox 1241 1967 1334 2018; x_wconf 87' lang='lat' dir='ltr'><em>quia</em></span> <span class='ocrx_word' id='word_1_664' title='bbox 1362 1980 1492 2004; x_wconf 87' lang='lat' dir='ltr'><em>eorum</em></span> <span class='ocrx_word' id='word_1_665' title='bbox 1515 1966 1670 2004; x_wconf 89' lang='lat' dir='ltr'><em>Patrum</em></span> <span class='ocrx_word' id='word_1_666' title='bbox 1699 1965 1901 2005; x_wconf 84' lang='lat' dir='ltr'><em>consilium</em></span> <span class='ocrx_word' id='word_1_667' title='bbox 1932 1974 2010 2003; x_wconf 87' lang='lat' dir='ltr'><em>erat</em></span> <span class='ocrx_word' id='word_1_668' title='bbox 2040 1967 2153 2004; x_wconf 88' lang='lat' dir='ltr'><em>unice</em></span> <span class='ocrx_word' id='word_1_669' title='bbox 2174 1965 2337 2018; x_wconf 81' lang='lat' dir='ltr'><em>impiam</em></span> <span class='ocrx_word' id='word_1_670' title='bbox 2356 1996 2370 2014; x_wconf 85' lang='lat'><em>,</em></span> 
     </span>
     <span class='ocr_line' id='line_1_100' title="bbox 1242 2019 2368 2070; baseline 0 -13"><span class='ocrx_word' id='word_1_671' title='bbox 1242 2021 1277 2056; x_wconf 73' lang='grc' dir='ltr'><em>δε</em></span> <span class='ocrx_word' id='word_1_672' title='bbox 1306 2020 1511 2058; x_wconf 85' lang='lat' dir='ltr'><em>absurdam</em></span> <span class='ocrx_word' id='word_1_673' title='bbox 1542 2019 1845 2059; x_wconf 82' lang='lat' dir='ltr'><em>Lutheranorum</em></span> <span class='ocrx_word' id='word_1_674' title='bbox 1878 2019 2056 2057; x_wconf 78' lang='lat' dir='ltr'><em>haeresim</em></span> <span class='ocrx_word' id='word_1_675' title='bbox 2087 2019 2157 2057; x_wconf 83' lang='lat' dir='ltr'><em>hac</em></span> <span class='ocrx_word' id='word_1_676' title='bbox 2187 2020 2227 2057; x_wconf 91' lang='lat' dir='ltr'><em>in</em></span> <span class='ocrx_word' id='word_1_677' title='bbox 2260 2029 2368 2070; x_wconf 84' lang='lat' dir='ltr'><em>parte</em></span> 
     </span>
     <span class='ocr_line' id='line_1_101' title="bbox 1240 2072 2369 2126; baseline 0 -16"><span class='ocrx_word' id='word_1_678' title='bbox 1240 2073 1504 2126; x_wconf 80' lang='lat' dir='ltr'><em>proscribere,</em></span> <span class='ocrx_word' id='word_1_679' title='bbox 1532 2075 1658 2112; x_wconf 80' lang='lat' dir='ltr'><em>nostra</em></span> <span class='ocrx_word' id='word_1_680' title='bbox 1677 2082 1804 2111; x_wconf 85' lang='lat' dir='ltr'><em>tamen</em></span> <span class='ocrx_word' id='word_1_681' title='bbox 1819 2074 1999 2111; x_wconf 85' lang='lat' dir='ltr'><em>sententia</em></span> <span class='ocrx_word' id='word_1_682' title='bbox 2014 2072 2057 2111; x_wconf 89' lang='lat' dir='ltr'><em>fit</em></span> <span class='ocrx_word' id='word_1_683' title='bbox 2078 2073 2248 2124; x_wconf 80' lang='lat' dir='ltr'><em>ejusdem</em></span> <span class='ocrx_word' id='word_1_684' title='bbox 2269 2074 2369 2111; x_wconf 82' lang='lat' dir='ltr'><em>Con-</em></span> 
     </span>
     <span class='ocr_line' id='line_1_102' title="bbox 1239 2126 2369 2177; baseline -0.002 -11"><span class='ocrx_word' id='word_1_685' title='bbox 1239 2126 1324 2166; x_wconf 86' lang='lat' dir='ltr'><em>cilii</em></span> <span class='ocrx_word' id='word_1_686' title='bbox 1351 2127 1509 2165; x_wconf 87' lang='lat' dir='ltr'><em>decretis</em></span> <span class='ocrx_word' id='word_1_687' title='bbox 1531 2126 1654 2165; x_wconf 88' lang='lat' dir='ltr'><em>multo</em></span> <span class='ocrx_word' id='word_1_688' title='bbox 1672 2127 1928 2166; x_wconf 88' lang='lat' dir='ltr'><em>conformior.</em></span> <span class='ocrx_word' id='word_1_689' title='bbox 1958 2126 2058 2165; x_wconf 84' lang='lat' dir='ltr'><em>Nam</em></span> <span class='ocrx_word' id='word_1_690' title='bbox 2089 2131 2216 2177; x_wconf 84' lang='lat' dir='ltr'><em>primo</em></span> <span class='ocrx_word' id='word_1_691' title='bbox 2247 2128 2369 2172; x_wconf 57' lang='lat' dir='ltr'><em>exigi-</em></span> 
     </span>
     <span class='ocr_line' id='line_1_103' title="bbox 1239 2178 2368 2232; baseline -0.001 -14"><span class='ocrx_word' id='word_1_692' title='bbox 1239 2188 1302 2219; x_wconf 88' lang='lat' dir='ltr'><em>tur</em></span> <span class='ocrx_word' id='word_1_693' title='bbox 1329 2180 1540 2220; x_wconf 88' lang='lat' dir='ltr'><em>aConciIio</em></span> <span class='ocrx_word' id='word_1_694' title='bbox 1569 2184 1734 2219; x_wconf 77' lang='lat' dir='ltr'><em>intentio</em></span> <span class='ocrx_word' id='word_1_695' title='bbox 1761 2181 1906 2219; x_wconf 83' lang='lat' dir='ltr'><em>saltem</em></span> <span class='ocrx_word' id='word_1_696' title='bbox 1923 2178 2140 2232; x_wconf 78' lang='lat' dir='ltr'><em>faciendi,</em></span> <span class='ocrx_word' id='word_1_697' title='bbox 2169 2180 2272 2232; x_wconf 45' lang='lat' dir='ltr'><em>quoti</em></span> <span class='ocrx_word' id='word_1_698' title='bbox 2287 2180 2368 2230; x_wconf 75' lang='lat' dir='ltr'><em>sa-</em></span> 
     </span>
     <span class='ocr_line' id='line_1_104' title="bbox 1238 2233 2366 2284; baseline 0 -12"><span class='ocrx_word' id='word_1_699' title='bbox 1238 2239 1290 2273; x_wconf 80' lang='lat' dir='ltr'><em>cic</em></span> <span class='ocrx_word' id='word_1_700' title='bbox 1306 2233 1521 2273; x_wconf 84' lang='lat' dir='ltr'><em>Ecclesia.</em></span> <span class='ocrx_word' id='word_1_701' title='bbox 1553 2235 1724 2273; x_wconf 87' lang='lat' dir='ltr'><em>Habetne</em></span> <span class='ocrx_word' id='word_1_702' title='bbox 1754 2233 1850 2273; x_wconf 87' lang='lat' dir='ltr'><em>hanc</em></span> <span class='ocrx_word' id='word_1_703' title='bbox 1879 2236 2122 2272; x_wconf 85' lang='lat' dir='ltr'><em>intentionem</em></span> <span class='ocrx_word' id='word_1_704' title='bbox 2140 2263 2150 2282; x_wconf 86' lang='lat'>‚</span> <span class='ocrx_word' id='word_1_705' title='bbox 2180 2235 2248 2284; x_wconf 83' lang='lat' dir='ltr'><em>qui</em></span> <span class='ocrx_word' id='word_1_706' title='bbox 2270 2235 2366 2272; x_wconf 78' lang='lat' dir='ltr'><em>ritus</em></span> 
     </span>
     <span class='ocr_line' id='line_1_105' title="bbox 1237 2286 2366 2340; baseline -0.004 -13"><span class='ocrx_word' id='word_1_707' title='bbox 1237 2288 1423 2327; x_wconf 80' lang='lat' dir='ltr'><em>Ecclesiae</em></span> <span class='ocrx_word' id='word_1_708' title='bbox 1442 2319 1453 2337; x_wconf 90' lang='lat'>‚</span> <span class='ocrx_word' id='word_1_709' title='bbox 1484 2298 1523 2327; x_wconf 88' lang='lat' dir='ltr'><em>ut</em></span> <span class='ocrx_word' id='word_1_710' title='bbox 1552 2302 1669 2328; x_wconf 87' lang='lat' dir='ltr'><em>vanos</em></span> <span class='ocrx_word' id='word_1_711' title='bbox 1685 2316 1695 2334; x_wconf 92' lang='lat'><em>,</em></span> <span class='ocrx_word' id='word_1_712' title='bbox 1726 2288 1785 2327; x_wconf 91' lang='lat' dir='ltr'><em>vel</em></span> <span class='ocrx_word' id='word_1_713' title='bbox 1806 2289 2078 2340; x_wconf 86' lang='lat' dir='ltr'><em>superstitiosos</em></span> <span class='ocrx_word' id='word_1_714' title='bbox 2100 2286 2258 2333; x_wconf 75' lang='lat' dir='ltr'><em>irridet,</em></span> <span class='ocrx_word' id='word_1_715' title='bbox 2288 2287 2366 2323; x_wconf 81' lang='lat' dir='ltr'><em>im-</em></span> 
     </span>
     <span class='ocr_line' id='line_1_106' title="bbox 1236 2339 2364 2390; baseline -0.003 -10"><span class='ocrx_word' id='word_1_716' title='bbox 1236 2355 1302 2380; x_wconf 89' lang='lat' dir='ltr'><em>mo</em></span> <span class='ocrx_word' id='word_1_717' title='bbox 1332 2345 1490 2380; x_wconf 84' lang='lat' dir='ltr'><em>interius</em></span> <span class='ocrx_word' id='word_1_718' title='bbox 1518 2344 1676 2380; x_wconf 82' lang='lat' dir='ltr'><em>omnino</em></span> <span class='ocrx_word' id='word_1_719' title='bbox 1704 2343 1851 2389; x_wconf 81' lang='lat' dir='ltr'><em>statuit,</em></span> <span class='ocrx_word' id='word_1_720' title='bbox 1882 2339 1981 2378; x_wconf 77' lang='lat' dir='ltr'><em>nolle</em></span> <span class='ocrx_word' id='word_1_721' title='bbox 2009 2353 2047 2377; x_wconf 89' lang='lat' dir='ltr'><em>se</em></span> <span class='ocrx_word' id='word_1_722' title='bbox 2078 2340 2229 2387; x_wconf 82' lang='lat' dir='ltr'><em>facere,</em></span> <span class='ocrx_word' id='word_1_723' title='bbox 2258 2340 2364 2390; x_wconf 76' lang='lat' dir='ltr'><em>quod</em></span> 
     </span>
     <span class='ocr_line' id='line_1_107' title="bbox 1238 2391 2363 2444; baseline -0.004 -10"><span class='ocrx_word' id='word_1_724' title='bbox 1238 2396 1329 2434; x_wconf 83' lang='lat' dir='ltr'><em>facit</em></span> <span class='ocrx_word' id='word_1_725' title='bbox 1351 2393 1552 2433; x_wconf 76' lang='lat' dir='ltr'><em>Ecclesia?</em></span> <span class='ocrx_word' id='word_1_726' title='bbox 1582 2394 1774 2441; x_wconf 82' lang='lat' dir='ltr'><em>Ulterius,</em></span> <span class='ocrx_word' id='word_1_727' title='bbox 1803 2394 1902 2432; x_wconf 87' lang='lat' dir='ltr'><em>Sess.</em></span> <span class='ocrx_word' id='word_1_728' title='bbox 1924 2391 2033 2430; x_wconf 88' lang='lat' dir='ltr'><strong>XIV.</strong></span> <span class='ocrx_word' id='word_1_729' title='bbox 2061 2406 2147 2444; x_wconf 81' lang='lat' dir='ltr'><em>cap.</em></span> <span class='ocrx_word' id='word_1_730' title='bbox 2162 2391 2201 2430; x_wconf 87' lang='grc'><em>6.</em></span> <span class='ocrx_word' id='word_1_731' title='bbox 2231 2392 2363 2430; x_wconf 83' lang='lat' dir='ltr'><em>decer·</em></span> 
     </span>
     <span class='ocr_line' id='line_1_108' title="bbox 1236 2446 2361 2497; baseline -0.003 -10"><span class='ocrx_word' id='word_1_732' title='bbox 1236 2450 1364 2497; x_wconf 83' lang='lat' dir='ltr'><em>nitur,</em></span> <span class='ocrx_word' id='word_1_733' title='bbox 1394 2449 1671 2486; x_wconf 84' lang='lat' dir='ltr'><em>absolutionem</em></span> <span class='ocrx_word' id='word_1_734' title='bbox 1685 2447 1896 2485; x_wconf 81' lang='lat' dir='ltr'><em>Sacerdotis</em></span> <span class='ocrx_word' id='word_1_735' title='bbox 1925 2459 2004 2483; x_wconf 85' lang='lat' dir='ltr'><em>non</em></span> <span class='ocrx_word' id='word_1_736' title='bbox 2035 2459 2122 2484; x_wconf 83' lang='lat' dir='ltr'><em>esse</em></span> <span class='ocrx_word' id='word_1_737' title='bbox 2141 2446 2269 2484; x_wconf 86' lang='lat' dir='ltr'><em>solum</em></span> <span class='ocrx_word' id='word_1_738' title='bbox 2288 2459 2361 2484; x_wconf 82' lang='lat' dir='ltr'><em>nu-</em></span> 
     </span>
     <span class='ocr_line' id='line_1_109' title="bbox 1235 2497 2361 2551; baseline -0.004 -12"><span class='ocrx_word' id='word_1_739' title='bbox 1235 2502 1330 2540; x_wconf 85' lang='lat' dir='ltr'><em>dum</em></span> <span class='ocrx_word' id='word_1_740' title='bbox 1361 2506 1624 2540; x_wconf 82' lang='lat' dir='ltr'><em>ministerium</em></span> <span class='ocrx_word' id='word_1_741' title='bbox 1642 2531 1652 2549; x_wconf 81' lang='lat'>‚</span> <span class='ocrx_word' id='word_1_742' title='bbox 1681 2502 1739 2539; x_wconf 68' lang='lat' dir='ltr'><em>rel</em></span> <span class='ocrx_word' id='word_1_743' title='bbox 1766 2499 2044 2538; x_wconf 67' lang='lat' dir='ltr'><em>annunciantli</em></span> <span class='ocrx_word' id='word_1_744' title='bbox 2064 2497 2361 2551; x_wconf 59' lang='lat' dir='ltr'><em>Evangeliurzz,</em></span> 
     </span>
     <span class='ocr_line' id='line_1_110' title="bbox 1235 2552 2360 2604; baseline -0.004 -9"><span class='ocrx_word' id='word_1_745' title='bbox 1235 2558 1292 2595; x_wconf 75' lang='lat' dir='ltr'><em>vel</em></span> <span class='ocrx_word' id='word_1_746' title='bbox 1320 2554 1554 2593; x_wconf 76' lang='lat' dir='ltr'><em>declarandi</em></span> <span class='ocrx_word' id='word_1_747' title='bbox 1585 2558 1757 2593; x_wconf 81' lang='lat' dir='ltr'><em>remissa</em></span> <span class='ocrx_word' id='word_1_748' title='bbox 1799 2567 1885 2592; x_wconf 84' lang='lat' dir='ltr'><em>esse</em></span> <span class='ocrx_word' id='word_1_749' title='bbox 1923 2562 2122 2604; x_wconf 82' lang='lat' dir='ltr'><em>peccata,</em></span> <span class='ocrx_word' id='word_1_750' title='bbox 2165 2552 2235 2591; x_wconf 59' lang='lat' dir='ltr'><em>secl</em></span> <span class='ocrx_word' id='word_1_751' title='bbox 2271 2566 2360 2591; x_wconf 83' lang='lat' dir='ltr'><em>esse</em></span> 
     </span>
     <span class='ocr_line' id='line_1_111' title="bbox 1234 2605 2361 2661; baseline -0.003 -14"><span class='ocrx_word' id='word_1_752' title='bbox 1234 2609 1290 2648; x_wconf 71' lang='lat' dir='ltr'><em>acl</em></span> <span class='ocrx_word' id='word_1_753' title='bbox 1318 2613 1448 2647; x_wconf 81' lang='lat' dir='ltr'><em>instar</em></span> <span class='ocrx_word' id='word_1_754' title='bbox 1476 2618 1591 2646; x_wconf 84' lang='lat' dir='ltr'><em>actus</em></span> <span class='ocrx_word' id='word_1_755' title='bbox 1614 2607 1820 2661; x_wconf 70' lang='lat' dir='ltr'><em>judicialis</em></span> <span class='ocrx_word' id='word_1_756' title='bbox 1837 2637 1847 2655; x_wconf 90' lang='lat'><strong>‚</strong></span> <span class='ocrx_word' id='word_1_757' title='bbox 1885 2620 1958 2658; x_wconf 84' lang='lat' dir='ltr'><em>quo</em></span> <span class='ocrx_word' id='word_1_758' title='bbox 1987 2605 2038 2644; x_wconf 83' lang='lat' dir='ltr'><em>ab</em></span> <span class='ocrx_word' id='word_1_759' title='bbox 2066 2611 2173 2656; x_wconf 86' lang='lat' dir='ltr'><em>ipso,</em></span> <span class='ocrx_word' id='word_1_760' title='bbox 2204 2607 2303 2644; x_wconf 57' lang='lat' dir='ltr'><em>velut</em></span> <span class='ocrx_word' id='word_1_761' title='bbox 2331 2619 2361 2644; x_wconf 81' lang='lat' dir='ltr'><em>a</em></span> 
     </span>
     <span class='ocr_line' id='line_1_112' title="bbox 1228 2660 2360 2716; baseline -0.002 -16"><span class='ocrx_word' id='word_1_762' title='bbox 1228 2663 1387 2716; x_wconf 78' lang='lat' dir='ltr'><em>judice,</em></span> <span class='ocrx_word' id='word_1_763' title='bbox 1423 2666 1623 2702; x_wconf 82' lang='lat' dir='ltr'><em>sententia</em></span> <span class='ocrx_word' id='word_1_764' title='bbox 1652 2665 1965 2714; x_wconf 84' lang='lat' dir='ltr'><em>pronunciatur.</em></span> <span class='ocrx_word' id='word_1_765' title='bbox 2009 2660 2106 2708; x_wconf 88' lang='lat' dir='ltr'><em>Quis</em></span> <span class='ocrx_word' id='word_1_766' title='bbox 2133 2668 2262 2698; x_wconf 80' lang='lat' dir='ltr'><em>autem</em></span> <span class='ocrx_word' id='word_1_767' title='bbox 2292 2675 2360 2698; x_wconf 82' lang='lat' dir='ltr'><em>ne-</em></span> 
     </span>
     <span class='ocr_line' id='line_1_113' title="bbox 1230 2713 2357 2769; baseline -0.004 -14"><span class='ocrx_word' id='word_1_768' title='bbox 1230 2717 1402 2769; x_wconf 79' lang='lat' dir='ltr'><em>gaverit,</em></span> <span class='ocrx_word' id='word_1_769' title='bbox 1444 2718 1491 2755; x_wconf 92' lang='lat' dir='ltr'><em>ad</em></span> <span class='ocrx_word' id='word_1_770' title='bbox 1520 2725 1647 2755; x_wconf 85' lang='lat' dir='ltr'><em>actum</em></span> <span class='ocrx_word' id='word_1_771' title='bbox 1671 2715 1909 2769; x_wconf 77' lang='lat' dir='ltr'><em>judicialem</em></span> <span class='ocrx_word' id='word_1_772' title='bbox 1947 2713 2170 2752; x_wconf 86' lang='lat' dir='ltr'><em>absolvendi</em></span> <span class='ocrx_word' id='word_1_773' title='bbox 2208 2714 2357 2766; x_wconf 79' lang='lat' dir='ltr'><em>requiri</em></span> 
     </span>
    </p>
   </div>
   <div class='ocr_carea' id='block_1_12' title="bbox 1230 2765 2361 2859">
    <p class='ocr_par' dir='ltr' id='par_1_16' title="bbox 1230 2765 2361 2859">
     <span class='ocr_line' id='line_1_114' title="bbox 1230 2765 2361 2822; baseline -0.005 -12"><span class='ocrx_word' id='word_1_774' title='bbox 1230 2773 1422 2810; x_wconf 80' lang='lat' dir='ltr'><em>internam</em></span> <span class='ocrx_word' id='word_1_775' title='bbox 1453 2769 1701 2819; x_wconf 80' lang='lat' dir='ltr'><em>vetitionem,</em></span> <span class='ocrx_word' id='word_1_776' title='bbox 1731 2784 1807 2822; x_wconf 83' lang='lat' dir='ltr'><em>qua</em></span> <span class='ocrx_word' id='word_1_777' title='bbox 1823 2765 2004 2807; x_wconf 82' lang='lat' dir='ltr'><em>Sacerdos</em></span> <span class='ocrx_word' id='word_1_778' title='bbox 2033 2767 2203 2806; x_wconf 81' lang='lat' dir='ltr'><em>intendat</em></span> <span class='ocrx_word' id='word_1_779' title='bbox 2233 2768 2361 2818; x_wconf 82' lang='lat' dir='ltr'><em>poeui-</em></span> 
     </span>
     <span class='ocr_line' id='line_1_115' title="bbox 1339 2830 2307 2859; baseline -0.003 3"><span class='ocrx_word' id='word_1_780' title='bbox 1339 2836 1343 2840; x_wconf 67' lang='lat'><strong><em>⁴</em></strong></span> <span class='ocrx_word' id='word_1_781' title='bbox 2226 2830 2307 2859; x_wconf 84' lang='lat' dir='ltr'><em>teu-</em></span> 
     </span>
    </p>
   </div>
   <div class='ocr_carea' id='block_1_13' title="bbox 1234 2905 2358 3365">
    <p class='ocr_par' dir='ltr' id='par_1_17' title="bbox 1235 2905 2358 2991">
     <span class='ocr_line' id='line_1_116' title="bbox 1235 2905 2358 2950; baseline -0.005 -6"><span class='ocrx_word' id='word_1_782' title='bbox 1235 2922 1316 2944; x_wconf 88' lang='lat' dir='ltr'><em>men</em></span> <span class='ocrx_word' id='word_1_783' title='bbox 1335 2909 1447 2943; x_wconf 79' lang='lat' dir='ltr'><em>fassus</em></span> <span class='ocrx_word' id='word_1_784' title='bbox 1465 2916 1515 2942; x_wconf 85' lang='lat' dir='ltr'><em>est</em></span> <span class='ocrx_word' id='word_1_785' title='bbox 1535 2907 1612 2941; x_wconf 85' lang='lat' dir='ltr'><em>Lib.</em></span> <span class='ocrx_word' id='word_1_786' title='bbox 1631 2907 1675 2941; x_wconf 89' lang='lat' dir='ltr'><em>V.</em></span> <span class='ocrx_word' id='word_1_787' title='bbox 1702 2905 1758 2940; x_wconf 86' lang='lat' dir='ltr'><em>De</em></span> <span class='ocrx_word' id='word_1_788' title='bbox 1774 2905 1911 2950; x_wconf 72' lang='lat' dir='ltr'><em>Repuhl.</em></span> <span class='ocrx_word' id='word_1_789' title='bbox 1933 2905 2073 2939; x_wconf 77' lang='lat' dir='ltr'><em>Eccles.</em></span> <span class='ocrx_word' id='word_1_790' title='bbox 2095 2916 2170 2949; x_wconf 82' lang='lat' dir='ltr'><em>cap.</em></span> <span class='ocrx_word' id='word_1_791' title='bbox 2185 2915 2237 2938; x_wconf 84' lang='lat'><em>12.</em></span> <span class='ocrx_word' id='word_1_792' title='bbox 2255 2927 2266 2945; x_wconf 92' lang='lat'>‚</span> <span class='ocrx_word' id='word_1_793' title='bbox 2291 2905 2358 2938; x_wconf 74' lang='lat' dir='ltr'><em>Ca-</em></span> 
     </span>
     <span class='ocr_line' id='line_1_117' title="bbox 1238 2951 2196 2991; baseline -0.008 0"><span class='ocrx_word' id='word_1_794' title='bbox 1238 2957 1416 2991; x_wconf 82' lang='lat' dir='ltr'><em>thariniun</em></span> <span class='ocrx_word' id='word_1_795' title='bbox 1443 2968 1515 2988; x_wconf 68' lang='lat' dir='ltr'><em>esse</em></span> <span class='ocrx_word' id='word_1_796' title='bbox 1542 2967 1560 2987; x_wconf 82' lang='lat' dir='ltr'><em>a</em></span> <span class='ocrx_word' id='word_1_797' title='bbox 1587 2966 1648 2987; x_wconf 85' lang='lat' dir='ltr'><em>sua</em></span> <span class='ocrx_word' id='word_1_798' title='bbox 1674 2956 1846 2986; x_wconf 67' lang='lat' dir='ltr'><em>sententia</em></span> <span class='ocrx_word' id='word_1_799' title='bbox 1870 2951 1970 2984; x_wconf 80' lang='lat' dir='ltr'><em>vaIde</em></span> <span class='ocrx_word' id='word_1_800' title='bbox 1997 2962 2170 2985; x_wconf 70' lang='lat' dir='ltr'><em>remotum</em></span> <span class='ocrx_word' id='word_1_801' title='bbox 2187 2975 2196 2983; x_wconf 88' lang='lat'><strong>.</strong></span> 
     </span>
    </p>

    <p class='ocr_par' dir='ltr' id='par_1_18' title="bbox 1234 2998 2357 3365">
     <span class='ocr_line' id='line_1_118' title="bbox 1284 2998 2357 3044; baseline -0.007 -8"><span class='ocrx_word' id='word_1_802' title='bbox 1284 3005 1331 3043; x_wconf 81' lang='lat' dir='ltr'><em>(b)</em></span> <span class='ocrx_word' id='word_1_803' title='bbox 1365 3003 1486 3035; x_wconf 87' lang='lat' dir='ltr'><em>Franc.</em></span> <span class='ocrx_word' id='word_1_804' title='bbox 1514 3002 1636 3035; x_wconf 77' lang='lat' dir='ltr'><em>Henno</em></span> <span class='ocrx_word' id='word_1_805' title='bbox 1663 3000 1859 3043; x_wconf 73' lang='lat' dir='ltr'><em>Tlieologus</em></span> <span class='ocrx_word' id='word_1_806' title='bbox 1885 2999 1988 3043; x_wconf 80' lang='lat' dir='ltr'><em>Belga</em></span> <span class='ocrx_word' id='word_1_807' title='bbox 2023 2998 2114 3032; x_wconf 79' lang='lat' dir='ltr'><em>hanc</em></span> <span class='ocrx_word' id='word_1_808' title='bbox 2151 2999 2357 3044; x_wconf 85' lang='lat' dir='ltr'><em>propositio-</em></span> 
     </span>
     <span class='ocr_line' id='line_1_119' title="bbox 1236 3044 2356 3094; baseline -0.009 -9"><span class='ocrx_word' id='word_1_809' title='bbox 1236 3063 1315 3084; x_wconf 80' lang='lat' dir='ltr'><em>nem</em></span> <span class='ocrx_word' id='word_1_810' title='bbox 1340 3049 1560 3094; x_wconf 71' lang='lat' dir='ltr'><em>desumptam</em></span> <span class='ocrx_word' id='word_1_811' title='bbox 1587 3048 1691 3080; x_wconf 79' lang='lat' dir='ltr'><em>fnisse</em></span> <span class='ocrx_word' id='word_1_812' title='bbox 1720 3056 1867 3079; x_wconf 73' lang='lat' dir='ltr'><em>testatur</em></span> <span class='ocrx_word' id='word_1_813' title='bbox 1893 3058 1934 3080; x_wconf 79' lang='lat' dir='ltr'><em>ex</em></span> <span class='ocrx_word' id='word_1_814' title='bbox 1961 3046 2136 3080; x_wconf 80' lang='lat' dir='ltr'><em>Thesibns</em></span> <span class='ocrx_word' id='word_1_815' title='bbox 2174 3044 2356 3089; x_wconf 63' lang='lat' dir='ltr'><em>cnjnsdzm</em></span> 
     </span>
     <span class='ocr_line' id='line_1_120' title="bbox 1234 3091 2356 3139; baseline -0.01 -7"><span class='ocrx_word' id='word_1_816' title='bbox 1234 3097 1426 3135; x_wconf 63' lang='lat' dir='ltr'><em>Domui-is,</em></span> <span class='ocrx_word' id='word_1_817' title='bbox 1464 3108 1522 3139; x_wconf 82' lang='lat' dir='ltr'><em>qm</em></span> <span class='ocrx_word' id='word_1_818' title='bbox 1554 3107 1619 3127; x_wconf 85' lang='lat' dir='ltr'><em>non</em></span> <span class='ocrx_word' id='word_1_819' title='bbox 1646 3092 1951 3132; x_wconf 80' lang='lat' dir='ltr'><em>Lutlieranorum,</em></span> <span class='ocrx_word' id='word_1_820' title='bbox 1989 3091 2046 3125; x_wconf 83' lang='lat' dir='ltr'><em>sed</em></span> <span class='ocrx_word' id='word_1_821' title='bbox 2071 3091 2253 3126; x_wconf 76' lang='lat' dir='ltr'><em>Catharini</em></span> <span class='ocrx_word' id='word_1_822' title='bbox 2278 3103 2356 3123; x_wconf 70' lang='lat' dir='ltr'><em>sen-</em></span> 
     </span>
     <span class='ocr_line' id='line_1_121' title="bbox 1235 3139 2355 3184; baseline -0.01 -6"><span class='ocrx_word' id='word_1_823' title='bbox 1235 3145 1382 3178; x_wconf 85' lang='lat' dir='ltr'><em>tentiam</em></span> <span class='ocrx_word' id='word_1_824' title='bbox 1407 3140 1637 3175; x_wconf 72' lang='lat' dir='ltr'><em>defendebat.</em></span> <span class='ocrx_word' id='word_1_825' title='bbox 1678 3139 1772 3172; x_wconf 84' lang='lat' dir='ltr'><em>Idem</em></span> <span class='ocrx_word' id='word_1_826' title='bbox 1799 3149 1949 3173; x_wconf 76' lang='lat' dir='ltr'><em>testatur</em></span> <span class='ocrx_word' id='word_1_827' title='bbox 1974 3151 2111 3184; x_wconf 77' lang='lat' dir='ltr'><em>qunque</em></span> <span class='ocrx_word' id='word_1_828' title='bbox 2139 3139 2308 3172; x_wconf 76' lang='lat' dir='ltr'><em>ilenricns</em></span> <span class='ocrx_word' id='word_1_829' title='bbox 2335 3147 2355 3167; x_wconf 76' lang='lat' dir='ltr'><em>a</em></span> 
     </span>
     <span class='ocr_line' id='line_1_122' title="bbox 1235 3180 2354 3234; baseline -0.009 -11"><span class='ocrx_word' id='word_1_830' title='bbox 1235 3192 1268 3223; x_wconf 87' lang='lat' dir='ltr'><em>S.</em></span> <span class='ocrx_word' id='word_1_831' title='bbox 1300 3190 1433 3234; x_wconf 79' lang='lat' dir='ltr'><em>Ignatio</em></span> <span class='ocrx_word' id='word_1_832' title='bbox 1454 3189 1528 3221; x_wconf 78' lang='lat' dir='ltr'><em>Lib.</em></span> <span class='ocrx_word' id='word_1_833' title='bbox 1553 3189 1574 3219; x_wconf 89' lang='lat' dir='ltr'><em>I.</em></span> <span class='ocrx_word' id='word_1_834' title='bbox 1605 3186 1657 3219; x_wconf 84' lang='lat' dir='ltr'><em>De</em></span> <span class='ocrx_word' id='word_1_835' title='bbox 1685 3187 1899 3220; x_wconf 67' lang='lat' dir='ltr'><em>Sace-ament.</em></span> <span class='ocrx_word' id='word_1_836' title='bbox 1927 3199 2002 3231; x_wconf 80' lang='lat' dir='ltr'><em>cap.</em></span> <span class='ocrx_word' id='word_1_837' title='bbox 2026 3198 2104 3226; x_wconf 85' lang='lat'>11.‚</span> <span class='ocrx_word' id='word_1_838' title='bbox 2130 3183 2218 3219; x_wconf 85' lang='lat' dir='ltr'><em>unde</em></span> <span class='ocrx_word' id='word_1_839' title='bbox 2246 3180 2354 3225; x_wconf 72' lang='lat' dir='ltr'><em>aliqui</em></span> 
     </span>
     <span class='ocr_line' id='line_1_123' title="bbox 1236 3232 2352 3280; baseline -0.007 -12"><span class='ocrx_word' id='word_1_840' title='bbox 1236 3236 1391 3268; x_wconf 76' lang='lat' dir='ltr'><em>inferunt</em></span> <span class='ocrx_word' id='word_1_841' title='bbox 1408 3258 1418 3276; x_wconf 88' lang='lat'><em>,</em></span> <span class='ocrx_word' id='word_1_842' title='bbox 1454 3234 1664 3280; x_wconf 69' lang='lat' dir='ltr'><em>ipsissimam</em></span> <span class='ocrx_word' id='word_1_843' title='bbox 1692 3233 1875 3266; x_wconf 69' lang='lat' dir='ltr'><em>Gathar-ini</em></span> <span class='ocrx_word' id='word_1_844' title='bbox 1899 3233 2098 3278; x_wconf 72' lang='lat' dir='ltr'><em>opinionem</em></span> <span class='ocrx_word' id='word_1_845' title='bbox 2125 3232 2229 3264; x_wconf 77' lang='lat' dir='ltr'><em>fuisse</em></span> <span class='ocrx_word' id='word_1_846' title='bbox 2256 3237 2352 3260; x_wconf 72' lang='lat' dir='ltr'><em>sacro</em></span> 
     </span>
     <span class='ocr_line' id='line_1_124' title="bbox 1235 3276 2351 3325; baseline -0.006 -10"><span class='ocrx_word' id='word_1_847' title='bbox 1235 3283 1336 3315; x_wconf 61' lang='lat' dir='ltr'><em>eluto</em></span> <span class='ocrx_word' id='word_1_848' title='bbox 1363 3282 1534 3315; x_wconf 78' lang='lat' dir='ltr'><em>confixam</em></span> <span class='ocrx_word' id='word_1_849' title='bbox 1551 3304 1558 3312; x_wconf 90' lang='lat'><em>.</em></span> <span class='ocrx_word' id='word_1_850' title='bbox 1588 3279 1651 3313; x_wconf 75' lang='lat' dir='ltr'><em>sed</em></span> <span class='ocrx_word' id='word_1_851' title='bbox 1672 3289 1891 3324; x_wconf 77' lang='lat' dir='ltr'><em>repugnant,</em></span> <span class='ocrx_word' id='word_1_852' title='bbox 1917 3291 1994 3325; x_wconf 76' lang='lat' dir='ltr'><em>quae</em></span> <span class='ocrx_word' id='word_1_853' title='bbox 2020 3290 2125 3323; x_wconf 78' lang='lat' dir='ltr'><em>supra</em></span> <span class='ocrx_word' id='word_1_854' title='bbox 2149 3290 2183 3310; x_wconf 81' lang='lat' dir='ltr'><em>n·</em></span> <span class='ocrx_word' id='word_1_855' title='bbox 2203 3276 2280 3312; x_wconf 67' lang='lat'><strong>203·</strong></span> <span class='ocrx_word' id='word_1_856' title='bbox 2306 3281 2351 3303; x_wconf 68' lang='lat'><em>&lt;¹⁸</em></span> 
     </span>
     <span class='ocr_line' id='line_1_125' title="bbox 1236 3327 1778 3365; baseline -0.004 -4"><span class='ocrx_word' id='word_1_857' title='bbox 1236 3327 1422 3364; x_wconf 77' lang='lat' dir='ltr'><em>Benedicto</em></span> <span class='ocrx_word' id='word_1_858' title='bbox 1445 3329 1543 3365; x_wconf 84' lang='lat' dir='ltr'><strong>XIV·</strong></span> <span class='ocrx_word' id='word_1_859' title='bbox 1570 3327 1778 3364; x_wconf 76' lang='lat' dir='ltr'><em>attulimus.</em></span> 
     </span>
    </p>
   </div>
  </div>
 </body>
</html>
