2605 3624
636 124 715 171 DE
750 122 1030 168 lN'rEstNA
1069 121 1346 165 MiMsTnl
1381 121 1796 165 INTENTIONE.

88 211 249 251 instituit
277 210 323 249 ad
354 209 467 247 instar
498 205 594 245 bene
635 205 820 242 ordinatas
865 202 1118 254 reipublicae,
1163 202 1202 239 in

112 279 160 304 ua
191 273 229 303 ιιι
257 263 417 302 ministri
446 259 572 298 debite
599 258 678 296 sais
708 258 912 308 fungantur
931 255 1095 304 officiis,
1125 257 1201 293 suf-

81 319 166 356 neit
194 329 255 355 eos
283 314 449 367 graviter
477 313 510 350 ἃ
539 312 637 350 serio
665 312 826 348 exterius
855 323 892 347 se
919 322 1066 361 gerere:
1103 308 1200 348 nihil

74 379 201 409 autem
231 371 412 414 interest,
442 367 470 404 si
502 366 733 404 contrariam
765 366 892 401 attinio
914 363 1114 401 recondant
1146 364 1202 400 in-

78 424 307 462 tentionem.
355 419 420 457 Sic
452 420 602 466 Arnan,
645 419 822 469 quamvis
852 417 1009 454 interius
1048 417 1203 455 omnino

70 476 214 515 invitus
237 503 248 522 ,
278 483 404 512 tamen
436 472 656 510 honorando
676 470 983 517 Mardoctunun»,
1014 470 1202 508 mandatis

78 527 184 580 liegis
214 527 416 565 satisfecit.
456 526 496 564 ld
525 539 569 562 eo
597 526 716 575 magis
765 524 925 562 sufficiet
955 524 992 561 in
1022 524 1202 561 ministris

70 582 422 627 sacramentorum,
438 581 529 632 quia
547 579 629 616 liaec
645 587 757 617 totam
776 580 950 615 virtutem
969 591 1076 614 suam
1094 591 1162 614 nnn
1179 591 1202 614 a

70 634 235 673 ministri
270 634 502 681 intentione,
532 633 595 670 sed
624 647 645 670 a
678 632 825 670 Christo
854 632 1064 668 institutore
1093 631 1201 667 desu-

67 694 177 732 munt
192 712 203 724 .
222 687 286 725 ΙΙΙ.
302 686 487 725 Validum
506 695 558 724 est
572 685 879 732 Sacramentum,
897 685 926 721 si
944 685 1111 721 minister
1127 698 1198 722 non

73 740 243 778 intendat
263 740 434 778 conferre
450 740 612 792 gratiam
629 769 640 788 ,
670 748 733 777 aut
749 738 1005 777 characterem
1022 767 1032 784 ‚
1062 751 1199 789 quam·

73 795 129 832 vis
161 792 230 832 hoc
261 794 428 832 intendat
459 793 660 831 Ecclesia:
703 805 791 843 ergo
820 791 935 828 etiam
967 790 1137 837 valebit,
1168 792 1198 830 si

69 848 249 886 minister
277 860 350 886 non
380 847 546 885 intendat
578 847 701 884 facere
723 858 803 882 rem
823 857 968 882 sacram
987 873 996 890 ‚
1027 843 1088 881 sed
1113 857 1199 895 pro-

75 901 233 939 fanam.
274 899 342 938 IV.
373 898 595 938 Verisimile
624 911 700 937 non
730 907 808 946 est,
837 896 1033 936 Christum
1065 897 1199 935 Domi-

74 967 192 1002 num,
223 954 290 1006 qui
320 952 786 992 noluitSacramentorum
817 952 1067 1002 integritatem
1099 965 1121 988 a
1151 950 1197 988 fi-

76 1007 149 1054 de,
181 1006 240 1045 vel
271 1005 457 1058 probitate
488 1005 653 1043 ministri
686 1005 873 1056 pendere,
907 1005 1000 1055 quia
1030 1003 1111 1041 liaec
1143 1003 1197 1041 la-

75 1067 150 1098 tent
169 1089 179 1107 ,
209 1058 371 1096 voluisse
392 1067 518 1112 postea
547 1059 721 1097 eamdem
751 1059 998 1109 integritatem
1031 1058 1197 1109 pendere

71 1112 121 1150 ab
153 1113 380 1160 intentione,
410 1127 497 1165 quae
528 1111 651 1151 adhuc
672 1111 854 1149 occultior
875 1121 954 1156 est;
983 1124 1101 1162 eoque
1123 1113 1196 1150 mi-

69 1179 139 1204 nus
170 1164 240 1204 lioc
269 1165 477 1204 verisimile
506 1174 582 1214 est,
612 1165 705 1217 quia
734 1164 824 1202 ordo
850 1164 1098 1217 providentiae
1131 1177 1196 1216 po·

69 1217 262 1267 stillabat,
293 1227 331 1256 ut
360 1219 492 1258 fideles
506 1221 643 1258 ‘omnia
663 1219 708 1256 ad
729 1218 965 1257 Sacramenti
997 1220 1195 1257 essentiam

72 1272 273 1320 viderent,
303 1287 351 1311 ne
371 1274 633 1312 ministrorum
666 1272 798 1310 fraude
829 1274 866 1310 in
897 1285 934 1309 re
964 1280 1040 1309 tam
1073 1286 1197 1310 neces-

67 1326 169 1363 saria
195 1325 462 1378 deciperentur
480 1353 490 1366 .
535 1326 584 1365 V.
615 1326 739 1364 Posita
769 1327 988 1364 necessitate
1017 1327 1196 1364 intentio-

67 1378 128 1417 nis
156 1377 315 1417 occultoe
335 1410 345 1428 ‚
376 1380 460 1419 fieri
491 1389 637 1433 posset,
683 1388 721 1418 ut
752 1379 925 1418 Ecclesia
954 1387 1028 1417 tota
1056 1379 1195 1418 defice-

70 1438 156 1470 ret.
185 1431 226 1469 Si
255 1433 359 1471 enim
387 1447 464 1472 non
494 1433 618 1474 valide
648 1433 855 1486 baptizatus
873 1463 883 1482 ‚
928 1432 987 1472 vel
1022 1447 1098 1472 non
1129 1448 1193 1471 va-

68 1482 146 1522 lide
173 1485 366 1525 ordinatus
395 1487 502 1526 fieret
531 1488 771 1540 Episcopus,
801 1497 864 1525 aut
892 1486 1076 1526 Summus
1098 1487 1192 1525 l’on-

63 1538 157 1576 tifex
178 1567 190 1585 ‚
231 1539 380 1578 defectu
410 1541 638 1580 characteris
666 1540 787 1578 nullae
817 1550 934 1579 esseut
962 1554 1094 1579 omnes
1123 1542 1194 1579 Or-

64 1590 274 1631 dinationes
304 1593 354 1632 ab
383 1607 426 1632 eo
455 1596 594 1639 factae3
637 1595 670 1631 St
705 1597 757 1632 sic
795 1595 973 1646 deinceps
1008 1594 1191 1633 invalidae

62 1657 217 1697 quoque
245 1655 363 1684 essent
390 1649 547 1686 istorum
564 1648 832 1685 Ordinationes
849 1677 859 1694 ,
888 1661 1087 1698 quousque
1110 1656 1190 1685 tan-

62 1698 150 1734 dem
190 1701 375 1737 successio
416 1701 655 1738 sacerdotum
699 1703 736 1738 in
767 1699 941 1737 Ecclesia
983 1700 1188 1738 deficeret.

65 1748 135 1786 vi.
164 1749 411 1791 Sacramenta
439 1767 528 1791 cum
558 1766 602 1790 ex
632 1766 746 1805 opere
775 1762 929 1804 operato
959 1767 1070 1790 suum
1102 1766 1187 1805 pro-

62 1801 206 1840 ducant
235 1803 411 1843 effectnm
430 1836 441 1846 ,
480 1817 563 1844 sunt
593 1821 717 1844 causae
750 1807 997 1851 necessariae3
1041 1807 1080 1843 in
1113 1807 1189 1844 istis

64 1863 192 1893 autem
222 1871 296 1897 non
326 1860 534 1911 requiritur
562 1860 693 1913 aliqua
725 1861 909 1907 intentio,
954 1859 1017 1897 sed
1047 1859 1189 1897 sufficit

64 1908 271 1959 applicatio
301 1912 434 1950 fsmnae
464 1913 510 1950 ad
543 1915 764 1951 materiam:
809 1914 863 1950 sic
905 1912 1056 1950 admoto
1100 1915 1187 1964 igne

51 1963 234 1999 -maieriae
251 1964 514 2003 conibustibili
531 1995 541 2014 ‚
572 1967 781 2004 necessario
797 1966 920 2016 prodit
941 1966 1186 2004 incendium.

62 2012 208 2053 Eadem
267 2029 387 2055 rorsus
416 2019 585 2066 ratione,
616 2020 646 2056 si
678 2020 851 2056 minister
882 2020 1051 2056 materiae
1080 2018 1187 2056 debi-

61 2074 140 2105 tam
160 2031 326 2122 applicet
348 2071 508 2109 formam
526 2102 536 2120 ‚
565 2071 856 2110 Sacramentum
878 2071 1082 2110 conficitur
1098 2102 1108 2120 ,
1138 2071 1186 2110 li-

59 2133 118 2158 cet
147 2121 211 2160 ille
240 2123 388 2162 nullam
419 2123 554 2163 habeat
585 2126 710 2176 ipsum
739 2124 969 2164 conficiendi
1009 2126 1186 2164 intentio-

61 2186 147 2222 nem
166 2201 176 2213 .
207 2175 499 2226 Vll.Quamvis
529 2181 684 2217 interius
715 2178 827 2216 homo
847 2181 1070 2228 constituat,
1102 2179 1185 2217 nol-

64 2225 101 2264 le
130 2242 167 2265 se
196 2229 320 2268 facere
350 2245 432 2269 rem
461 2245 637 2281 sacram,
679 2233 708 2270 si
741 2241 866 2270 tamen
904 2234 1068 2271 exterius
1098 2248 1183 2272 eam

62 2281 188 2332 reipsa
217 2282 357 2332 faciat,
400 2294 488 2324 tunc
532 2287 657 2337 prima
687 2285 860 2324 voluntas
890 2286 1133 2338 superabitur
1161 2303 1184 2326 a

62 2333 252 2384 secunda,
293 2350 381 2389 quae
411 2347 465 2377 est
494 2339 650 2388 fortior,
687 2339 721 2376 &
781 2341 877 2378 rima
906 2354 980 2379 non
1013 2343 1081 2378 erit
1111 2342 1181 2380 nisi

61 2399 168 2424 mera
197 2389 397 2437 velleitas;
426 2394 535 2431 sicuti
565 2406 672 2431 mera
701 2355 872 2432 velleitas
894 2402 1090 2446 reputatur
1113 2394 1181 2433 illa

62 2444 307 2499 mercatoris,
335 2445 403 2497 qui
435 2459 578 2485 merces
592 2446 738 2486 salvare
754 2447 895 2496 vellet,
928 2462 1021 2499 quas
1052 2457 1179 2486 tamen

59 2501 194 2554 timore
224 2499 412 2551 naufragii
441 2509 527 2538 actu
557 2502 596 2539 in
627 2515 732 2539 mare
775 2501 953 2553 projicit.
1005 2501 1109 2539 Vlll.
1140 2502 1181 2540 Si

62 2544 202 2598 aliquis
230 2553 394 2590 exterius
434 2552 600 2592 adoleret
638 2554 766 2603 idolo,
811 2557 991 2607 quamvis
1025 2556 1182 2594 interius

59 2603 356 2649 superstitiosum
388 2605 488 2646 liunc
509 2607 656 2646 cultum
678 2619 918 2647 execraretur
935 2639 945 2657 ‚
977 2609 1183 2647 haberetur

63 2658 188 2690 tamen
217 2657 408 2711 sacrilegas
440 2660 666 2700 idololatrias
689 2674 794 2700 reus:
826 2677 915 2714 ergo
945 2665 1088 2715 pariter
1108 2663 1180 2702 &c-

65 2702 414 2763 lX.Ju·ramentum
443 2724 593 2753 externe
623 2717 766 2755 sactum
789 2716 914 2764 valet,
944 2718 1091 2755 etiamsi
1124 2718 1177 2755 in-

64 2765 167 2796 terna
197 2766 347 2820 jurandi
377 2767 531 2806 intentio
557 2770 681 2818 desit,
719 2769 826 2822 juxta
856 2769 951 2808 illud
984 2771 1183 2822 Euripidis

61 2824 86 2847 a
116 2809 242 2850 Vellto
264 2816 349 2855 Lib.
370 2819 436 2858 lll.
467 2821 530 2860 De
559 2823 697 2871 officiis
726 2824 915 2862 relatum:
943 2823 1079 2862 Jicrtzvc'
1109 2825 1182 2861 lin-

59 2877 170 2953 ῗυιι,
216 2879 387 2909 'nentem
416 2876 640 2922 injuratum
669 2891 807 2915 servo:
851 2887 965 2929 atque
1003 2880 1051 2917 ita
1083 2879 1183 2917 valet

77 2928 360 2977 ›oc-externum
390 2924 675 2978 juramentum,
719 2941 757 2968 ut
786 2933 854 2983 qui
898 2930 994 2969 illud
1034 2931 1180 2981 violat,

60 2982 244 3034 perjurus
275 2975 479 3017 habeatur.
529 2982 631 3019 ldem
660 2984 865 3022 dicendum
894 2985 939 3022 de
968 2995 1052 3023 voto
1080 2997 1180 3023 exte-

59 3035 143 3062 rius
171 3041 305 3065 emisso
335 3031 415 3067 sine
457 3034 605 3071 interna
648 3036 851 3074 intentione
893 3052 930 3074 se
959 3038 1182 3090 obiigindi3

60 3086 144 3116 tum
176 3082 290 3119 etiam
319 3083 365 3120 de
395 3086 638 3123 matrimonio
658 3116 668 3133 ‚
712 3089 751 3124 in
793 3094 870 3140 quo
898 3093 1060 3130 exterius
1087 3093 1183 3130 dun-

61 3139 193 3182 taxat‚
224 3147 296 3173 non
327 3146 452 3174 autem
485 3139 640 3176 interior
659 3152 859 3178 consensus
878 3142 1086 3196 conjugum
1117 3145 1183 3183 lia-

64 3182 223 3225 beatur:
252 3202 340 3240 ergo
361 3193 500 3242 pariter
515 3191 803 3231 Sacramentum
835 3197 995 3233 exterius
1025 3198 1094 3234 rite
1123 3212 1184 3235 ce-

66 3234 254 3281 lebratum
272 3241 341 3282 ἃς.
371 3244 539 3285 Demum
570 3247 753 3283 sententia
781 3245 1052 3287 Catliariniana
1081 3263 1183 3287 com-

67 3291 282 3334 modissima
310 3307 363 3335 est
392 3299 438 3335 ad
468 3298 662 3350 scrupulos
692 3299 900 3346 tollendos,
941 3302 1008 3351 qui
1053 3303 1091 3338 in
1120 3315 1183 3339 no-

68 3353 142 3382 stra
170 3351 351 3392 sententia
380 3351 496 3392 facile
516 3362 740 3403 nascuntur,
771 3353 983 3392 nraesertim
1012 3354 1052 3392 in
1083 3363 1183 3396 tauta

770 3398 784 3406 a

2247 126 2326 164 153

1271 202 1479 252 impiorum
1511 202 1768 238 ministrorum
1801 201 1936 247 turbu
1983 202 2199 253 providetur
2234 202 2389 253 insuper

1271 254 1381 292 saluti
1412 263 1461 291 tot
1493 254 1724 301 infantium,
1767 255 1832 304 qui
1865 256 1942 291 sine
1973 256 2162 307 baptismo
2205 257 2242 293 in
2281 268 2386 292 auer-

1270 321 1364 344 num
1396 306 1600 358 peribunt,
1631 307 1657 343 si
1691 307 1727 343 iu
1759 307 1824 343 illo
1854 309 2100 346 ministrando
2131 319 2228 346 recta
2258 309 2388 346 dest-‚e-

1270 363 1318 398 rit
1341 362 1519 397 intentio.
1551 360 1644 397 Haec
1673 360 1893 396 summatim
1924 359 2081 398 collecta
2111 378 2193 400 sum
2223 363 2389 400 brevita-

1270 416 1318 452 tis
1346 414 1494 451 studio.

1327 465 1418 506 516.
1452 466 1559 518 Ιῖεερ.
1580 476 1707 504 autem
1728 465 1775 503 ad
1804 480 1858 514 r.,
1891 465 2132 503 salsissimum
2164 482 2258 515 esse,
2287 469 2387 520 quod

1269 520 1444 559 Ecclesia
1474 533 1550 557 non
1585 521 1696 557 suerit
1726 520 1771 556 de
1803 521 1949 557 interna
1986 521 2147 557 ministri
2187 523 2388 559 intentior-,e

1269 573 1460 612 sollicita.
1502 574 1605 620 Quid
1637 574 1738 610 enim
1769 573 1841 611 sibi
1873 571 2018 619 voluit,
2061 573 2213 624 quando
2255 584 2390 623 prmter

1270 629 1498 675 materiam,
1531 628 1722 674 sormam,
1752 626 1785 663 ἃ
1817 627 2057 673 ministrnm,
2095 625 2300 663 declaravit
2332 642 2391 663 nv-

1270 682 1471 718 cessariam
1502 694 1654 732 quoque
1682 695 1758 718 esse
1790 681 2032 717 intentionem
2064 679 2256 724 faciendi,
2292 683 2391 731 (stol

1266 735 1348 786 ipsa
1381 732 1498 772 facit?
1530 734 1619 772 Vid.
1650 747 1733 786 sup.
1758 748 1798 770 n.
1817 732 1935 777 268.;
1965 732 2012 770 th
2042 734 2218 785 quatrivis
2248 744 2392 770 contro-

1268 789 1430 826 versiam
1461 786 1559 826 lianc
1590 789 1687 826 inter
1708 786 1911 825 catholicos
1931 795 2098 824 exortam
2129 800 2299 838 expresse
2328 788 2392 823 de·

1268 840 1382 879 finire
1411 842 1606 889 noluerit,
1649 842 1802 894 quando
1830 851 1954 879 tamen
1985 851 2175 892 repertum
2207 850 2256 877 est
2275 871 2285 888 ,
2329 840 2394 877 de-

1268 895 1383 933 fuisse
1414 897 1602 934 internam
1632 896 1798 933 ministri
1828 896 2104 940 intentionem,
2148 896 2261 931 tutius
2290 892 2393 944 jndi-

1267 951 1367 986 cavit
1396 948 1640 987 Sacramenta
1672 950 1807 986 iterum
1852 948 2016 986 conferri
2037 974 2047 985 .
2093 947 2181 986 Vid.
2212 962 2325 999 supra
2356 962 2393 984 u.

1268 1000 1359 1040 513.
1389 1002 1569 1041 Minister
1599 1003 1729 1055 utique
1759 1003 1884 1049 vices,
1915 1003 1948 1037 ὅ(
1978 1015 2174 1054 personam
2208 1001 2392 1039 Ecclesiae

1265 1057 1446 1100 sustinet3
1477 1058 1537 1095 sed
1569 1055 1638 1094 liac
1670 1057 1782 1094 etiam
1804 1056 1850 1093 de
1866 1069 1998 1102 causa,
2030 1056 2208 1107 utinquit
2228 1055 2391 1093 S.T110-

1267 1121 1348 1146 mas
1380 1109 1474 1148 5.1‘.
1503 1109 1740 1162 qu.G.4.art.
1764 1110 1802 1147 5.
1818 1109 1863 1146 ad
1887 1124 1946 1156 2.,
1977 1112 2186 1158 requiritur
2215 1109 2301 1161 ejus
2330 1112 2391 1145 1⁴¹1-

1266 1167 1414 1210 !entio,
1444 1176 1524 1214 qua.
1552 1176 1594 1200 se·
1623 1161 1806 1215 subjiciat
1836 1163 2044 1211 principali
2065 1165 2226 1214 agenti,
2258 1172 2294 1198 ut
2315 1175 2389 1197 sm-

1265 1215 1353 1253 Iicet
1374 1216 1738 1267 inteyzdtztjtzcere‚
1769 1215 1991 1266 quoslsacic
2015 1215 2187 1252 Christus
2204 1245 2214 1263 ,
2243 1216 2291 1255 (9
2310 1214 2390 1252 Ec-

1266 1269 1418 1307 clesia.
1466 1270 1578 1316 Quod
1607 1278 1706 1308 certe
1736 1280 1812 1307 non
1841 1269 2028 1316 intendit,
2057 1269 2124 1321 qui
2154 1271 2391 1307 contrarium

1266 1321 1371 1361 elicit
1400 1321 1605 1362 voluntatis
1632 1331 1761 1362 actum
1779 1348 1789 1360 .

1321 1376 1412 1429 3¹7·
1444 1377 1502 1415 Ad
1533 1391 1570 1416 2.
1600 1377 1706 1425 dico,
1737 1390 1924 1429 magnum
1952 1390 2029 1414 esse
2057 1375 2263 1414 discrimen
2295 1376 2391 1414 inter

1266 1431 1458 1469 ministros
1481 1430 1612 1484 Regis,
1642 1430 1882 1469 &ministros
1899 1429 1999 1468 Dei.
2029 1429 2147 1468 Primi
2180 1432 2283 1468 enim
2302 1444 2392 1466 non-

1263 1484 1337 1521 nisi
1367 1485 1414 1522 ad
1442 1498 1535 1537 opus
1566 1492 1766 1521 externum
1796 1483 2071 1536 perficiendum
2111 1492 2193 1521 sunt
2230 1484 2392 1521 destina·

1264 1539 1319 1584 ti,
1363 1547 1401 1574 nt
1430 1538 1583 1575 Judices
1613 1538 1659 1574 ad
1689 1537 1994 1574 condemnandos
2035 1549 2115 1572 reos
2134 1565 2143 1583 ‚
2188 1536 2388 1574 absolven-

1259 1589 1401 1641 dosque
1433 1592 1646 1628 innocentes
1678 1591 1716 1627 in
1748 1590 1828 1627 soro
1857 1599 2000 1627 tantum
2032 1599 2213 1634 externo;
2258 1590 2388 1627 nulla·

1260 1650 1366 1679 tenus
1398 1656 1486 1680 vero
1515 1645 1552 1681 in
1577 1644 1657 1681 soro
1680 1645 1843 1682 interno:
1872 1643 2124 1695 quamobrem
2149 1644 2290 1680 mirum
2314 1657 2386 1681 non

1259 1705 1334 1743 est,
1365 1698 1394 1734 si
1427 1706 1579 1735 externa
1611 1706 1755 1734 tantum
1786 1698 1882 1735 actio
1911 1698 2007 1734 serio
2038 1706 2187 1747 peracta
2217 1698 2388 1749 requira—

1259 1757 1347 1786 tur.
1397 1750 1568 1788 Ministt·i
1597 1759 1726 1788 antem
1756 1749 2090 1788 Sacramentorum
2128 1750 2265 1789 debent
2305 1765 2387 1789 rem

1258 1816 1405 1841 sacram
1435 1804 1583 1851 facere,
1622 1803 1723 1841 unde
1753 1803 1887 1854 pendet
1917 1803 2118 1841 'nominum
2151 1807 2295 1842 interna
2327 1805 2387 1855 ju-

1256 1856 1460 1903 sustando,
1491 1857 1523 1893 δε
1553 1856 1653 1894 salu,—
1672 1883 1681 1894 .
1726 1857 1792 1895 Est
1821 1870 1910 1908 ergo
1940 1871 2116 1905 necesse,
2153 1867 2190 1894 ut
2221 1859 2387 1896 ministri

1255 1923 1294 1947 se
1323 1909 1531 1960 subjiciant
1556 1910 1739 1948 Ecclesiae
1758 1940 1768 1959 ,
1799 1910 1910 1961 cujus
1941 1924 2139 1960 personant
2161 1922 2322 1962 gerunt,
2353 1911 2387 1947 8<

1256 1962 1354 2000 illud
1387 1963 1577 2002 intendant
1610 1965 1760 2012 facere,
1789 1965 1892 2016 quod
1922 1963 2097 2003 Ecclesia
2127 1965 2248 2012 facit,
2281 1965 2386 2003 scili-

1254 2026 1312 2054 cet
1341 2029 1416 2054 non
1447 2031 1528 2054 rem
1560 2018 1783 2069 profanam,
1814 2018 1876 2056 sed
1899 2032 2044 2056 sacram
2063 2044 2074 2056 .
2104 2018 2201 2056 Sane
2224 2020 2387 2057 ministri

1255 2070 1492 2109 Sacramenti
1518 2072 1753 2122 poenitentiae
1772 2081 1946 2124 potestate
1961 2071 2131 2111 clavium
2149 2073 2220 2110 sibi
2238 2088 2259 2110 a
2275 2074 2388 2111 Clu-t-

1254 2132 1309 2162 eto
1337 2123 1475 2162 collata
1507 2138 1586 2163 reos
1615 2140 1637 2163 a
1668 2127 1832 2178 peccatis
1862 2127 2008 2164 interne
2028 2125 2256 2173 absolvnnt5
2285 2128 2387 2178 quc-tl

1255 2191 1327 2216 non
1359 2187 1470 2230 potest
1502 2179 1628 2217 facere
1657 2181 1831 2219 minister
1863 2179 1997 2231 Regis:
2035 2179 2116 2231 ejus
2145 2181 2248 2218 enim
2281 2190 2384 2231 pute-

1252 2240 1326 2270 stas
1355 2246 1429 2270 non
1459 2247 1496 2270 se
1526 2233 1692 2271 extendit
1730 2234 1778 2271 ad
1809 2233 2082 2281 absolvendos,
2126 2233 2187 2270 sed
2233 2243 2381 2270 tanturn

1251 2285 1301 2323 ad
1332 2287 1545 2337 puniendos
1568 2300 1648 2325 reos
1666 2314 1676 2325 .
1707 2287 1908 2335 Quomodo
1928 2297 2054 2324 autem
2076 2286 2291 2324 censebitur
2310 2286 2379 2324 Sa—

1251 2339 1381 2376 cerdos
1412 2353 1499 2378 vere
1529 2340 1724 2377 absolvere
1755 2353 1861 2377 reum
1907 2341 2181 2390 poenitentem‚
2225 2340 2254 2377 si
2293 2353 2383 2377 eunt

1250 2393 1412 2430 interius
1442 2391 1639 2431 absolvere
1669 2391 1793 2431 nolit?
1842 2392 2040 2445 Praecipue
2083 2394 2112 2429 si
2146 2392 2214 2429 hoc
2245 2391 2381 2431 Sacra-

1251 2456 1424 2484 mentum
1457 2448 1660 2498 privatim,
1704 2447 1736 2482 ἀ
1768 2448 1848 2485 siue
1880 2445 1957 2483 ulla
1987 2446 2226 2484 solemnitate
2257 2446 2379 2484 admi-

1251 2501 1457 2547 nistretur,
1491 2510 1526 2537 ut
1557 2502 1698 2551 scr-pius
1719 2501 1976 2537 administrari
1999 2498 2112 2544 solet;
2142 2513 2220 2551 quo
2250 2502 2289 2538 in
2318 2514 2381 2538 ca-

1251 2567 1293 2590 su
1325 2555 1471 2591 nonnisi
1502 2553 1551 2591 ab
1591 2556 1736 2592 iuterna
1775 2552 1988 2592 Sacerdotis
2030 2555 2238 2592 intentione
2282 2555 2381 2591 actio

1254 2605 1320 2644 illa
1350 2607 1595 2646 determinari
1629 2617 1769 2659 potest,
1802 2617 1839 2644 ut
1869 2609 1916 2645 sit
1936 2620 2068 2654 sacra,
2099 2606 2133 2642 Se
2153 2607 2381 2645 Sacramen-

1251 2659 1359 2698 talis.
1392 2661 1525 2709 Addo,
1555 2661 1761 2713 aliquando
1791 2662 1906 2698 teneri
1940 2661 2129 2699 ministros
2152 2660 2380 2712 reipublicae

1250 2728 1362 2752 suum
1395 2717 1508 2753 etiam
1540 2728 1763 2753 consensum
1797 2715 1988 2752 internum
2022 2724 2228 2767 praestare3
2258 2729 2378 2766 qusn-

1251 2768 1297 2805 do
1326 2767 1471 2806 scilicet
1499 2768 1730 2820 deputantur
1759 2768 1805 2806 ad
1835 2768 1991 2819 aliquod
2019 2768 2192 2806 officium
2223 2770 2379 2819 propria

1250 2822 1482 2873 prudentia,
1525 2836 1568 2859 ac
1598 2818 1797 2874 diligentia
1826 2822 2110 2869 exercendum,
2153 2830 2192 2859 nt
2222 2831 2379 2874 apparet

1254 2877 1292 2912 in
1316 2875 1517 2914 Judicibus
1547 2876 1591 2913 ad
1626 2875 1806 2925 justitiam
1839 2884 1936 2912 recte
1956 2876 2293 2913 administrandam
2316 2877 2380 2913 de-

1251 2930 1420 2968 stinatis.
1466 2929 1587 2968 Nemo
1615 2931 1718 2967 enim
1749 2929 1915 2976 dixerit,
1959 2942 2064 2981 posse
2093 2942 2154 2968 eos
2182 2931 2378 2967 sententias

1252 2984 1483 3021 extrinsecus
1515 2982 1672 3035 prolatae
1704 2984 1860 3021 interius
1891 2996 2127 3035 repugnare.
2157 2983 2274 3022 Secns
2303 2993 2376 3030 est,

1251 3039 1402 3088 quando
1433 3051 1506 3075 non
1542 3047 1809 3084 assumuntur,
1854 3038 1924 3075 nisi
1959 3038 2003 3074 ad
2050 3039 2167 3075 solam
2211 3037 2377 3087 alicuius

1251 3092 1419 3129 mandati
1452 3092 1737 3138 executionem,
1769 3101 1807 3128 ut
1836 3090 2130 3142 quandoAman
2159 3091 2289 3129 debuit
2320 3092 2373 3127 in·

1251 3145 1349 3182 vitus
1379 3144 1629 3183 Marducliseo
1659 3147 1778 3193 regios
1808 3143 1968 3182 honores
1998 3145 2127 3195 palam
2158 3144 2370 3181 exhibere.

1307 3198 1400 3236 318.
1435 3197 1611 3235 Tertiam
1642 3198 1904 3235 difficultatem
1934 3198 2013 3249 jam
2043 3212 2157 3248 supra
2186 3211 2251 3235 nu.
2282 3194 2368 3233 216·

1252 3264 1330 3302 seq·
1354 3254 1707 3303 proevccupavinius
1725 3282 1735 3299 ‚
1755 3251 1998 3289 observantes
2015 3282 2025 3299 ‚
2046 3250 2218 3288 sufficere
2240 3251 2276 3286 in
2297 3249 2366 3285 mi·-

1251 3305 1367 3341 nistro
1395 3306 1638 3343 intentionem
1669 3306 1885 3342 conserendi
1918 3305 2224 3342 Sacrammtnm:
2261 3313 2302 3336 eo
2330 3311 2368 3333 0-

1248 3357 1333 3396 nim
1361 3359 1431 3397 rite
1459 3358 1624 3408 collato,
1652 3357 1733 3411 jam
1762 3359 1931 3409 sequitur
1960 3355 2139 3405 effectus,
2168 3355 2240 3392 nisi
2268 3350 2367 3388 obex

2247 3417 2312 3456 ΡΟ·
