2605 3624
249 157 304 204 42
1020 144 1285 190 mssmt‘r.
1319 145 1352 188 Ι.
1385 143 1515 188 cAP.
1550 143 1649 188 vn.

193 241 330 283 ptum.
379 227 514 266 Nullus
545 225 644 263 enim
683 224 911 275 reperiretur
942 226 1121 276 antiquus
1149 226 1277 263 Canon
1297 255 1307 272 ,

193 287 261 336 qui
293 281 405 332 hujus
435 282 616 331 praecepti
646 278 922 317 observantiam
954 278 1230 316 inculcaverit.
1260 278 1309 315 lit

194 347 415 386 quanquam
432 332 599 370 Pastores
617 331 800 369 Ecclesioe
814 362 824 379 ‚
856 334 974 369 immo
995 331 1027 366 8<
1049 334 1188 369 summi
1204 330 1309 368 Prin-

193 390 324 438 cipes,
365 386 412 424 ad
441 384 666 424 humilitatis
697 386 920 423 exercitium
949 384 1092 422 soleant
1121 383 1235 422 semel
1269 386 1308 421 in

191 453 292 478 anno
338 439 558 491 exemplum
587 438 726 477 Christi
766 440 939 486 imitari,
985 451 1056 476 non
1084 447 1209 475 tamen
1240 436 1308 476 hoc

191 508 363 547 unquam
412 493 552 530 factum
597 492 709 529 fuisse
744 490 906 543 legimns
935 491 957 530 a
983 490 1143 542 singulis
1183 490 1310 529 fideli·

189 548 290 598 bus,
322 550 440 587 immo
469 559 538 586 nec
565 546 680 586 etiam
710 559 731 584 a
759 545 927 598 singulis.
946 544 1211 583 Sacerdotibus
1229 574 1238 592 ‚
1270 560 1309 582 a·

189 602 330 655 liisque
345 601 529 641 Ecclesiae
561 601 766 639 ministris.
796 600 892 646 Quis
921 609 1046 635 autem
1077 600 1309 650 suspicetur-2,

189 665 333 694 tantam
363 656 477 693 fuisse
506 655 555 693 ab
585 654 674 706 ipsis
717 654 853 705 primis
882 651 1067 690 Ecclesiae
1098 651 1309 689 incunabu-

188 708 238 747 lis
267 708 565 762 negligentiam,
596 707 826 744 utdivinutn
847 706 1159 751 Sacramentum,
1190 705 1310 742 immo

191 761 226 798 8<
243 772 478 814 praeceptum
510 761 654 811 ubique
669 757 1003 798 contemneretur?
1033 756 1228 808 Praecepta
1247 770 1310 807 ge-

189 815 373 854 neraliter
400 824 454 853 est
483 814 710 858 humilitas;
740 824 812 849 non
835 821 960 849 tamen
981 819 1213 863 praeceptum
1239 810 1311 847 fuit

188 869 483 907 determinatum
514 867 584 905 hoc
613 864 843 903 humilitatis
872 865 1118 901 exercitium.
1162 861 1225 899 De
1253 863 1311 900 la,-

190 922 332 960 vandis
362 934 448 960 vero
476 918 660 971 pedibus,
704 918 830 969 inquit
859 916 899 954 S.
932 917 1161 967 Augustinus
1191 915 1311 967 Epist.

190 975 276 1014 LV.
305 976 351 1014 ad
381 974 609 1012 Jauuarium
638 985 724 1022 cap.
751 970 810 1008 18.
841 969 890 1007 Τ.
923 970 971 1007 ll.
995 999 1005 1016 ,
1047 982 1140 1006 cum
1171 968 1311 1006 Domi-

189 1041 264 1066 nus
302 1028 373 1065 lzoc
413 1034 572 1076 propter
604 1022 799 1075 formam
847 1021 1108 1070 humilitatis,
1154 1031 1311 1073 propter

187 1095 311 1127 (suam
331 1079 556 1117 docendam
573 1086 736 1116 venerat
753 1106 764 1125 ,
785 1075 1125 1114 commendaverit
1147 1101 1187 1114 0..
1210 1076 1309 1113 mul-

187 1139 217 1171 ti
247 1134 318 1172 hoc
346 1138 387 1171 in
404 1131 726 1171 consuetudinem
758 1133 930 1181 recipere
946 1130 1153 1167 noluerunt
1171 1159 1182 1176 ,
1210 1142 1310 1167 non-

188 1187 285 1225 nulli
315 1191 441 1225 etiam
470 1185 517 1225 de
546 1183 826 1223 consuetudine
855 1182 1018 1235 auferre
1048 1196 1128 1220 non
1157 1182 1309 1221 dubim-

187 1250 280 1278 runt
308 1241 396 1282 &c-
426 1241 532 1278 Itane
560 1251 676 1287 vero,
718 1238 749 1275 si
780 1236 870 1274 lotio
900 1236 1042 1288 pedum
1085 1236 1213 1274 fuisset
1242 1236 1310 1277 Sa-

188 1303 429 1332 cramentum
447 1323 457 1341 ,
488 1292 521 1329 ἃ
550 1292 707 1344 quidem
736 1305 759 1329 a
788 1290 956 1329 Domino
984 1288 1255 1342 praeceptum?

244 1346 336 1386 260.
366 1348 496 1399 ltaque
527 1345 731 1384 dicendum
762 1352 839 1392 est,
869 1343 915 1381 ad
945 1343 1115 1382 divinam
1144 1342 1309 1394 alicujus

184 1398 428 1438 Sacramenti
472 1401 744 1437 institutionem
774 1398 934 1435 minime
963 1396 1165 1444 sufficere,
1208 1396 1310 1447 quod

184 1468 208 1489 a
236 1453 326 1491 Jesu
363 1453 512 1491 Christo
560 1451 697 1489 habeat
737 1451 955 1501 originem,
1003 1449 1036 1484 <St
1066 1448 1310 1502 exemplunm

185 1506 250 1543 sed
280 1507 426 1557 requiri
474 1505 590 1542 etiarn
629 1504 800 1541 materiae
843 1503 1165 1541 consecrationem
1208 1512 1310 1540 certa

185 1559 311 1597 forma
339 1559 389 1597 ab
419 1559 501 1610 ipso
529 1557 739 1595 institutore
769 1556 1033 1607 praescriptam
1054 1585 1066 1603 ,
1109 1564 1150 1592 ut
1178 1556 1217 1593 in
1237 1555 1309 1593 Ba-

185 1613 347 1663 ptism0‚
377 1613 417 1650 in
446 1609 715 1658 Eucharistia,
744 1607 779 1644 8<
808 1609 940 1646 ceteris
970 1608 1228 1646 sacramentis
1251 1610 1306 1646 fa-

183 1674 289 1705 ctum
320 1674 400 1704 est.

242 1718 335 1758 261.
364 1719 499 1771 Neque
528 1718 643 1756 etiam
671 1714 736 1754 hic
763 1714 928 1753 habetur
957 1727 1130 1767 expressa
1158 1714 1306 1765 signifi·

183 1773 283 1811 catio
310 1775 443 1824 gratim
471 1769 711 1810 conserendae
729 1798 739 1816 ,
769 1768 1072 1819 qualishabetur
1101 1770 1142 1805 in
1162 1768 1308 1819 Baptis-

184 1838 275 1864 mo:
308 1825 386 1875 Qui
415 1823 643 1870 crediderit,
672 1823 722 1862 Θ*
751 1821 971 1871 baptizatus
987 1819 1147 1870 suerit,
1176 1822 1307 1859 salvus

187 1882 296 1923 erit;
338 1878 372 1915 8t
403 1880 441 1916 in
472 1876 736 1916 Eucharistia:
783 1874 860 1925 Qui
904 1873 1124 1911 manducat
1168 1887 1307 1911 meam

186 1944 385 1980 carnem,
427 1930 477 1971 &
506 1929 595 1968 bibit
625 1942 760 1967 meum
801 1931 1041 1980 sanguinem
1059 1957 1069 1974 ,
1113 1925 1228 1963 habet
1256 1930 1307 1964 ri-

188 1994 280 2023 tam
308 1993 538 2023 oeternum.
573 1983 654 2021 Nec
683 1995 835 2020 movere
865 1994 928 2019 nos
956 1980 1067 2018 dehet
1095 1981 1308 2018 commina-

186 2040 241 2077 tio
269 2038 376 2077 Petro
404 2039 527 2077 facta:
568 2036 611 2074 Si
639 2049 719 2073 non
762 2035 892 2073 lavero
934 2043 973 2072 te
988 2063 1005 2081 ,.
1042 2046 1122 2070 non
1152 2028 1308 2071 habebis

187 2101 349 2145 partem
379 2105 535 2130 mecum
553 2105 568 2136 ,-
598 2089 683 2129 haec
712 2089 815 2126 enim
846 2089 946 2126 facta
973 2088 1047 2125 fuit
1075 2087 1121 2124 ad
1152 2087 1308 2124 vincen-

186 2146 279 2184 dam
309 2145 408 2183 Petri
433 2145 754 2184 obstinationem:
782 2140 878 2180 Non
907 2139 1056 2179 lambis
1086 2139 1181 2176 milii
1195 2140 1313 2190 peiles

187 2202 230 2236 in
259 2208 489 2243 oeternum;
529 2199 570 2236 in
598 2212 675 2250 qua
710 2196 960 2234 obstinatione
1000 2197 1030 2232 si
1060 2193 1313 2232 pervicaciter

186 2260 488 2305 perseverasset,
516 2250 644 2303 culpae
676 2250 808 2301 utique
840 2250 967 2286 fuisset
995 2248 1207 2295 obnoxius,
1237 2261 1314 2298 qua

186 2320 212 2344 a
231 2306 372 2345 Christi
402 2317 517 2356 regno
547 2305 745 2342 meruisset
773 2302 954 2340 excludi.
984 2301 1216 2352 Quanqti'am
1238 2301 1313 2338 for-

190 2367 285 2398 tasse
314 2359 433 2409 magis
475 2356 611 2396 obvius
639 2356 798 2396 'rllorum
836 2355 1040 2394 verborum
1080 2367 1208 2391 sensus
1250 2353 1314 2392 hic

190 2426 270 2450 esse
298 2419 442 2462 potest:
469 2410 621 2449 Petrum
651 2423 727 2449 non
759 2408 980 2447 habiturum
1001 2416 1148 2460 partem
1179 2408 1218 2444 in
1234 2422 1313 2445 coe·

190 2480 239 2503 na
252 2480 266 2512 ‘,
297 2462 557 2515 quaChristus
586 2472 664 2501 erat
694 2476 804 2501 suum
833 2475 992 2514 corpus,
1023 2461 1057 2497 &
1082 2463 1313 2511 sanguinein

191 2517 406 2569 Discipulis
435 2516 617 2554 daturus.
655 2515 696 2553 Si
726 2517 827 2554 enim
857 2515 1022 2554 aliorum
1052 2514 1313 2565 Evangelista-

190 2585 279 2610 rum
307 2580 428 2609 textus
469 2568 586 2607 simul
628 2568 897 2616 conferantur,
940 2569 1090 2607 videtur
1128 2567 1220 2606 lotio
1249 2582 1314 2620 pe-

194 2625 286 2663 dum
318 2625 416 2661 facta
445 2631 531 2660 ante
559 2620 813 2660 Eucharistiae
845 2622 1114 2659 institutionem
1133 2647 1144 2659 .

246 2676 340 2716 262.
370 2676 504 2728 Neque
533 2674 617 2712 haec
645 2675 895 2713 comminatio
922 2687 1013 2710 cum
1044 2689 1087 2712 ea
1115 2688 1315 2727 compara-

191 2731 226 2770 ri
260 2738 398 2782 potest,
429 2742 509 2781 qua
523 2728 692 2768 Christus
714 2727 903 2767 Dominus
918 2726 976 2765 Jo.
996 2727 1064 2766 111.
1092 2727 1212 2766 dixit:
1237 2728 1315 2767 Ni·

244 2916 291 2950 (a)
319 2911 373 2944 Ex
398 2909 510 2943 hocS.
529 2908 706 2943 Ambrosii
730 2909 808 2942 loco
832 2907 1056 2953 potissimum
1069 2906 1226 2942 eruditus
1240 2910 1312 2944 Jos.

195 2957 403 2991 vicecomes
442 2956 519 2990 Lib.
547 2956 605 2988 ΙΙΙ.
640 2955 692 2988 De
721 2956 958 2988 Sum-amentis
985 2965 1014 2987 c.
1044 2959 1073 2987 ‘1-
1109 2954 1313 2989 confirmare

196 3004 324 3037 nititur
349 3004 457 3035 ritum
498 2999 659 3034 abluendi
698 3001 800 3044 pedes
827 3002 1084 3044 baptizatorum
1101 3023 1108 3031 .
1152 2999 1218 3032 Sed
1242 3001 1312 3034 vid.

197 3048 240 3082 de
264 3049 330 3082 hoc
363 3049 437 3080 ritu
474 3047 696 3080 doctissimus
723 3048 766 3079 D.
786 3048 824 3080 -J.
853 3049 1011 3090 Crysost.
1038 3046 1232 3080 ‘l‘rombelli
1256 3047 1312 3083 De

197 3095 356 3128 Sacram.
382 3094 484 3126 'Tom-
508 3095 531 3125 l.
558 3093 760 3125 Disseri.V.
788 3094 877 3126 Sect.
897 3094 930 3126 8.

240 3143 288 3179 (b)
314 3141 463 3185 Quidam
488 3137 698 3171 Heterodoxi
724 3137 790 3171 hoc
814 3150 899 3183 opus
927 3139 961 3170 S.
986 3137 1172 3171 Ambrosio
1211 3138 1311 3183 abju-

161 3187 170 3199 '
196 3185 385 3225 dicarunt,
409 3185 630 3230 potissimum
653 3195 694 3216 ex
712 3195 751 3218 eo
769 3206 779 3224 ,
805 3183 897 3228 quod
919 3182 1040 3217 doceat
1067 3193 1208 3227 peccata
1233 3197 1312 3226 pro..

195 3238 298 3278 pria,
338 3231 425 3265 idest
450 3232 602 3264 actualia
626 3241 688 3273 per
715 3230 931 3274 Baptismnm
960 3230 1136 3271 relaxari,
1168 3231 1312 3265 haredi-

198 3283 288 3313 taria
312 3290 415 3319 vero,
442 3288 564 3320 nempe
589 3276 771 3320 originale
798 3287 858 3319 per
884 3276 1049 3308 lotionem
1076 3275 1199 3319 pedum
1216 3299 1223 3307 .
1253 3280 1311 3312 'lta

181 3326 291 3359 ‘inter
316 3325 400 3357 alios
425 3325 478 3357 ,Ιο-
505 3322 658 3356 Dallaens
686 3322 762 3354 Lib.
790 3323 849 3355 111.
876 3321 931 3354 De
958 3321 1159 3365 Confirmat.
1185 3335 1259 3366 cap.
1277 3325 1311 3357 8.

199 3372 453 3407 verumtamen
477 3368 752 3406 Ambrosianum
776 3379 847 3403 esse
862 3367 987 3402 foetum
1012 3368 1072 3403 atii
1091 3368 1215 3404 Critici
1241 3381 1312 3404 me-

1376 227 1409 262 si
1439 228 1522 275 quis
1551 232 1716 262 renatus
1732 221 1865 274 fuerit
1894 235 1947 260 ex
1976 235 2112 274 aquit,
2140 221 2189 263 (sy
2220 220 2365 271 Spiritu
2396 223 2496 261 istm.

1376 288 1438 314 cto
1460 307 1470 325 ‚
1500 291 1579 314 non
1606 285 1727 327 potest
1759 280 1918 314 introire
1948 280 1989 313 iu.
2018 282 2183 328 reguum
2212 275 2289 313 Dei
2307 303 2317 314 .
2361 275 2497 314 Primo

1376 332 1479 368 enim
1512 330 1594 368 haec
1623 330 1869 368 comminatio
1898 330 2085 380 generalis
2112 339 2192 377 est,
2231 329 2263 364 ὃ(
2292 329 2339 367 ad
2367 343 2500 368 omnes

1377 382 1562 422 homines.
1577 385 1737 434 pertinet
1755 413 1765 431 ,
1795 382 1870 420 alia
1901 396 1988 420 vero
2016 383 2061 420 ad
2083 383 2206 420 solum
2228 382 2380 420 Petrum
2411 396 2498 433 per-

1377 437 1551 474 tinebat:
1592 435 1735 473 deinde
1764 437 1803 473 in
1834 436 2051 488 Baptisnw,
2081 438 2177 473 sicut
2207 437 2320 474 etiam
2352 437 2389 473 in
2419 435 2498 473 Eu-

1376 489 1555 527 charistia
1584 488 1744 525 habetur
1772 501 1947 540 expressa
1977 490 2175 539 promissio
2202 490 2333 540 gratiae
2352 518 2363 537 ,
2407 502 2499 541 quae

1376 555 1452 580 non
1482 543 1673 579 invenitur
1703 542 1741 578 iu
1771 540 1908 578 lotione
1939 542 2079 594 pedum
2102 568 2111 580 .
2142 542 2241 589 Quae
2271 556 2402 580 omues
2431 555 2500 579 no·

1377 604 1462 633 strae
1493 595 1837 632 auinmdversioues
1867 597 2077 632 maximum
2108 594 2141 630 St
2160 596 2499 634 demonstrativam

1376 649 1456 687 vim
1486 648 1676 699 accipiunt
1705 658 1750 683 ex
1778 659 1822 682 eo
1840 675 1850 693 ‚
1893 647 1994 698 quod
2022 646 2196 686 Ecclesia
2224 648 2402 686 lotionem
2435 663 2499 701 pe-

1373 702 1469 739 dum
1502 710 1538 738 ut
1571 703 1677 752 pium
1706 699 1862 751 quidem
1894 698 2120 738 humilitatis
2149 704 2373 739 exercitium
2402 716 2500 740 sem—

1378 768 1446 806 per
1477 754 1638 802 habuit,
1668 767 1865 804 nunquam
1895 761 2018 789 tamen
2048 762 2088 789 ut
2116 752 2410 792 Sacramentum
2432 782 2443 793 .

1437 807 1526 846 265.
1559 808 1696 845 Dices.
1739 807 1780 844 S.
1814 805 2038 843 Ambrosius
2067 806 2107 843 in
2138 805 2257 843 Libro
2287 806 2351 844 De
2389 819 2501 860 mys-

1379 865 1489 898 teriis
1509 875 1594 912 cap.
1616 860 1654 898 6.
1685 873 1790 897 num.
1810 859 1873 897 52.
1895 859 2074 896 Mundus
2092 889 2102 906 ‚
2133 860 2259 910 inquit
2277 889 2290 907 ,
2320 869 2409 898 erut
2429 861 2501 900 Pe-

1381 923 1491 962 trus,
1541 913 1610 952 sed
1638 914 1822 965 plantum
1852 913 1990 950 lavare
2020 910 2183 950 debebat
2207 927 2219 956 ;
2263 912 2429 952 habebat
2459 927 2498 952 e-

1379 970 1466 1005 nim
1481 971 1597 1017 primi
1612 966 1781 1005 hominis
1796 966 1844 1004 de
1857 969 2105 1004 successione
2119 975 2327 1016 peccatum
2341 997 2351 1015 ,
2373 981 2502 1019 quan-

1379 1021 1429 1058 do
1472 1034 1563 1058 eum
1591 1021 1856 1071 supplantavit
1897 1033 2086 1071 serpens,
2129 1019 2178 1058 ἔθ’
2205 1025 2403 1070 persuasit
2439 1035 2500 1058 er·

1377 1087 1508 1112 rorem
1529 1088 1543 1111 .·
1585 1074 1672 1112 ileo
1699 1074 1843 1124 planta
1871 1075 1958 1126 ejus
1986 1072 2181 1120 abluitur,
2222 1082 2263 1110 ut
2290 1072 2503 1112 lzaeredita-

1377 1132 1441 1165 riu.
1470 1137 1640 1179 peccata.
1669 1129 1859 1165 tolluntur
1878 1140 1892 1163 :
1934 1137 2074 1164 nostru
2105 1130 2213 1163 em'm
2241 1131 2400 1179 propria,
2430 1140 2499 1180 per

1377 1180 1631 1231 Baptismum
1660 1181 1930 1219 relaxantur.
1972 1179 2022 1218 Et
2052 1180 2142 1218 Lib.
2164 1180 2229 1217 Ill.
2259 1179 2323 1218 De
2352 1180 2506 1218 Sacra-

1378 1239 1524 1272 mentis
1566 1248 1652 1285 cap.
1688 1248 1721 1272 1.
1752 1247 1857 1271 num.
1888 1233 1929 1279 4.
1959 1248 2038 1286 seq.
2070 1233 2305 1282 Accinctus,
2350 1235 2473 1286 inquit
2492 1263 2503 1281 ‚

1374 1301 1556 1325 summus
1572 1285 1770 1324 Sacerdos
1797 1285 1916 1336 pedes
1945 1285 2010 1324 tibi
2031 1287 2145 1325 lavit.
2178 1285 2282 1336 Quid
2310 1286 2374 1324 est'
2399 1287 2502 1325 istud

1377 1344 1616 1392 mysterium
1634 1339 1657 1376 Ρ
1734 1339 1816 1378 vide
1845 1338 2111 1378 humilitatem
2128 1370 2138 1388 ,
2169 1340 2252 1378 vtile
2283 1344 2466 1392 gratiam
2488 1370 2499 1388 ‚

1377 1394 1461 1431 vide
1482 1393 1848 1448 sanctificationem
1865 1419 1876 1431 .
1906 1391 1996 1431 Nisi·
2013 1395 2145 1430 lavero
2161 1392 2226 1430 tibi
2245 1393 2362 1443 pedes
2379 1424 2389 1441 ,
2419 1406 2502 1431 non

1377 1446 1534 1484 habebis
1555 1461 1709 1485 mecum
1739 1455 1896 1496 partem
1919 1471 1973 1485 ....
1995 1446 2112 1485 Aliud
2140 1455 2197 1484 est
2216 1446 2467 1484 humilitatis:
2484 1461 2501 1491 ‚·

1377 1500 1488 1538 aliud
1515 1509 1573 1537 est
1611 1500 1971 1554 sanctificationis.
2019 1499 2202 1552 Denique
2230 1499 2358 1548 audi,
2406 1503 2504 1551 quin.

1378 1559 1618 1606 mysterium
1645 1564 1705 1592 est
1723 1585 1733 1602 ,
1763 1555 1812 1595 ζῇ·
1841 1552 2133 1607 sanctificatio:
2163 1557 2239 1591 nisi
2267 1554 2399 1592 lavero
2428 1562 2466 1591 te
2488 1583 2501 1602 ,

1381 1620 1461 1644 non
1492 1606 1646 1646 habebis
1674 1616 1833 1659 partem
1855 1619 2012 1644 mecum
2030 1633 2041 1644 .
2071 1606 2117 1645 Et
2139 1616 2289 1659 postea:
2319 1605 2412 1645 Ideo
2441 1608 2502 1645 Ζα-

1381 1673 1452 1698 vas
1479 1660 1623 1711 pedes,
1652 1664 1753 1698 utin
1780 1673 1832 1698 vea
1861 1669 2004 1711 parte,
2033 1663 2074 1696 in
2103 1673 2182 1710 qua
2208 1660 2422 1698 insidiatus
2442 1669 2500 1699 est

1375 1726 1538 1766 serpens
1559 1745 1570 1762 ‚
1601 1716 1735 1766 majus
1763 1713 1993 1766 praesidium
2021 1712 2355 1764 sanctificationis
2384 1727 2501 1752 acce-

1375 1767 1446 1805 dat
1464 1798 1474 1816 ,
1517 1782 1591 1819 quo
1618 1776 1757 1818 postea.
1785 1776 1825 1805 te
1853 1768 2111 1818 supplantare
2140 1779 2222 1803 non
2250 1770 2396 1817 possit:
2439 1768 2499 1804 Ia-

1376 1834 1446 1859 ms
1476 1835 1570 1874 ergo
1598 1821 1744 1873 pedes,
1786 1830 1827 1858 ut
1857 1821 1964 1858 laves
1993 1832 2146 1857 venena,
2175 1825 2395 1871 serpentis.
2439 1819 2503 1858 Ad

1372 1873 1638 1913 humilitatem
1668 1888 1762 1926 ergo
1789 1873 1942 1925 proficit
1962 1887 1976 1910 .·
2007 1886 2080 1911 non
2100 1874 2215 1925 igitur
2246 1875 2336 1912 lotio
2360 1874 2503 1926 pedum

1375 1927 1422 1964 ad
1443 1926 1566 1964 solum
1597 1927 1825 1965 humilitatis
1846 1928 2070 1963 exercitium
2088 1956 2098 1972 ,
2126 1926 2191 1963 sed
2207 1929 2320 1965 etiam
2350 1928 2397 1964 ad
2417 1941 2503 1979 gra·

1372 1980 1469 2018 tiam
1501 1980 1786 2030 producendam
1817 1980 1984 2016 instituta
2013 1980 2087 2015 fuit
2118 1980 2182 2027 (a)
2205 2006 2216 2018 .

1433 2032 1524 2078 264.
1555 2031 1667 2084 Resp.
1699 2031 1827 2068 Verba
1857 2030 2018 2082 allegata
2048 2044 2093 2068 ex
2122 2031 2242 2070 Libro
2270 2032 2319 2071 cle
2349 2043 2504 2086 myste-

1376 2089 1469 2133 riis,
1499 2087 1566 2137 qui
1596 2087 1674 2123 sine
1703 2084 1822 2123 dubio
1849 2087 2036 2136 genuinus
2065 2094 2118 2122 est
2146 2085 2188 2123 S.
2222 2087 2403 2125 Antistitis
2430 2088 2503 2126 soe-

1379 2148 1463 2187 tus,
1494 2152 1564 2176 non
1596 2148 1746 2190 possunt
1774 2147 1874 2176 certe
1902 2137 2118 2177 litteraliter
2148 2139 2307 2191 intelligi
2338 2142 2385 2178 de
2416 2156 2504 2193 pec-

1379 2202 1464 2231 cato
1493 2191 1746 2229 lzaereditario
1776 2192 1943 2240 Adami,
1974 2192 2076 2244 quod
2102 2206 2172 2243 per
2201 2193 2438 2245 Baptismum
2460 2208 2502 2231 o-

1380 2247 1513 2284 mnino
1540 2245 1712 2283 ablatum
1742 2246 1896 2292 fuerat,
1940 2245 1973 2280 δε
2003 2244 2216 2284 nullatenus
2259 2247 2405 2285 tollitur
2435 2261 2503 2300 per

1381 2299 1615 2337 ablutionem
1646 2299 1816 2350 pedum.
1847 2298 1990 2336 Textus
2008 2297 2118 2335 valde
2144 2299 2330 2339 obscurus
2360 2310 2438 2349 est,
2469 2300 2504 2337 δε

1379 2353 1573 2403 negotium
1603 2365 1676 2389 non
1707 2351 1790 2389 leve
1820 2352 1969 2390 facessit
1998 2352 2173 2399 eruditis3
2215 2367 2378 2407 quorum
2409 2367 2505 2393 non-

1376 2405 1480 2444 nulli
1510 2405 1729 2443 maluerunt
1758 2415 1957 2457 propterea
1998 2404 2069 2443 hoc
2099 2418 2221 2457 opus,
2260 2416 2299 2445 ut
2328 2410 2503 2460 spurium

1379 2460 1540 2509 rejicere
1556 2459 1617 2512 (b)
1639 2485 1650 2497 .
1679 2458 1956 2510 Sapientissimi
1982 2459 2144 2496 editores
2163 2459 2336 2499 Maurini
2368 2463 2406 2499 in
2424 2471 2504 2500 not.

1380 2514 1427 2551 ad
1459 2512 1558 2550 huuc
1587 2512 1714 2550 locum
1744 2524 1817 2550 non
1846 2513 2055 2563 incongrue
2086 2521 2290 2564 putarunt,
2322 2528 2389 2565 per
2411 2527 2502 2564 pec-

1381 2575 1478 2604 cata
1507 2565 1790 2613 haereditaria,
1820 2579 1908 2618 quae
1936 2564 2080 2603 lotione
2111 2566 2252 2616 pedum
2281 2567 2505 2619 abstergun-

1381 2629 1468 2668 tur,
1500 2620 1659 2671 intelligi
1675 2620 2045 2671 concupiscentiam,
2072 2617 2183 2669 cujus
2205 2628 2326 2657 motus
2342 2620 2502 2661 rebelles

1374 2686 1426 2711 ⁴ex
1444 2683 1595 2725 peccato
1616 2673 1754 2712 Adami
1772 2673 1862 2711 facti
1890 2682 1976 2711 sunt
2004 2671 2114 2710 nobis
2135 2671 2398 2720 haereditarii3
2431 2675 2504 2712 mi-

1376 2736 1550 2766 nuuntur
1577 2736 1705 2766 autem
1721 2725 1761 2765 hi
1786 2735 1907 2766 motus
1926 2727 2001 2779 piis
2027 2724 2258 2765 humilitatis
2286 2728 2474 2765 exercitiis
2491 2755 2503 2776 ,

2377 2793 2445 2818 cu-

1378 2910 1481 2945 ]ioris
1508 2917 1597 2943 notae
1633 2906 1867 2953 judicaturam
1904 2915 2007 2953 atque
2044 2907 2135 2941 inter
2169 2908 2259 2952 ipsos
2285 2907 2499 2941 Calvinistas

1382 2956 1496 2991 David
1516 2954 1712 2990 Blondellus
1727 2954 1782 2988 De
1807 2958 1953 2997 primatu
1968 2977 1978 2995 ‚
2005 2957 2037 2986 &
2062 2956 2114 2988 Jo.
2130 2954 2313 2987 Forbesius
2339 2954 2499 2987 Instruct-

1383 3001 1751 3044 Historico-Tkeolog.
1780 3002 1881 3034 Tom-
1903 3003 1943 3033 11.
1973 3002 2060 3034 Sane
2086 3002 2330 3045 Augustinus,
2366 3007 2403 3030 nt
2439 2997 2502 3031 ‹lo-

1381 3061 1460 3094 gma
1486 3048 1619 3094 peccati
1654 3048 1834 3091 originalis
1859 3055 1982 3081 contra
2009 3048 2208 3091 Pelagianos
2237 3058 2278 3080 ex
2306 3043 2494 3078 traditione

1379 3097 1580 3134 evinceret,
1605 3095 1639 3126 S.
1669 3093 1866 3134 Ambrosii,
1893 3105 1999 3138 quein
2024 3095 2253 3128 venerebatur·
2277 3099 2314 3123 nt
2334 3090 2497 3132 Patrem,

1379 3142 1505 3185 saepius
1533 3140 1738 3173 anctoritate
1764 3152 1845 3172 usus
1865 3149 1940 3181 est,
1968 3149 2005 3173 nt
2032 3140 2182 3174 vidimus
2195 3137 2235 3170 T.
2252 3137 2310 3169 1V.
2341 3135 2498 3170 Praelect.

1379 3199 1456 3232 quae
1483 3195 1574 3219 certe
1600 3186 1729 3218 nullius
1766 3185 1926 3230 ponderis
1954 3198 2016 3231 pro
2041 3186 2195 3219 doctrina
2220 3183 2382 3216 Ecclesiae
2412 3184 2496 3215 suis·

1379 3241 1455 3273 set,
1480 3233 1507 3265 si
1537 3232 1599 3265 hoc
1626 3230 1887 3265 haereditarium
1911 3244 1953 3266 ex
1981 3231 2114 3266 Adamo
2138 3237 2319 3273 peccatum
2347 3230 2416 3262 sola
2446 3230 2494 3261 lo-

1377 3280 1473 3358 (tlione
1511 3277 1664 3323 pedum,
1701 3290 1768 3313 non
1795 3287 1912 3315 autem
1936 3276 2104 3323 Baptismi
2130 3276 2356 3310 Sacramento
2380 3273 2491 3309 deteri

1402 3333 1551 3361 oculsset
1567 3347 1575 3357 .
