2605 3624
646 96 725 140 DE
761 91 1023 138 NUMERO
1058 91 1611 138 SACRAMENTORUM
1644 94 1701 138 N.
1726 99 1775 140 L.
2264 106 2316 145 35

65 195 158 233 nes,
202 180 316 220 etiam
344 174 560 222 liaereticae,
598 173 632 210 ἃ
660 172 941 221 schismaticae,
986 172 1186 210 uobiscum

66 236 296 275 conveniunt
322 233 363 270 in
402 229 473 266 hoc
514 227 724 279 septenario
751 226 1084 264 Sacrainentoriun
1115 239 1186 262 nu-

64 302 196 333 mer05
238 294 276 324 ut
304 281 463 336 proinde
491 280 721 328 Novatores,
760 281 827 331 qui
856 278 957 317 Sacc.
988 277 1096 315 XVl.
1136 278 1185 316 ab

67 340 239 381 Ecclesia
269 336 440 375 Romana
468 334 738 381 discesserunt,
768 335 806 370 in
837 333 907 370 hac
937 341 1042 385 parte
1072 333 1186 370 etiam

64 409 88 433 a
115 393 282 433 doctriua.
322 388 495 426 omnium
524 386 829 425 Christianarum
858 385 1185 423 Cominunionum

64 445 308 491 recesserint,
351 455 396 480 ac
424 440 493 479 soli
524 441 766 479 inveniantur
795 438 974 478 catholici
1003 439 1187 490 dogmatis

63 497 183 538 hostes
199 526 210 546 ‚
239 496 273 533 ἀ
303 496 585 547 impugnatores
602 521 613 532 .

116 564 209 602 217.
235 548 291 587 Ut
318 557 446 586 autem
477 546 592 599 hujus
619 548 833 600 argumenti
867 554 940 584 tota
973 545 1030 583 vis
1061 546 1183 597 perci-

60 605 212 657 piatur,
241 614 322 655 prae
349 600 471 639 oculis
501 601 721 640 habendum
751 609 803 638 est
831 599 928 639 illud
950 597 1183 636 Tertulliani

59 657 297 710 principium
326 653 391 694 De
419 653 593 694 Praescr.
624 652 807 692 Haeret.:
855 651 969 704 Quod
1010 650 1115 702 apud
1142 664 1184 688 ο-

59 722 174 748 mnes
202 721 327 747 unum
354 712 577 756 invenitur,
606 721 685 745 non
706 716 764 746 est
783 715 985 751 erratum,
1015 704 1184 741 sedit-a-

59 761 182 801 ditum
200 777 215 808 ;
244 772 326 801 tum
353 759 455 801 illud
482 760 610 800 simile
628 760 669 799 S.
687 760 886 812 Augustini
903 759 991 797 Lib.
1008 757 1076 796 IV.
1091 770 1181 796 con-

61 824 119 855 tra
149 817 362 855 Donatistas
389 828 475 866 cap.
492 814 556 859 24.
576 813 625 851 Τ.
642 813 736 851 IX.:
770 811 884 863 Quod
912 816 1096 849 universa
1124 820 1180 848 te-

57 880 125 908 net
146 868 358 917 Ecclesia,
386 879 462 905 nec
493 866 676 905 Concilic's
704 869 949 913 institutum,
979 864 1048 903 sed
1076 877 1181 902 sem·

56 936 128 974 per
155 931 351 962 retentum
379 928 440 958 est
459 949 471 968 ,
499 923 659 958 nonnisi
688 925 930 957 auctoritate
958 918 1180 968 apostolica

56 975 250 1015 traditum
277 976 496 1013 rectissime
524 973 717 1011 creditur.
746 973 832 1012 Jam
862 973 1011 1010 veroin
1033 972 1103 1010 hoc
1124 986 1179 1009 se-

61 1030 232 1082 ptenario
250 1028 585 1067 sacramentorum
615 1039 778 1065 numero
806 1024 1022 1064 coufitendo
1049 1039 1178 1063 omnes

55 1081 261 1121 Christiani
289 1081 454 1120 nominis
481 1080 649 1119 nationes
665 1109 676 1128 ,
705 1081 881 1132 quamvis
906 1079 1003 1116 locis
1024 1081 1121 1116 iuter
1140 1093 1179 1116 se

55 1134 287 1188 disjunctas,
316 1133 516 1181 moribus,
545 1132 579 1170 ἃ
609 1132 752 1185 linguis
778 1133 973 1180 diversas,
1003 1141 1117 1183 atque
1139 1133 1177 1170 in

53 1188 233 1242 pluribus
260 1186 348 1226 aliis
377 1185 548 1226 articulis
576 1186 650 1225 sibi
682 1188 774 1240 ipsis
789 1186 999 1226 contrarias
1028 1199 1179 1237 semper

55 1242 300 1290 convenisse,
330 1242 383 1279 ita
410 1241 705 1280 demonstratur.

111 1294 201 1334 218.
231 1294 395 1333 Primo.
443 1294 605 1342 Quando
633 1293 749 1332 semel
767 1324 777 1342 ,
806 1294 944 1332 iterum
963 1323 974 1341 ,
1005 1292 1037 1328 ἃ
1068 1293 1178 1331 tertio

55 1357 183 1390 actum
212 1357 264 1387 est
291 1348 338 1386 de
367 1348 590 1386 extinctione
612 1347 716 1386 illius
737 1349 920 1385 teterrimi
941 1347 1175 1396 schismatis,

58 1415 136 1453 quo
164 1400 335 1440 Ecclesia
362 1415 487 1454 graeca
515 1415 538 1440 a
568 1400 738 1439 Romana
765 1402 939 1440 omnium
970 1409 1089 1438 matre
1119 1401 1176 1438 in-

54 1453 221 1492 feliciter
246 1464 417 1507 separata
445 1462 551 1503 erat,
589 1468 806 1507 numquam
840 1455 885 1492 de
914 1467 1077 1492 numero
1105 1453 1175 1492 Sa-

52 1517 334 1547 cramentoruin
362 1507 594 1560 disputatum
625 1508 738 1546 fuisse
766 1508 929 1560 legimus
946 1535 957 1546 .
992 1506 1146 1544 Photius
1163 1537 1174 1555 ,

52 1558 178 1599 Mich.
198 1559 442 1610 Cerular‘ius,
472 1574 682 1614 eorumque
710 1561 922 1600 schismatis
952 1562 1175 1613 pertinacis-

50 1612 140 1652 simi
167 1614 381 1654 defensores
407 1616 537 1654 omnia
578 1617 692 1653 etiam
737 1617 945 1653 minutiora
973 1614 1174 1652 dissensio-

49 1679 146 1706 num
174 1669 300 1720 capita
326 1677 609 1720 exposuerunt,
640 1668 673 1704 ἃ
702 1677 886 1720 quantum
910 1674 1077 1717 poterant
1094 1695 1104 1713 ,
1133 1678 1173 1701 e-

53 1727 325 1770 xaggerarunt:
369 1719 510 1760 nullibi
541 1729 669 1760 tamen
699 1720 855 1772 aliquod
887 1720 1087 1771 vestigium
1117 1731 1175 1755 re·

53 1773 182 1825 perire
209 1781 262 1810 est
289 1775 540 1811 accusationis
569 1774 672 1811 circa
714 1787 917 1810 numerum
947 1773 1172 1810 Sacramen-

55 1832 209 1872 torum,
240 1824 299 1863 vel
330 1827 367 1863 in
395 1825 578 1874 Barensi,
605 1826 668 1864 ivel
698 1827 737 1866 in
766 1826 1012 1877 Lugduucusi
1030 1855 1040 1872 ,
1071 1825 1103 1860 8<
1135 1826 1174 1862 iu

52 1876 273 1916 Florentina
289 1877 445 1929 Synodo
465 1879 550 1928 (c.);
579 1893 703 1930 neque
724 1889 846 1930 postea
863 1904 874 1915 .
904 1878 1016 1926 Quod
1038 1878 1175 1914 utrius-

52 1941 130 1983 que
161 1931 276 1981 partis
317 1929 510 1968 silentium
552 1931 664 1968 nobis
703 1931 918 1982 suppeditat
959 1931 1173 1982 patentissi-

51 1994 161 2021 mum
189 1991 482 2034 argumentum,
527 1981 680 2035 plenam
697 2013 708 2032 ,
757 1984 1048 2036 perfectamque·
1078 1983 1173 2021 fuis-

51 2048 93 2073 se
121 2033 192 2074 hac
219 2037 260 2074 in
297 2043 402 2089 parte
437 2037 635 2088 utriusque
650 2035 834 2075 Ecclesiae
855 2039 1141 2076 consensionem
1160 2062 1171 2074 .

53 2087 164 2127 Addo
204 2091 318 2128 etiam
364 2099 631 2142 argumentum
674 2091 881 2142 positivum
924 2091 1082 2128 ductum
1125 2103 1171 2129 ex

47 2140 229 2182 simeone
269 2142 597 2183 'I'tiessatouicensi
641 2143 786 2182 celebri
811 2175 822 2193 ,
874 2144 907 2181 ἃ
951 2144 1171 2197 probatissi-

45 2207 115 2234 mo
142 2197 237 2234 iuter
263 2210 348 2235 suos
377 2197 578 2248 populares
596 2196 811 2250 Theologo,
840 2199 908 2251 qui
938 2199 1084 2250 scripsit
1105 2212 1173 2235 an-

52 2257 90 2288 te
116 2248 331 2289 Concilium
362 2248 625 2290 Florentinum
643 2281 654 2300 ,
685 2250 718 2287 ἃ
748 2260 890 2303 septem
911 2251 1174 2300 Sacramenta,

53 2300 186 2355 qualia
214 2304 315 2354 apud
331 2316 394 2342 uos
414 2313 511 2352 sunt,
539 2305 713 2343 distincte
733 2315 931 2343 enumerat
949 2334 960 2351 ‚
990 2314 1029 2343 ut
1051 2305 1171 2343 videri

48 2364 170 2408 potest
187 2357 288 2408 apud
310 2356 461 2395 Petrum
486 2358 698 2396 Arcudium
728 2359 818 2397 Lib.
839 2359 868 2396 l.
913 2357 976 2396 De
1010 2371 1173 2396 concor·-

50 2405 122 2446 di'a
149 2406 346 2449 Ecclesioe
376 2410 530 2450 Orient.
559 2411 609 2453 (3·
640 2411 777 2451 Occid.
807 2416 848 2450 in
877 2421 1026 2464 septem
1056 2411 1172 2450 sacr.

48 2460 277 2502 administr.
305 2478 392 2517 cap.
414 2476 452 2502 2.

105 2528 196 2569 2¹9·
225 2516 394 2557 Ulterius
407 2517 539 2558 Graeci
569 2519 741 2572 ignorare
761 2533 835 2559 nou
854 2527 1054 2573 poterant,
1083 2532 1172 2572 quas

48 2566 91 2606 iu
103 2568 277 2608 Concilio
292 2571 520 2612 Florentino
550 2582 630 2625 post
657 2575 838 2613 sancitam
868 2588 958 2612 cum
980 2574 1071 2625 ipsis
1085 2587 1175 2613 con-

51 2622 218 2661 cordiam
247 2625 297 2662 ab
324 2623 502 2678 Eugenio
529 2626 632 2679 Papa
663 2642 732 2680 pro
756 2629 1008 2666 Armenorum
1037 2628 1176 2665 instru-

53 2674 179 2714 ctione
206 2675 354 2717 decreta
381 2680 565 2726 fuerunt3
597 2694 669 2720 nec
698 2689 824 2723 tamen
853 2682 1059 2733 quisquam
1089 2694 1176 2719 con-

57 2733 117 2764 tra
142 2733 396 2781 septenarium
424 2733 761 2774 sacramentorum
793 2748 1002 2774 munerum
1030 2733 1176 2774 ibidem

101 2903 152 2939 (05
178 2899 298 2936 Vl‘leri
322 2915 465 2956 Possunt
490 2920 612 2946 contra
641 2913 851 2958 questiones
885 2914 978 2948 inter
1006 2914 1176 2955 Latinos,

59 2945 94 2998 ξι
119 2947 260 3000 Grecos
287 2960 424 2993 agitata·
449 2956 540 3000 apud
563 2959 841 2994 eruditissimum
868 2961 978 2994 Mich-
1006 2962 1176 3004 LeQuien

57 3002 95 3025 m
122 2991 219 3045 (Iist-
239 2995 379 3047 schism.
398 2998 506 3034 Grac.
540 3004 604 3038 sub
629 3006 753 3039 fictitio
778 3007 917 3040 nomine
943 3007 1108 3053 Stephani
1135 3006 1176 3041 de

57 3038 237 3072 Almoura
259 3040 492 3078 ponticensis.
519 3048 629 3082 immo
655 3062 884 3094 provocamus
903 3052 944 3086 ad
966 3055 1080 3098 ipsum
1100 3054 1181 3099 Syl-

55 3092 216 3139 vestrum
234 3086 469 3140 Sguropolnm
485 3112 495 3129 ‚
519 3093 576 3134 qui
603 3096 738 3130 calamo
763 3098 988 3134 schismatico
1006 3101 1180 3134 Arcanum

55 3129 253 3165 Historiam
273 3133 404 3177 Synod·
428 3136 634 3169 Florentinae
658 3144 842 3184 exaravit5
873 3145 907 3178 in
932 3158 1001 3191 qua
1027 3146 1068 3179 de
1094 3159 1179 3181 con-

54 3179 230 3211 troversia
250 3181 436 3224 septenarii
454 3183 757 3218 Sacratnentorum
783 3192 917 3223 numeri
943 3204 984 3226 ne
1002 3192 1071 3235 >apd
1095 3194 1175 3238 qui-

58 3219 138 3274 dem
161 3226 339 3259 occurrit.
374 3226 462 3270 Quis
487 3237 602 3262 autem
631 3229 774 3271 credat,
799 3236 980 3271 cavillosos
1006 3237 1173 3281 Graecoe,

54 3277 116 3319 qu!
142 3267 183 3321 fle
206 3272 451 3306 minutissimis
471 3273 732 3309 diversitatibus
751 3286 878 3310 nostrae
895 3281 1060 3318 Ecclesiae
1074 3297 1092 3318 a
1110 3298 1174 3320 sua

59 3311 210 3359 litigiose
235 3321 566 3363 conquerebantur,
604 3323 638 3354 in
673 3334 709 3354 re
748 3324 835 3356 tanti
862 3329 1030 3363 momenti
1053 3339 1174 3368 mutos

161 3359 404 3419 Gazzaniga
437 3365 565 3409 Uzeol.
597 3367 712 3410 Tom·
732 3367 837 3411 V111.

1254 180 1471 210 contentum
1495 173 1735 211 mussitavit.
1766 177 1887 213 Immo
1909 175 1939 211 ἆ
1961 178 2113 229 φηηιῑο
2143 181 2182 217 in
2212 182 2374 231 patriam

1255 226 1411 262 reduces
1441 234 1616 262 renovato
1645 225 1872 275 schismate,
1915 245 2043 269 ouuws
2071 233 2118 270 ad
2147 247 2226 271 suae
2259 235 2370 285 perli-

1252 278 1326 315 dias
1346 279 1545 315 infamiam
1563 277 1852 329 abstergendam
1869 293 2070 331 praetextus
2086 287 2250 337 undique
2266 301 2373 340 quai·-

1253 333 1448 379 siverunt,
1479 345 1545 368 nec
1568 329 1726 369 Marcus
1743 331 1928 383 Ephesius
1947 364 1956 381 ,
1987 349 2052 372 nec
2074 338 2264 388 Sylvester
2279 340 2374 392 Sgu-

1255 383 1434 436 ropolus,
1477 397 1547 422 nec
1580 383 1681 422 ullus
1710 384 1808 422 alius
1838 385 2099 426 schismaticus
2130 384 2342 437 Eugenium
2362 423 2373 440 ,

1254 447 1318 475 aut
1348 436 1429 488 ejus
1449 437 1646 489 Synodum
1677 440 1851 476 novitatis
1881 439 1951 476 liae
1974 442 2011 477 in
2034 451 2137 492 parte
2157 440 2345 484 :recusit-it
2363 473 2372 482 .

1310 503 1401 528 220.
1433 491 1489 528 Ad
1521 490 1625 538 lime,
1657 500 1800 529 vetusta
1829 494 2057 531 Gra-corum
2089 494 2319 545 Eucholugm
2352 516 2372 536 -ι

1251 553 1377 582 nostro
1404 544 1485 582 Jac.
1514 545 1684 591 Goario,
1728 544 1777 582 ab
1808 546 1933 584 isaaco
1966 547 2133 595 Habere,
2177 549 2222 584 ad
2261 552 2373 589 tiam.

1251 596 1454 645 Matiene,
1484 612 1507 634 a
1537 598 1663 635 Leone
1693 598 1835 636 Allatio
1861 599 2046 648 collecta,
2078 613 2150 638 uon
2181 601 2302 639 solum
2333 622 2372 642 a·

1251 660 1359 703 perta
1378 652 1552 689 omnium
1571 682 1581 699 ,
1612 650 1645 687 8<
1666 652 1902 703 singulorum
1918 653 2247 692 Sacramentorum
2271 670 2373 694 incu-

1250 706 1389 743 tionem
1422 704 1592 752 faciunt,
1635 705 1699 742 sed
1728 706 1844 743 etiam
1874 720 2006 745 eorum
2036 709 2155 755 ritus,
2186 722 2229 745 ac
2257 723 2374 747 ciere-

1249 759 1394 796 moiiias
1411 767 1631 810 exponunt5
1662 760 1701 796 in
1717 758 1860 810 quibus
1878 772 1954 798 non
1977 761 2078 799 leves
2093 771 2176 799 suut
2207 764 2374 814 (quain-

1248 826 1364 864 quain
1395 824 1470 849 nou
1499 811 1791 859 substantiales)
1821 828 1844 851 a
1874 817 2007 852 uostris
2045 814 2296 864 differentiae,
2337 826 2376 854 ut

1250 866 1371 917 magis
1388 896 1397 913 ,
1429 866 1626 918 magisque
1646 875 1826 918 appareat
1843 897 1852 914 ‚
1882 867 2217 908 sacramentorum
2233 870 2373 908 doctri-

1247 933 1340 956 nam
1370 933 1436 956 nec
1466 921 1513 955 ad
1534 920 1691 958 Graecos
1720 933 1763 957 ex
1787 919 1958 958 Ecclesia
1988 922 2133 970 latina,
2164 937 2232 961 nec
2263 925 2374 961 vicis-

1249 974 1321 1009 sim
1351 973 1398 1010 ad
1429 972 1585 1020 latinam
1615 972 1829 1012 Ecclesiam
1854 988 1874 1011 a
1904 976 2054 1013 Graecis
2085 977 2199 1014 fuisse
2228 977 2377 1015 deriva-

1248 1033 1346 1070 tain;
1376 1026 1437 1063 sed
1470 1039 1513 1063 ex
1539 1026 1751 1077 Apostolica
1779 1027 1977 1068 traditione
2005 1029 2053 1067 ad
2085 1039 2285 1083 utramque
2302 1031 2376 1069 Ec-

1247 1078 1403 1117 clesiam
1434 1080 1666 1117 descendisse
1683 1106 1694 1117 .

1304 1147 1395 1172 221.
1424 1133 1527 1170 Huic
1570 1141 1791 1183 argumento
1835 1135 1961 1185 majus
2003 1135 2120 1173 robur
2153 1139 2298 1176 accedit
2329 1152 2375 1176 eir

1247 1187 1319 1235 iis,
1348 1201 1437 1239 quae
1460 1186 1560 1224 Saec.
1583 1185 1719 1233 XVI„
1749 1186 1783 1223 &
1814 1187 1941 1226 XVll.
1972 1188 2043 1227 bac
2073 1191 2112 1227 in
2143 1203 2182 1226 rc
2211 1193 2374 1242 contige-

1246 1249 1362 1278 runt.
1392 1241 1490 1278 Cum
1521 1253 1622 1278 anno
1658 1241 1773 1292 ¹559.
1805 1241 2023 1280 Demetrius
2051 1242 2209 1295 quidam
2241 1243 2375 1281 Eccle-

1244 1295 1312 1332 sia’,
1341 1294 1764 1344 Constantinopolitanae
1797 1295 1992 1334 Diaconus
2022 1298 2166 1349 integro
2194 1301 2365 1335 semestri

1245 1347 1524 1398 Wirtembergi
1554 1348 1652 1385 iuter
1681 1347 1916 1387 Lutheraiios
1950 1359 2205 1388 commoratus
2235 1351 2274 1389 in
2306 1366 2373 1402 pa-

1242 1402 1356 1439 triam
1393 1402 1557 1449 rediret,
1602 1399 1701 1439 Phil.
1733 1400 2007 1442 Melanchthon
2052 1405 2124 1455 ipsi
2155 1405 2372 1442 Confessio-

1243 1468 1329 1492 nem
1364 1455 1622 1506 Augustanam
1651 1467 1775 1507 graece
1805 1470 1952 1494 versam
1983 1456 2184 1508 Josapliato
2206 1458 2269 1507 (a)
2302 1456 2372 1496 Pa-

1243 1507 1421 1547 triarcliae
1452 1509 1697 1546 deferendam
1725 1509 1854 1546 dedit.
1897 1510 1995 1546 Cuin
2039 1518 2167 1547 autem
2207 1510 2301 1547 iiiliil
2331 1525 2373 1547 0-

1245 1563 1379 1599 mnino
1410 1562 1541 1598 fuisset
1582 1575 1604 1598 a
1633 1561 1784 1598 Graecis
1819 1574 2067 1613 responsum,
2111 1576 2210 1600 anuo
2254 1564 2373 1615 1575.

1242 1613 1360 1651 Mart.
1390 1614 1545 1651 Cursius
1563 1643 1572 1661 ,
1603 1613 1637 1650 ἃ
1666 1613 1746 1652 Jac.
1780 1614 1961 1667 Andreas‘
1978 1628 2023 1652 ex
2053 1614 2294 1668 Tubingeusi
2319 1620 2369 1655 A·

1240 1667 1414 1704 cadentia
1442 1667 1721 1704 commercium
1751 1667 1981 1706 litterarium
2011 1669 2249 1708 instituerunt
2279 1685 2371 1709 cum

1239 1719 1407 1758 Jeremia
1437 1718 1656 1757 Patriarclia
1683 1719 2007 1773 constantinopol.
2035 1736 2104 1774 per
2132 1723 2369 1776 Stephanum

1241 1771 1495 1810 Gerlachium
1513 1802 1523 1819 ‚
1567 1773 1636 1824 qui
1666 1786 1755 1810 cum
1784 1774 1959 1812 Caesareo
1989 1775 2128 1825 Legato
2155 1778 2369 1816 Constanti-

1242 1824 1371 1877 nopoli
1402 1824 1648 1873 morabatur,
1677 1827 1933 1880 eamdemque
1961 1829 2216 1868 Confessiouis
2239 1831 2370 1883 Augu-

1241 1886 1358 1916 stanae
1387 1891 1556 1930 graecam
1585 1880 1800 1919 versionem
1829 1883 1876 1920 ad
1912 1881 2026 1921 illum
2057 1883 2373 1922 transmiserunt.

1238 1932 1427 1970 Jeremias
1457 1944 1570 1984 porro
1600 1947 1640 1970 re
1670 1943 1818 1973 mature
1847 1949 1935 1974 cum
1966 1938 2043 1974 suis
2062 1937 2259 1986 discussa,
2290 1947 2371 1976 tau-

1241 1986 1327 2023 dem
1359 1985 1571 2038 respondit,
1602 1985 1635 2022 ἃ
1666 1987 1744 2025 fere
1773 2001 1903 2027 omues
1922 1988 2006 2040 ejus
2025 1990 2279 2029 Confessionis
2307 2004 2371 2030 ar-

1240 2038 1403 2088 ticulos,
1441 2041 1510 2092 qui
1539 2048 1670 2078 contra
1699 2041 1887 2081 Ecclesiae
1921 2043 2104 2082 Romanae
2135 2044 2252 2083 fidem
2283 2059 2372 2084 con-

1237 2094 1357 2131 stituti
1387 2101 1519 2142 erant,
1562 2103 1690 2147 aperte
1720 2095 1878 2147 rejecit.
1924 2098 2026 2150 Cap,
2053 2107 2179 2136 autem
2210 2098 2295 2137 Vll.
2325 2099 2372 2137 de

1238 2146 1497 2185 Sacramentis
1527 2148 1577 2185 ita
1605 2149 1779 2201 scripsit:
1810 2149 1857 2188 In
1887 2163 1938 2189 ea
1966 2155 2062 2190 item
2092 2155 2178 2202 ipsa
2207 2152 2373 2190 catholi-

1243 2212 1322 2248 ca,
1350 2201 1400 2241 <9⁶
1429 2199 1652 2240 orthodoxa
1681 2201 1871 2242 Ecclesia
1899 2214 2048 2256 septem
2071 2205 2205 2242 <lirina
2222 2205 2371 2244 Sacra·

1241 2263 1383 2292 menta
1411 2263 1530 2302 sunt,
1560 2255 1792 2306 Baptismus
1820 2259 1969 2296 scilicet
1988 2289 1998 2306 ,
2028 2258 2143 2296 Sacri·
2169 2257 2371 2311 Unguenti

1241 2311 1375 2345 unctio
1391 2337 1402 2356 ,
1432 2307 1565 2346 Sacra
1584 2308 1821 2349 Communis>
1838 2341 1848 2358 ‚
1881 2311 1991 2349 Ordo
2007 2341 2017 2358 ,
2040 2311 2371 2361 Mitrimontum,

1239 2360 1481 2399 Paenitentia
1499 2391 1508 2409 ‚
1538 2363 1587 2403 <9¹
1616 2373 1814 2401 exiremae
1843 2367 2037 2402 unctionis
2060 2363 2204 2402 Oleum
2221 2392 2231 2403 .
2263 2366 2310 2404 Et
2331 2367 2373 2404 in

1241 2415 1405 2453 secunda
1434 2428 1532 2467 resp.
1563 2416 1611 2453 ad
1638 2417 1787 2455 cosdem
1809 2417 2021 2469 'Flieologos
2042 2418 2178 2456 fatetur
2197 2419 2372 2470 quidem,

1242 2470 1341 2507 iuter
1369 2469 1614 2507 Sacramenta
1634 2470 1871 2523 Baptismum
1893 2501 1904 2519 ,
1934 2471 1968 2507 ἃ
1996 2471 2170 2510 divinam
2191 2473 2373 2511 Commu-

1242 2523 1395 2560 nionein
1427 2523 1570 2574 potiora
1600 2537 1705 2571 esse,
1735 2537 1827 2561 cum
1847 2527 1996 2562 sineit's
2014 2525 2123 2563 salus
2151 2527 2258 2564 nullo
2288 2540 2375 2564 mo-

1243 2574 1293 2613 do
1329 2579 1565 2627 contingat,
1607 2577 1736 2615 subdit
1767 2569 1927 2627 iameu,
1969 2579 2018 2619 (θ’
2057 2579 2238 2629 reliqua,
2281 2593 2372 2630 quoe

1243 2640 1335 2666 cum
1366 2632 1412 2666 iis
1440 2632 1713 2678 septenarium
1741 2643 1956 2670 numerum
1986 2633 2149 2682 implent
2166 2663 2177 2680 ,
2220 2632 2372 2670 tradita

1242 2695 1330 2720 esse
1358 2681 1409 2720 ab
1423 2681 1639 2722 Ecclesia.
1672 2682 1709 2720 T
1706 2683 1841 2722 radim.
1859 2716 1869 2734 ‚
1901 2687 2057 2738 inquam
2075 2716 2085 2734 ,
2116 2700 2190 2724 nou
2221 2688 2368 2725 iustitu-

1243 2744 1308 2782 ta3
1338 2744 1377 2776 ut
1405 2735 1508 2776 male
1536 2737 1697 2790 quidam
1727 2747 1815 2777 sunt
1844 2740 2081 2791 interpretati
2101 2738 2159 2792 (b)
2177 2767 2188 2778 .

2226 2807 2318 2834 222.

1244 2925 1318 2950 esse
1343 2915 1522 2961 potuisse,
1547 2915 1577 2950 si
1604 2914 1722 2962 aliqua
1742 2915 1919 2951 extitisset
1937 2928 2003 2952 nos
2021 2916 2113 2951 inter
2138 2928 2177 2951 ac
2203 2917 2295 2963 ipsos
2319 2915 2372 2950 di-

1246 2963 1472 3007 sorepanti‘a?

1293 3013 1338 3047 (a)
1366 3009 1594 3054 Hottingerus
1619 3009 1653 3042 in
1680 3008 1779 3043 Htsi.
1806 3010 1908 3045 Eccl.
1933 3011 2018 3044 Saec.
2047 3011 2172 3050 XVL,
2197 3009 2370 3043 melchior

1249 3053 1406 3088 Adamus
1432 3057 1467 3089 in
1493 3055 1575 3089 Vita
1591 3056 1902 3098 Melanchthom's‚
1926 3058 1978 3091 Jo.
2007 3057 2130 3090 Frauc.
2152 3053 2308 3090 Buddeus
2336 3055 2371 3087 in

1248 3099 1394 3146 Isagoge
1409 3107 1483 3136 (rc.
1497 3112 1574 3147 pag.
1591 3112 1693 3135 {222-
1709 3124 1719 3142 ,
1745 3103 1874 3148 aliique
1896 3103 2087 3137 Lutlierani
2109 3103 2200 3136 liunc
2219 3103 2371 3135 Pati-iar-

1246 3145 1349 3181 cham
1376 3150 1557 3182 nominant
1576 3146 1783 3192 Josephum.
1810 3148 1874 3183 Sed
1905 3151 1974 3183 lieo
1999 3150 2150 3183 All-atius
2177 3150 2211 3180 iu
2236 3148 2289 3181 his
2315 3159 2368 3179 rc—

1244 3192 1310 3226 bus
1337 3195 1448 3228 multo
1473 3195 1642 3240 peritior,
1667 3207 1727 3228 eos
1752 3197 1899 3240 cori-igit
1926 3197 2003 3230 Lib.
2025 3197 2082 3228 tit.
2118 3195 2175 3228 De
2201 3195 2364 3227 Ecciem

1243 3239 1509 3282 Occidentalis,
1535 3245 1577 3275 (Γ
1591 3242 1789 3277 orientalis
1812 3251 1973 3287 perpetua
1992 3243 2226 3276 Consensi‘one
2245 3251 2318 3283 cap·
2333 3240 2364 3270 ὅ·

1244 3287 1276 3328 9.
1304 3297 1335 3319 2.
1840 3308 1844 3311 -

1292 3335 1338 3376 (6)
1363 3334 1446 3370 Haec
1470 3334 1589 3371 omnia
1613 3333 1725 3372 videri
1749 3344 1895 3400 possunt
1920 3335 1957 3370 in
1983 3335 2089 3370 Actis
2108 3354 2119 3373 ‚
2153 3337 2194 3369 Φ*
2221 3332 2364 3370 scriptas

1807 3395 1829 3421 d
