2605 3624
748 139 836 184 DE
868 136 1242 183 nEBAP‘rISMl
1271 135 1746 184 ·CON‘PRoVicnSlA
1766 171 1776 182 .

111 224 290 265 dicemus
317 221 514 278 epistolam
536 220 698 260 LXVII.
726 219 766 258 S.
796 220 1010 272 Cypriani,
1049 232 1124 269 qua
1148 231 1241 255 ·cnn—

108 289 171 318 *tra
202 281 301 319 liunc
326 275 512 316 Ecclesiae
542 277 797 321 desertorem,
841 286 953 325 opem
983 272 1023 309 S.
1053 270 1237 322 Stephani

118 333 167 372 Ἡ.
184 333 228 372 ·P.
259 328 517 384 implorabat?
541 329 585 367 -ld
602 328 760 380 quidem
780 325 884 364 volim
913 339 1025 364 ausus
1056 334 1107 362 est
1134 325 1236 362 ‘Lau-

112 386 251 438 nojus,
277 387 340 423 vir
369 385 512 422 criticae
531 381 884 433 iuieinpemntioris
900 410 910 427 ,
942 381 1003 417 sed
1026 391 1165 432 paucos
1182 380 1240 416 iu-

112 442 217 482 venit
241 450 322 476 snas
349 439 542 476 sententias
571 435 832 487 suffragatores
863 434 926 484 (a)
943 459 955 471 .

175 491 261 531 130.
290 489 596 542 S.‘Rugt1stintts
625 499 775 536 autem,
805 489 982 539 quamvis
1012 485 1078 524 diu
1097 516 1107 533 ,
1138 483 1240 524 mul-

107 553 271 597 §umque
298 544 345 582 de
378 544 572 596 vbaptismo
605 542 880 581 vlitereticorum
919 550 1047 579 contra
1084 539 1241 577 Donati-

106 607 186 638 stas
213 599 488 652 disputaverit,
532 597 670 637 fatetur
698 606 827 635 tamen
857 595 944 633 hil).
976 595 1025 632 ll.
1068 592 1131 630 De
1162 592 1240 630 Ba-

107 656 258 704 ,ριιζςηιο
277 666 364 704 cap.
380 651 419 698 4.
437 681 447 700 ,
478 665 557 689 non
586 654 726 689 omnia
741 681 751 698 ,
780 662 870 700 quoe
898 649 963 686 illo
983 657 1160 697 tempore
1180 650 1239 683 in-

108 714 176 744 ser
205 703 419 756 Episcopos
445 714 563 758 gesta
591 714 682 743 sunt
700 735 712 754 ,
742 707 951 741 memorioe
973 732 983 750 ‚
1023 702 1240 749 ‘litterisque

110 759 309 798 mandari
351 763 550 811 potuisse,
586 767 665 797 aut
707 760 876 806 omniu,
918 767 1008 808 quoe
1037 752 1240 792 mundata

112 822 228 861 sunt,
258 827 301 851 se
329 818 507 852 novisse.

166 867 261 906 ⁴51⁷.
293 866 418 905 Patres
452 868 610 906 demum
638 864 804 904 Concilii
835 863 903 901 Ill.
931 859 1241 913 carthaginensis

110 918 280 973 allegare
308 920 507 973 epistolam
533 918 757 958 ·Firmiliani
782 930 861 955 >non
891 925 1091 968 potuerunt
1108 946 1118 962 ,
1148 916 1242 965 quia

110 973 201 1013 'liaec
229 976 378 1014 nonnisi
409 983 489 1026 post
512 986 601 1011 eam
631 972 832 1024 Synodum
870 971 910 1008 in
942 970 1113 1008 thricam
1160 979 1243 1020 per-

114 1029 246 1074 venit,
290 1035 487 1066 utcontra
516 1025 767 1065 Lambertum
804 1023 964 1062 ostendit
1000 1023 1059 1061 J0.
1090 1021 1244 1059 I’earso·

112 1082 204 1120 nius
232 1081 444 1133 Episcopus
471 1080 693 1119 Cestriensis
720 1080 762 1116 in
786 1077 1007 1115 Annalibus
1028 1075 1244 1129 Cypriani-

110 1138 172 1174 cis
199 1134 247 1172 ad
274 1147 362 1172 ann.
382 1132 472 1172 256.
502 1147 571 1172 nu.
599 1146 658 1171 10.
688 1131 722 1169 ἃ
747 1146 825 1185 seq.
869 1130 1087 1183 Stephanus
1115 1139 1243 1168 autem

110 1201 188 1227 ¹non
218 1187 337 1226 multo
358 1196 473 1240 post,
508 1186 657 1226 scilicet
693 1199 792 1224 anno
824 1184 916 1236 257.
955 1186 1066 1223 initio
1103 1185 1243 1221 mensis

115 1242 274 1294 Augusti
305 1242 492 1294 martyrio
514 1249 718 1281 7coronatus
742 1249 826 1288 ·est,
855 1240 919 1278 cui
950 1239 1128 1277 successit
1158 1236 1243 1290 Xy-

107 1303 191 1334 stus
206 1324 217 1344 ,
245 1294 318 1333 sub
345 1308 424 1347 quo
453 1308 526 1347 pax
543 1325 554 1343 ,
579 1292 618 1330 Bt
638 1294 841 1333 concordia
863 1295 1028 1332 restituta
1045 1322 1055 1340 ,
1085 1300 1149 1330 aut
1168 1291 1243 1329 sal—

106 1355 193 1387 tem
220 1349 474 1388 controversia
503 1349 623 1401 sopita
647 1349 726 1387 fuit
743 1378 754 1396 ,
791 1348 952 1387 >fortasse
981 1355 1142 1399 ·propter
1165 1359 1242 1382 ·sae-

110 1403 282 1441 vientem
312 1400 513 1441 Valeriani
553 1403 882 1455 persecutionem,
920 1402 966 1438 ·in
1009 1413 1088 1452 qua
1117 1400 1242 1437 xetiam

109 1455 336 1508 Cyprianus
364 1456 541 1509 martyrii
570 1453 733 1507 gloriam
763 1464 983 1494 consecutus
1005 1463 1080 1492 est--

178 1508 265 1547 152.
294 1509 490 1558 Quantum
517 1521 610 1549 vero
639 1510 686 1548 ad
717 1509 935 1548 Donatistas
972 1508 1162 1561 pertinet,
1206 1507 1245 1544 in

148 1575 281 1601 uormn
309 1562 467 1602 officina
496 1562 596 1602 hanc
626 1562 848 1602 Firmiliani
870 1562 1082 1615 Epistolam
1113 1574 1246 1599 cusam

113 1575 234 1654 finisse
262 1618 473 1670 suspicatur
502 1616 731 1666 Missorius,
775 1616 954 1655 mirabile
993 1625 1092 1654 certe
1122 1615 1245 1667 foret,

108 1669 265 1708 ‘eosdem
295 1673 411 1709 armis
440 1685 462 1708 a
491 1684 528 1708 se
553 1670 760 1708 elaboratis
790 1682 873 1708 usos
917 1683 988 1706 non
1024 1669 1170 1714 tuisse,
1209 1667 1245 1705 si

114 1735 252 1762 verum
274 1733 349 1770 est,
379 1724 480 1774 qnod
501 1723 601 1761 idem
626 1722 824 1761 Missorius
845 1722 955 1760 nobis
976 1721 1136 1772 objicit,
1165 1719 1244 1758 Do-

119 1776 275 1812 natistas
305 1789 502 1828 nunquam
535 1775 754 1814 Firmiliani
785 1776 1046 1814 auctoritatem
1084 1775 1123 1812 in
1160 1787 1250 1811 cau-

113 1841 173 1866 !ae
189 1841 272 1866 snae
293 1828 546 1867 defensionem
568 1828 762 1881 allegasse.
788 1828 949 1867 Sed·nos
968 1827 1162 1867 silentium
1177 1827 1252 1864 Do-

119 1883 347 1920 natistarum
378 1896 455 1920 non
483 1882 594 1921 multi
618 1884 810 1931 'sacimns;
833 1897 965 1935 neque
987 1884 1098 1919 >enim
1124 1880 1248 1918 Dona-

116 1935 216 1973 tistis
242 1943 332 1972 nota
361 1937 493 1973 omnia
516 1936 694 1984 'fuet-unt,
723 1948 812 1988 quas
835 1938 936 1989 'ipsis
963 1936 1133 1973 nondum
1153 1935 1249 1972 natis

119 1988 162 2026 in
192 1987 414 2040 rebaptismi
443 2002 559 2027 causa
597 1998 680 2027 acta
710 1990 892 2027 «fuerant.
934 1987 1106 2026 Fortasse
1135 1989 1250 2025 etiam

121 2040 171 2078 ad
200 2039 298 2080 lianc
326 2039 548 2080 Firiniliani
577 2041 792 2094 Epistolam
828 2042 866 2079 di
894 2042 992 2079 itum
1032 2041 1252 2079 intendebat

110 2094 344 2133 Cresconius
371 2094 596 2143 Donatista,
626 2095 778 2147 quando
806 2095 873 2133 Cat
890 2094 1014 2133 iolicis
1042 2094 1253 2145 objiciebat

113 2147 340 2200 Cypriani,
383 2148 433 2190 (9¹
466 2147 1036 2201 quorumdam‘Orientalium
1071 2149 1254 2197 litteras,

123 2210 164 2239 ut
194 2201 322 2240 videre
350 2210 403 2240 est
431 2203 535 2255 apud
563 2203 605 2241 S.
634 2202 890 2255 Augustinum
929 2204 1037 2241 initio
1065 2201 1157 2241 Lib.
1187 2203 1256 2241 ΙΙΙ.

115 2263 255 2293 eontra
274 2255 521 2295 cresconium
538 2283 549 2295 .
578 2255 692 2306 Quod
720 2266 848 2296 tamen
860 2257 1018 2296 nonnisi
1030 2255 1122 2309 -conj
1130 2265 1257 2296 ectan·

125 2306 177 2346 do
205 2308 391 2348 dicimus.

188 2361 275 2401 155.
298 2362 396 2401 ilum.
415 2375 514 2402 ‘cum
538 2360 723 2403 Missos-'io
739 2391 750 2404 .
776 2364 899 2404 Nulla
927 2372 1085 2418 apparet
1111 2375 1229 2403 cansa
1246 2394 1257 2413 ,

117 2413 178 2453 'ob
206 2428 325 2468 quam
340 2416 560 2469 Cyprianus
589 2418 635 2456 ad
664 2418 901 2472 Episcopum
932 2428 1009 2458 tam
1040 2419 1153 2470 longe
1180 2419 1259 2457 dis-

119 2470 244 2508 situm
264 2468 415 2509 *litteras
442 2485 511 2525 per
538 2486 650 2510 suum
668 2472 885 2512 Diaconum
904 2473 1154 2525 Rogatianum
1171 2473 1260 2510 mit-

121 2530 245 2561 ‘etet-
287 2523 347 2562 Ἀι)
377 2533 415 2563 ut
443 2533 526 2580 post
554 2525 789 2566 celebratum
818 2528 1039 2567 Concilium
1057 2557 1068 2576 ,
1098 2525 1259 2578 Stepha-

122 2574 248 2627 uique
277 2576 482 2618 Decretum
512 2581 705 2633 suppetias
736 2580 907 2634 peteret?
947 2581 1022 2620 Sed
1054 2588 1260 2633 praeposte-

127 2638 186 2664 τω
215 2629 392 2671 fuissent.
423 2634 481 2671 An
510 2642 550 2672 ut
577 2648 668 2672 cum
686 2635 919 2674 Firmiliano
945 2645 1077 2674 contra
1098 2631 1260 2686 Stepha-

132 2692 225 2742 mtnj
254 2683 381 2723 foedus
409 2686 554 2726 iniret?
583 2687 657 2726 Sed
686 2687 762 2728 hoc
793 2703 866 2728 non
896 2698 974 2727 erat
1001 2687 1186 2742 pacifici,
1215 2699 1260 2725 ac

131 2736 319 2774 mitissimi
333 2738 519 2791 Cypriani
537 2771 549 2790 ,
579 2742 641 2780 sed
663 2741 830 2781 hominis
850 2742 1057 2782 turbulenti
1076 2772 1087 2791 ,
1108 2756 1151 2780 ac
1173 2740 1258 2793 pla-

133 2798 185 2823 ne
212 2787 494 2833 Novatianensis
511 2820 522 2832 .
552 2795 610 2833 Au
640 2805 680 2834 ut
710 2794 988 2836 Firmiliannm
1012 2793 1257 2835 consuleret?

130 2836 217 2876 Post
234 2841 451 2884 Concilium
479 2847 650 2887 scilicet.
681 2849 740 2889 An
769 2851 933 2904 denique
962 2859 1002 2889 ut
1031 2849 1259 2888 Firmiliani

129 2892 416 2953 confirmatione
430 2899 634 2952 Synodicae
655 2906 851 2943 sententiae
872 2905 1019 2958 pondus
1046 2901 1257 2955 adjiceret?

131 2945 239 2993 Quid
276 2946 360 2986 liaec
396 2965 475 3002 prae
498 2954 676 2994 Concilio
705 2957 787 2996 XC.
831 2959 910 2996 fere
942 2955 1258 3010 Episcoporum?

132 2998 219 3037 Non
249 3010 406 3052 apparet
424 3005 545 3064 ’igitur
572 3021 649 3059 qua
677 3024 740 3061 spe
757 3039 768 3059 ,
797 3024 951 3064 quoque
970 3011 1258 3062 consilioaCy-

131 3053 273 3145 {niano
300 3053 529 3114 'Rogati-'inus
554 3060 671 3100 ruerit
697 3064 746 3100 ad
773 3063 1049 3105 Firmiliauuin
1078 3079 1169 3105 cum
1197 3063 1260 3104 iit-

130 3119 224 3144 .eris
251 3121 408 3148 missus.

199 3289 250 3325 (ο)
280 3287 421 3322 Scilicet
449 3290 501 3323 Jo.
529 3291 676 3325 Gerbais
703 3291 757 3325 De
776 3292 901 3326 Causi's
924 3294 1108 3340 majoribus
1135 3309 1210 3342 cap.
1229 3298 1265 3333 8.

148 3339 298 3385 θήκῃ,
333 3337 386 3369 Jo.
417 3337 549 3370 Fellnm
590 3339 622 3371 in
661 3352 721 3372 sna
757 3338 912 3372 editione
937 3341 971 3374 S.
998 3343 1196 3386 Cypriani,
1233 3348 1265 3377 δε

145 3378 357 3417 Casnnirum
382 3383 561 3419 Oudinum
580 3385 635 3420 De
651 3386 823 3431 Scriptor.
851 3385 994 3422 Eccles.
1021 3387 1124 3423 Toiu-
1144 3390 1171 3423 1.
1195 3388 1265 3426 Sed

2295 147 2378 189 {03

1371 217 1458 262 134.
1491 218 1602 269 l‘lesp.
1633 221 1810 269 quamvis
1840 220 1946 257 nulla
1978 235 2020 258 ex
2064 221 2286 267 huiusmodi
2317 227 2438 264 causis

1306 271 1550 322 Cy‚priaiitiiii
1570 271 1784 322 impulisset
1803 302 1812 318 ,
1839 283 1875 309 ut
1897 275 1942 311 ad
1964 270 2234 315 l-'irmiliiuium
2258 288 2332 316 tam
2355 279 2435 316 lon-

1306 339 1352 375 ge
1379 325 1553 362 dissitum
1584 324 1726 362 litteras
1757 326 1937 372 mitteret,
1970 341 2041 364 non
2066 344 2260 382 propterea
2282 333 2436 370 conctu-

1305 379 1347 416 di
1378 391 1510 430 posse,
1541 376 1694 415 nullum
1727 378 1851 429 reipsa
1881 380 1997 415 fuisse
2029 383 2122 418 inter
2151 386 2243 423 duos
2274 388 2438 436 insignes

1303 432 1394 470 istos
1415 432 1622 483 Episcopos
1652 432 1866 469 litterarum
1897 436 2172 472 commercium
2193 464 2201 473 .
2232 439 2303 475 Sed
2328 455 2348 476 a
2373 453 2436 477 ve.

1308 498 1351 522 ro
1381 499 1456 523 non
1487 486 1598 534 longe
1627 484 1893 533 abfuerimus,
1923 486 1953 522 si
1974 486 2169 536 dicamus,
2197 493 2436 542 (varj.,1fflffi

1304 538 1474 577 'voluisse
1503 538 1701 576 consulere
1730 538 1776 574 de
1806 548 1878 577 tota
1911 553 1947 575 re
1977 538 2168 578 celebrem
2201 537 2241 579 ozi
2264 555 2370 582 oetatce
2390 548 2438 582 Α-

1309 594 1375 630 siae
1407 591 1671 644 Episcopum,
1717 604 1791 630 non
1822 603 1860 630 ut
1890 593 2160 630 determinaret
2179 624 2189 643 ‚
2225 599 2318 639 quid
2348 608 2441 637 aget

1308 645 1600 694 definiendum,
1640 646 1707 684 sed
1739 654 1777 682 ut
1814 647 1851 684 in
1887 646 2181 685 definitionibus
2220 642 2297 699 jam
2335 652 2440 690 sac-iis

1308 713 1346 738 se
1364 730 1374 748 ,
1410 713 1573 751 suosque
1601 699 1775 749 Collegas
1804 700 2073 747 confirmarem
2118 705 2314 752 praecipue
2346 714 2439 755 pust-

1308 766 1426 806 quam
1457 762 1640 802 noverat,
1687 751 1797 790 Rom.
1826 753 2052 792 *Pontificem
2085 755 2322 807 Stephanum
2367 758 2441 795 sibi

1311 818 1440 860 aperte
1483 819 1722 859 repugnare,
1765 809 1886 846 immo
1929 807 1962 844 8<
2005 812 2443 850 excommunicationem

1310 872 1538 900 comminari
1557 888 1568 900 .

1371 916 1460 953 ³55.
1491 914 1585 966 obj.
1615 912 1787 953 secundo
1817 924 1949 953 contra
1970 918 2231 956 anctoritatem
2256 916 2442 965 Eusebii‚

1312 967 1521 1016 &Basilii3
1544 977 1710 1021 ·uterqne
1740 970 1845 1007 enim
1877 972 2005 1022 magni
2039 970 2153 1021 liujus
2175 972 2320 1010 dissidii
2340 986 2445 1010 men-

1310 1024 1452 1061 tionem
1482 1032 1653 1076 apertam
1693 1024 1807 1061 fecit.
1853 1025 1899 1062 At
1941 1037 2031 1062 vero
2061 1024 2249 1063 Eusebius
2292 1027 2440 1078 primus

1308 1074 1431 1128 'hujus
1471 1077 1617 1115 sabulae
1663 1078 1839 1115 inventor
1877 1077 2101 1117 medullitus
2141 1081 2304 1117 Arianus
2341 1088 2446 1127 erat,

1315 1132 1438 1169 immo
1468 1131 1856 1181 Arianaejsszctionis
1894 1131 2088 1183 signifer,
2133 1141 2173 1169 ut
2216 1146 2303 1171 eum
2334 1142 2443 1171 vocat

1309 1184 1574 1236 Hieronymus
1603 1185 1692 1223 Lib.
1712 1185 1739 1221 l.
1771 1184 1974 1237 Apolograe
1992 1185 2080 1222 adv.
2104 1185 2307 1234 Ruffiuum
2326 1213 2336 1224 .
2368 1186 2445 1224 Vo-

1312 1237 1390 1276 lens
1427 1239 1563 1290 ·itaque
1606 1237 1816 1287 gratificari
1847 1237 2120 1287 Paulianistis,
2163 1253 2327 1291 quorum
2362 1254 2446 1291 ger—

1311 1306 1399 1330 men
1429 1301 1506 1330 erat
1540 1292 1680 1329 Ariana
1709 1291 1892 1339 liaeresis,
1936 1307 2024 1345 quas
2063 1302 2153 1330 tunc
2192 1295 2374 1344 temporis
2410 1295 2450 1330 in

1306 1346 1468 1398 'Synodo
1498 1345 1660 1384 Nicaena
1697 1354 1828 1384 contra
1859 1345 2156 1384 l'mtinistarum
2191 1346 2381 1399 bapti-ma
2410 1361 2450 1383 a-

1307 1410 1371 1438 cta
1398 1407 1486 1438 sunt
1504 1430 1514 1448 ‚
1552 1401 1639 1451 ·ipse
1669 1401 1862 1438 immerito
1890 1400 1938 1437 ad
1967 1403 2143 1439 omn-[uin
2174 1399 2450 1439 haereticorum

1308 1452 1552 1506 “baptismum
1579 1453 1771 1501 traduxit,
1801 1462 1840 1491 ut
1869 1456 1998 1492 omnia
2027 1469 2088 1493 sus
2118 1455 2240 1506 deque
2271 1464 2418 1493 vertens
2437 1484 2447 1502 ,

1315 1509 1577 1546 auctoritatem
1603 1506 1779 1558 ejusdem
1805 1506 1956 1558 “Synotli
1999 1510 2217 1556 minueret,
2262 1510 2371 1560 quasi
2408 1520 2451 1544 o-

1310 1563 1466 1600 mnium
1498 1561 1766 1599 haereticorum
1783 1560 2018 1611 baptismum
2036 1562 2272 1613 reprobasset
2290 1591 2300 1609 ,
2330 1574 2449 1614 quem

1314 1623 1443 1652 tamen
1473 1613 1655 1652 Summus
1682 1612 1859 1651 Pontifex
1890 1612 2105 1665 Stephanus
2145 1629 2221 1653 nna
2254 1629 2342 1653 cum
2374 1615 2452 1653 Oc-

1312 1666 1569 1706 cidentalibus
1590 1666 1763 1705 validum
1785 1680 1863 1704 esse
1883 1667 2100 1707 decreverat
2119 1682 2126 1705 2
2158 1670 2364 1707 imminuta
2384 1683 2449 1706 vc-

1316 1734 1360 1759 ro
1401 1719 1547 1774 Synodi
1577 1718 1752 1758 Nicaenae
1795 1723 2016 1759 auctoritate
2053 1721 2296 1775 triumphum
2338 1737 2450 1762 cane-

1316 1774 1410 1812 bant
1428 1775 1561 1813 Ariani
1579 1800 1589 1812 .
1615 1775 1663 1812 ”lu
1692 1774 1856 1826 gratiam
1879 1776 2001 1813 'etiam
2024 1774 2307 1814 Donatistarum
2326 1807 2336 1824 ,
2365 1778 2453 1829 qui-

1315 1828 1482 1866 'buscuin
1513 1828 1648 1866 Ariani
1679 1827 1806 1865 foedus
1849 1828 1946 1866 inire
1983 1838 2250 1877 tentaverant,
2294 1839 2383 1868 teste
2413 1830 2455 1868 S.

1319 1883 1533 1932 Augustino
1566 1881 1689 1933 Epist.
1715 1879 1873 1929 'XLV..‚
1918 1884 2038 1934 potuit
2066 1883 2259 1921 Eusebius
2303 1883 2386 1922 haec
2415 1897 2456 1920 o-

1309 1937 1424 1972 <mnia
1461 1934 1680 1986 configere.
1717 1934 1902 1973 Gelasius
1934 1935 2036 1989 Papa
2068 1937 2276 1975 Historiam
2308 1937 2454 1975 Eccles-

1318 1987 1479 2026 Eusebii
1502 1989 1608 2026 ‘inter
1635 1988 1879 2041 apocryphos
1906 1990 2029 2029 libros
2059 1992 2276 2040 recensuit,
2307 2001 2346 2030 ut
2368 2003 2453 2043 pro-

1314 2051 1450 2094 pterea
1479 2055 1554 2080 non
1587 2044 1782 2081 immerito
1804 2044 1846 2081 ·ei
1876 2042 1971 2083 fides
2000 2045 2232 2097 denegetur.
2278 2046 2455 2084 Auctori-

1321 2105 1436 2135 tatem
1466 2109 1556 2135 vero
1584 2096 1626 2136 S.
1654 2096 1790 2135 Basilii
1820 2097 1860 2135 in
1888 2098 2016 2151 Epist.
2046 2099 2094 2137 ad
2111 2098 2455 2152 Amphilochium,

1322 2165 1440 2203 quam
1471 2164 1586 2203 supra
1615 2165 1656 2190 n.
1691 2150 1779 2190 108.
1809 2150 2063 2205 allegavimus
2081 2183 2091 2201 ‚
2134 2167 2316 2192 enervare
2345 2166 2458 2191 cona-

1322 2213 1384 2243 tur
1414 2204 1644 2253 Missorius,
1673 2204 1859 2254 dicendo,
1880 2211 2018 2257 primo
2050 2208 2164 2246 fuisse
2194 2207 2348 2245 fortasse
2378 2205 2458 2245 En·

1315 2259 1422 2297 ·sebii
1452 2260 1674 2297 auctoritate
1704 2259 1907 2310 abreptum
1926 2291 1936 2309 ,
1979 2270 2091 2313 atque
2123 2262 2353 2311 deceptum:
2395 2271 2457 2297 se-

1326 2311 1457 2352 cuniio
1479 2312 1608 2351 ‘mn-lta
1639 2314 1677 2351 in
1697 2328 1742 2352 ea
1764 2313 1935 2363 Epistola
1964 2315 2128 2352 inveniri
2154 2314 2309 2365 inepta,
2339 2312 2373 2349 8(
2401 2327 2459 2350 se-

1325 2381 1416 2406 cum
1448 2367 1686 2419 pugnantia,
1721 2367 2036 2406 inmanifestum
2065 2367 2254 2406 indicium
2280 2368 2357 2406 sint
2386 2366 2459 2405 ali-

1318 2420 1439 2473 cujus
1468 2419 1755 2459 adulterationis
1771 2446 1782 2458 .

1386 2473 1474 2513 156.
1502 2473 1619 2526 Resp.
1649 2473 1696 2511 ad
1724 2477 1903 2524 primum
1921 2505 1931 2523 ,
1960 2473 2130 2513 dubitari
2162 2474 2324 2513 minime
2349 2485 2460 2527 *posse

1327 2528 1374 2567 de
1394 2527 1553 2567 Eusebii
1583 2527 1659 2565 fide
1689 2528 1729 2566 in
1761 2527 1831 2566 hac
1860 2529 2115 2567 controversia
2146 2528 2369 2581 rebaptismi
2403 2543 2460 2566 re-

1329 2581 1485 2621 ferenda
1502 2611 1513 2629 ,
1538 2582 1582 2619 'iu
1613 2594 1690 2633 qua
1710 2583 1740 2620 si
1762 2583 1915 2621 mentiri
1936 2596 2051 2621 ausus
2072 2583 2201 2622 fuisset
2217 2613 2229 2634 ‚
2260 2592 2354 2620 totus
2376 2581 2459 2633 pla-

1327 2650 1376 2674 ne
1396 2634 1500 2673 orbis
1521 2634 1784 2684 reclamasset,
1815 2649 1905 2674 cum
1932 2637 2002 2675 vix
2032 2636 2240 2674 dimidium
2264 2636 2457 2674 *saeculum

1328 2689 1378 2728 ab
1408 2689 1540 2727 eadem
1570 2691 1827 2728 controversia
1844 2691 2132 2743 pertransisset.
2161 2689 2363 2742 Praecipue
2392 2703 2460 2727 au·

1322 2751 1406 2782 'tem
1435 2742 1705 2782 reclamassent
1736 2743 1851 2793 Afri,
1880 2745 1948 2796 qui
1980 2744 2259 2783 florentissimas
2289 2755 2366 2780 succ
2384 2741 2457 2780 Ec-

1325 2797 1455 2836 clesiae
1486 2795 1622 2835 salsam
1639 2796 1897 2849 anabaptismi
1918 2808 2045 2836 notam
2067 2799 2232 2836 inustam
2251 2798 2458 2836 vidissent.

1329 2850 1494 2904 Parique
1523 2849 1608 2901 jure
1637 2849 1903 2891 reclamassent
1932 2851 2177 2900 Orientales,
2216 2850 2364 2903 aliique
2395 2862 2459 2902 po-

1326 2904 1439 2958 puli.
1470 2904 1620 2943 Deinde
1649 2903 1772 2942 multa
1800 2905 1880 2944 alia
1907 2914 2114 2958 suppetunt
2143 2903 2258 2956 hujus
2289 2904 2455 2943 historiae

1325 2960 1551 2998 documenta
1569 2988 1579 3006 ,
1609 2959 1751 3010 quibus
1779 2959 1831 2997 ita
1859 2959 2125 2998 corroboratur
2155 2959 2248 2998 fides
2270 2957 2427 2997 Eusebii
2446 2986 2456 3005 ,

1328 3022 1370 3051 ut
1399 3012 1614 3050 nullatenus
1642 3013 1755 3063 possit
1778 3013 1814 3050 in
1835 3013 1998 3051 dubium
2022 3013 2149 3052 vocari
2168 3041 2178 3052 .
2208 3013 2370 3060 Quando
2391 3025 2456 3048 au-

1323 3075 1403 3105 tem
1434 3066 1612 3104 Gelas-ius
1642 3065 1839 3104 historiam
1870 3067 2029 3106 Eusebii
2075 3069 2172 3106 inter
2215 3067 2332 3105 libros
2366 3078 2453 3115 apo-

1322 3119 1494 3175 cryphos
1523 3118 1683 3171 rejecit,
1713 3119 1760 3158 ad
1787 3134 1833 3160 ‘ea
1852 3130 1955 3161 certe
1970 3124 2133 3174 respexit
2151 3149 2163 3171 ‚
2192 3132 2281 3174 quae
2297 3121 2343 3158 de
2363 3118 2455 3154 'ver-

2366 3170 2407 3211 bi

1330 3298 1439 3345 hujus
1467 3301 1635 3347 Epistolae
1674 3302 1890 3348 genuitatem
1917 3301 2141 3337 vindicarunt
2168 3301 2259 3334 inter
2284 3299 2366 3331 alios
2394 3294 2455 3326 Ri-

1332 3348 1461 3428 ξειίιὲυδ
1477 3370 1503 3400 2·
1525 3351 1562 3400 &¹
1582 3350 1635 3384 Jo·
1663 3351 1874 3387 Oxoniensis
1899 3351 1935 3384 in
1960 3351 2032 3384 suis
2064 3347 2274 3383 editionibus
2296 3346 2455 3386 Operum

1359 3416 1366 3426 .
1424 3403 1563 3439 ypriam
1582 3417 1591 3428 .
