2605 3624
307 136 357 162 10
1090 117 1355 162 DISSERT.
1387 120 1423 164 Ι.
1466 120 1594 164 CAP.
1624 120 1702 164 111.

243 211 308 236 ma
337 198 421 235 vide
449 195 548 233 dicta
575 195 747 247 superius
776 208 815 234 n.
834 195 897 236 55.
917 209 995 248 seq.
1025 210 1259 250 quamquam
1284 213 1356 238 nou

243 251 399 295 desunt,
428 251 495 300 qui
523 249 705 297 credant,
736 250 849 288 fuisse
877 265 898 288 a
926 249 966 288 S.
992 249 1150 288 Doctore
1180 252 1219 288 iu
1241 250 1357 289 Sum-

242 316 313 339 ma
346 300 474 338 leeol.
504 300 602 340 lianc
629 304 848 354 opinionem
877 304 915 341 iu
947 301 1085 341 melius
1114 313 1327 343 mutatam.

294 354 359 392 62.
375 353 489 393 Dices
507 382 518 392 .
547 354 632 393 Una
663 369 706 393 ex
726 356 1008 395 conditionibus
1023 356 1354 395 Sacramentorum

239 405 324 445 haee
355 416 430 456 est,
462 416 501 445 ut
527 408 600 446 siut
627 411 732 459 signa
752 410 871 448 aDeo
890 410 1111 456 constituta,
1140 411 1232 461 quia
1251 410 1356 448 Deus

238 460 339 498 solus
367 465 419 498 est
447 460 774 500 sacramentorum
805 472 951 501 auctor:
981 464 1011 500 si
1041 476 1128 513 ergo
1157 463 1223 500 illa
1251 464 1356 513 signa

237 515 481 564 protestativa
509 513 600 553 fidei
628 528 672 552 ex
701 515 778 554 solo
808 515 1006 554 homiuum
1036 515 1193 553 arbitrio
1213 518 1354 566 pende-

236 565 356 615 bant,
386 579 459 605 non
488 576 594 605 eraut
622 568 690 606 illa
721 583 809 607 vera
838 568 1110 607 Sacramenta.

288 619 357 659 65.
380 619 491 671 Resp.
519 622 632 659 e·iam
663 621 731 660 illa
758 624 862 673 sigua
890 621 1129 672 protestativa
1156 619 1246 658 fidei
1275 619 1353 658 dici

235 685 341 723 posse
370 674 539 712 instituta
567 688 589 712 a
618 674 726 721 Deo,
755 683 941 726 quatenus
969 673 1098 712 fideles
1127 674 1278 711 nonnisi
1307 685 1354 711 ex

234 726 517 767 Deifi'nstinctu
546 742 589 765 ea
617 727 875 775 adhibebant,
915 726 948 763 8(
978 724 1149 778 parvulis
1177 726 1350 778 applica-

232 778 350 827 bant,
382 789 421 818 ut
448 792 536 818 mox
564 794 653 818 cum
684 780 865 832 Angelieo
891 780 1140 818 dicebamus.
1187 779 1266 827 Qui
1296 788 1349 817 et-

232 832 311 870 iam
347 845 380 870 1.
402 847 439 872 2.
467 847 534 884 qu.
561 834 649 872 105.
677 842 746 871 art.
773 847 806 871 1.
836 834 888 870 ita
917 834 1192 870 ratiocinatur.
1244 832 1351 883 Quia

237 894 336 923 ante
364 887 490 939 legem
507 886 680 936 fuerunt
708 885 872 936 quidam
914 889 984 923 viri
1011 889 1227 936 praecipui,
1263 899 1352 936 pro-

230 937 382 988 pheneo
411 941 545 988 spiritu
571 939 774 989 pollentes,
804 937 1047 976 credendum
1075 947 1147 987 est,
1176 939 1279 990 quod
1297 952 1352 978 ex

229 996 419 1030 instinctu
447 990 574 1029 divino
591 1022 600 1040 ,
644 995 759 1042 quasi
788 1004 841 1029 ex
869 991 1046 1043 quadarn
1081 995 1238 1042 privata.
1266 993 1353 1045 lege

229 1044 510 1082 inducerentur
539 1044 798 1096 acl-aliquem
826 1054 977 1083 certum
1007 1044 1169 1083 modum
1198 1046 1352 1085 colendi

229 1097 364 1135 Deum
382 1127 392 1146 ‚
423 1101 486 1149 qui
515 1098 564 1138 (θ’
593 1102 829 1136 conveniens
858 1106 960 1136 esset
989 1102 1175 1136 exteriori
1204 1100 1349 1148 culmi,

227 1151 278 1190 (θ’
320 1154 444 1189 etiam
486 1160 720 1203 congrueret
762 1151 818 1189 acl
859 1150 1174 1204 significandum
1211 1152 1352 1191 Christi

227 1207 427 1255 mysteria
443 1229 454 1241 .
485 1203 577 1243 Vid.
591 1204 633 1242 S.
649 1204 844 1255 'I'hom-[iu
864 1204 933 1243 lv.
948 1202 1059 1243 Sent.
1076 1205 1172 1243 Dist.
1190 1206 1218 1243 1.
1236 1221 1302 1258 qu.
1318 1220 1351 1245 1.

227 1266 299 1294 art.
319 1271 354 1295 2.
384 1257 662 1310 quaestiimc.4.
693 1258 960 1308 ubissrationem
989 1257 1123 1306 affert,
1152 1272 1221 1297 cnr
1239 1272 1349 1311 opor-

226 1311 339 1348 tuerit
359 1309 601 1349 Sacramenta
630 1313 669 1350 in
699 1311 780 1363 lege
808 1313 948 1363 scripta
977 1315 1017 1348 in
1037 1312 1199 1362 speciali
1227 1312 1347 1351 deter-

225 1363 393 1410 minari,
424 1378 499 1402 non
529 1372 655 1402 autem
686 1366 724 1402 in
753 1365 835 1416 lege
864 1374 1009 1404 naturae
1027 1391 1037 1403 .

279 1415 346 1460 64.
375 1415 468 1466 Obj.
496 1416 694 1455 secundo.
738 1417 980 1456 Difficillime
1008 1418 1200 1466 creditur,
1232 1419 1345 1457 fuisse

221 1469 263 1506 in
295 1468 375 1519 lege
404 1477 551 1506 naturae
580 1469 736 1520 aliquod
765 1471 916 1521 signum
934 1479 1130 1509 externum
1151 1473 1198 1510 ad
1214 1471 1341 1509 delen-

222 1522 314 1559 dum
332 1529 528 1573 peccatum
542 1522 728 1574 originale
745 1552 754 1570 ,
785 1522 896 1573 cnjus
915 1523 1018 1561 nulla
1035 1537 1185 1574 prorsus
1203 1527 1342 1562 mentio

226 1573 439 1621 habeatur,
469 1587 593 1627 neque
622 1577 662 1613 iu
690 1574 922 1627 Scripturis,
953 1589 1073 1627 neque
1102 1579 1143 1614 in
1173 1578 1341 1616 traditio-

221 1642 269 1665 ne
299 1627 580 1676 Hebraeorum,
610 1628 677 1680 qui
707 1629 836 1679 ntique
867 1627 935 1665 illo
963 1629 1068 1680 siguo
1099 1630 1154 1667 usi
1187 1631 1343 1668 fuissent

223 1682 272 1718 ad
314 1680 601 1719 sanctificandos
643 1694 777 1732 pueros
819 1680 1106 1732 periclitantes,
1149 1684 1217 1734 qui
1258 1692 1342 1721 ante

219 1734 324 1772 diem
350 1743 527 1771 octavum
557 1734 782 1773 circumcidi
820 1747 894 1770 nou
933 1744 1127 1783 poterant,
1170 1745 1252 1773 tum
1290 1744 1342 1774 et-

222 1788 302 1825 iam
331 1785 501 1838 puellas,
531 1801 601 1838 pro
629 1786 769 1838 quibus
798 1787 1041 1825 circumcisio
1070 1788 1242 1827 instituta
1270 1802 1342 1827 non

220 1848 299 1878 erat
329 1840 420 1891 (a).

272 1892 338 1931 65.
372 1893 482 1944 Hesp.
511 1892 550 1930 id
581 1894 722 1930 mirum
752 1892 872 1931 videri
902 1905 974 1930 non
1011 1892 1175 1941 debere,
1218 1894 1338 1945 quia,

219 1954 264 1983 ut
292 1947 436 1984 dictum
467 1954 545 1993 est,
586 1944 655 1983 lioc
685 1948 835 1997 signum
865 1947 1149 1998 prote-stativum
1180 1947 1336 1985 internae

219 1999 339 2046 fidei,
383 2013 454 2037 non
485 2007 561 2036 erat
589 1999 720 2050 aliqua
753 2008 855 2037 certa
896 1999 977 2050 lege
1014 1999 1335 2050 determinatum,

218 2053 282 2092 sed
315 2051 502 2104 pendebat
540 2052 589 2090 ab
632 2053 782 2090 interno
810 2052 884 2090 Dei
921 2052 1124 2100 instinctu,
1168 2053 1337 2106 adeoque

218 2107 371 2144 varium
395 2135 405 2153 ,
449 2105 482 2141 8(
511 2105 704 2144 diversum
734 2120 810 2142 esse
840 2114 1009 2157 poterat.
1052 2105 1176 2143 Judaei
1209 2116 1338 2146 autem

217 2159 468 2206 recentiores,
497 2160 608 2198 sicuti
637 2161 866 2210 primaevam
895 2172 1049 2197 snorum
1078 2158 1231 2197 Patrum
1262 2169 1336 2198 tra-

215 2212 398 2249 ditionem
426 2212 474 2249 de
503 2221 656 2263 peccato
683 2212 858 2263 originali
878 2212 1119 2264 abjecerunt,
1149 2214 1201 2251 ita
1221 2215 1335 2252 etiam

217 2265 390 2315 ejusdem
419 2267 564 2316 peccati
595 2266 807 2303 remedium
838 2268 1036 2317 ignorant.
1067 2265 1114 2303 Et
1135 2268 1164 2304 si
1185 2265 1254 2304 hoc
1275 2281 1336 2305 ar-

214 2326 442 2369 gumentum
470 2317 636 2368 valeret,
680 2317 823 2358 valeret
851 2321 965 2359 etiam
1001 2327 1133 2359 contra
1160 2320 1336 2360 Circum-

268 2508 316 2544 (α)
341 2505 378 2538 P·
404 2505 505 2539 Dom-
533 2507 639 2548 Soio,
663 2508 723 2552 qui
750 2509 848 2543 nobis
873 2509 1101 2551 adversatur,
1138 2511 1332 2545 maximam

217 2553 291 2585 vitu
317 2552 412 2595 ponit
438 2553 472 2585 in
497 2552 562 2586 hoc
589 2564 793 2597 argumento
819 2556 854 2588 in
879 2557 1075 2590 Commeat.
1102 2556 1145 2590 ad
1173 2558 1250 2591 Lib.
1270 2559 1330 2593 lv.

217 2599 376 2632 ‚Sentent-
401 2599 492 2632 Dist.
520 2601 560 2631 ll.
586 2611 644 2644 qu.
675 2612 704 2632 1.
731 2610 797 2634 art.
824 2600 856 2642 4.
874 2623 884 2641 ‚
917 2600 1080 2644 additque
1117 2615 1151 2636 se
1181 2604 1332 2638 interro-

216 2656 314 2688 gasse
341 2645 455 2688 plures
482 2646 667 2686 Hebraeos,
693 2650 723 2679 &
748 2647 941 2691 Neophitos
967 2647 1001 2679 in
1023 2648 1190 2692 Hispania
1206 2671 1216 2690 ,
1243 2652 1332 2683 Ger-

214 2691 359 2730 mania,
385 2691 540 2724 Veneriis
556 2713 566 2731 ,
592 2696 623 2724 &
643 2694 783 2734 Romae,
809 2702 931 2726 utrum
957 2693 1095 2737 aliquod
1122 2695 1261 2738 signum
1287 2696 1332 2730 ad

215 2735 359 2769 modum
384 2737 602 2772 Sacramenti
628 2739 712 2783 legis
738 2749 872 2774 naturae
898 2739 1074 2783 applicent
1112 2742 1182 2773 suis
1209 2743 1334 2775 femel-

214 2783 258 2816 lis
274 2804 285 2822 ,
311 2794 434 2827 eosque
459 2782 610 2817 ridentes
635 2785 850 2831 respondisse
864 2808 875 2827 ,
902 2797 1080 2830 nunquam
1100 2787 1205 2820 talem
1225 2788 1333 2823 ritum

216 2827 307 2873 apud
332 2841 387 2862 eos
415 2829 518 2862 fuisse
548 2830 731 2875 auditum,
758 2832 816 2866 sed
841 2841 979 2867 tantum
1004 2844 1060 2866 eas
1085 2832 1207 2867 offerre
1235 2835 1332 2870 nullo

215 2875 314 2919 signo
338 2884 432 2908 certo
456 2885 611 2910 servato.

266 2923 312 2959 (b)
338 2921 508 2964 Quaenam
543 2923 672 2956 fuerint
706 2925 929 2958 Sacramenta
961 2924 1046 2969 legis
1079 2933 1214 2958 naturae
1251 2935 1331 2961 ante

215 2967 552 3008 Circumcisionern,
589 2969 763 3003 Catholici
791 2972 960 3006 Doctores
994 2970 1140 3004 definire
1174 2983 1242 3006 non
1269 2985 1330 3006 au-

210 3012 316 3054 dent,
353 3012 645 3059 quemadmodum
669 3025 804 3050 constat
829 3030 869 3051 ex
896 3017 1063 3050 hactenus
1088 3016 1191 3051 dictis
1210 3041 1219 3050 .
1262 3018 1328 3052 Sed

214 3060 325 3104 aliqui
362 3073 404 3094 ex
432 3061 704 3095 Protestantium
732 3072 824 3097 secta
860 3063 1068 3107 ejectionem
1103 3063 1255 3098 hominis
1287 3077 1330 3099 ex

213 3105 400 3146 Paradiso,
425 3115 529 3150 atque
556 3108 784 3153 interseptum
810 3110 839 3143 ei
867 3108 999 3144 aditum
1025 3108 1069 3143 ad
1094 3110 1252 3143 arborem
1277 3112 1332 3145 vi-

215 3161 262 3185 tae
287 3163 351 3197 pro
376 3154 599 3187 Sacramento
623 3154 818 3189 habuerunt
845 3177 856 3196 ‚
893 3164 932 3188 ut
970 3158 1075 3189 refert
1103 3156 1223 3190 Herm.
1251 3158 1327 3191 Wi-

214 3198 302 3231 stius
328 3200 364 3232 in
390 3200 467 3233 Lib.
494 3200 554 3233 lV.
579 3202 622 3233 de
648 3206 829 3235 oeconornia
846 3202 1020 3245 foederum
1044 3202 1115 3236 Dei
1141 3214 1217 3248 cap.
1238 3215 1271 3248 7.
1297 3206 1329 3246 §.

214 3245 250 3276 3.
266 3266 277 3284 ‚
301 3246 361 3289 qui
386 3245 475 3279 hanc
501 3248 711 3280 sententiam
737 3247 920 3291 explodit3
958 3252 989 3281 <Sc
1022 3249 1098 3282 loco
1123 3248 1238 3282 fictitii
1262 3249 1330 3283 hu-

196 3291 271 3334 'jus
297 3292 513 3325 sacramenti
541 3292 725 3326 substituit
752 3293 910 3334 tunicas,
928 3305 1021 3339 ¹quas
1047 3295 1139 3328 Deus
1164 3293 1330 3336 Adamo,

212 3336 357 3384 ejusque
386 3339 492 3373 uxori
504 3339 586 3374 fecit
599 3347 676 3385 post
696 3347 879 3385 peccatum
898 3342 985 3376 Gen.
1003 3342 1064 3375 111.
1078 3351 1156 3382 2103
1182 3349 1257 3376 tum
1273 3351 1331 3385 po·

1424 200 1605 238 cisionem
1625 229 1635 248 ,
1664 214 1780 252 quam
1811 200 1927 239 fuisse
1955 214 2088 239 verum
2103 201 2391 240 Sacramentum
2412 200 2457 238 ad
2479 199 2543 239 de-

1423 252 1576 290 lendam
1607 252 1763 305 culpam
1789 254 2015 305 originalem
2033 285 2044 303 ,
2087 255 2167 306 ipse
2198 254 2425 292 Dominicus
2454 254 2543 291 Soio

1422 314 1504 356 post
1533 306 1686 344 Sanctos
1718 308 1995 357 Augusduum,
2038 307 2072 344 8(
2106 307 2297 346 Tliomam
2316 338 2326 356 ,
2367 305 2542 359 aliosque

1422 358 1658 411 Theologos‚
1690 369 1728 398 ut
1756 362 2010 399 certissimum
2039 360 2175 399 habet.

1476 410 1542 448 66.
1572 414 1762 458 Quaenam
1791 422 1944 461 autem,
1988 414 2021 449 8(
2050 423 2139 465 quot
2168 414 2310 452 fuerint
2339 421 2427 451 ante
2455 413 2542 451 Cir-

1422 464 1697 502 cumcisiouem
1725 464 1819 515 legis
1861 476 2008 505 uaturae
2038 467 2309 516 Sacramenta,
2352 466 2455 504 haud
2486 466 2542 504 fa-

1417 515 1495 553 cile
1520 524 1576 552 >est
1605 526 1706 553 certo
1734 517 1895 555 definire
1911 545 1921 556 .
1950 520 1991 557 S.
2013 519 2180 558 Thomas
2200 520 2238 559 5.
2255 519 2296 558 P.
2316 534 2355 572 q.
2372 518 2438 558 6¹.
2468 528 2541 557 art.

1421 567 1459 606 5.
1476 568 1522 605 ad
1540 569 1577 608 3.
1606 568 1852 607 Sacrificium
1882 569 2166 610 Melchisedech
2195 573 2366 611 nominat
2394 571 2543 609 Sacra-

1421 630 1601 659 mentum
1621 636 1633 664 ‚·
1662 620 1695 656 8(
1715 637 1754 673 q.
1771 622 1836 660 65.
1866 631 1936 660 art.
1964 637 1996 662 1.
2025 626 2071 662 ad
2091 640 2127 677 7.
2154 624 2364 664 oblationes
2381 654 2391 673 ,
2420 625 2455 660 &
2477 625 2542 662 de-

1420 676 1565 723 cimas,
1595 689 1683 728 quae
1713 684 1818 713 erant
1847 683 1925 714 tam
1954 677 1993 714 iu
2024 676 2104 728 lege
2134 687 2280 716 natnrae
2299 708 2310 727 ‚
2352 691 2470 730 quam
2501 678 2540 715 iu

1414 726 1500 779 lege
1530 727 1658 780 Nloysi
1675 758 1686 775 ,
1715 729 1808 767 dicit
1836 729 1951 767 fuisse
1970 728 2269 777 Sacramenta,
2298 734 2392 781 quia
2421 737 2540 767 erant:

1416 781 1616 819 ordinatae
1645 794 1725 819 non
1753 783 1881 819 solnm
1910 786 1951 819 in
1979 781 2193 820 subsidium
2220 781 2539 831 Ministrorum‚

1415 834 1466 875 <9¹
1493 847 1742 888 pauperum,
1770 835 1841 874 scd
1869 839 1994 874 etiam
2024 840 2065 874 in
2082 835 2268 889 figuram
2290 834 2348 887 (b)
2366 862 2378 875 .

1780 940 2082 982 PROPOSITIO
2112 942 2181 981 111.

1474 1045 1522 1085 In
1551 1047 1634 1099 Iege
1666 1047 1856 1088 Mosaica
1885 1062 1980 1089 Vera
1995 1047 2168 1102 fuerunt
2197 1047 2498 1088 Sacramenta.

1471 1152 1539 1204 67.
1557 1128 1679 1193 Haec
1698 1155 1744 1193 de
1760 1169 1800 1193 re
1819 1155 1984 1194 dubitari
2002 1156 2163 1194 minime
2184 1163 2314 1208 potest,
2339 1163 2539 1207 postquam

1416 1220 1501 1244 eam
1533 1215 1572 1243 ut
1601 1210 1851 1247 certissimam
1881 1219 2159 1261 supposuerunt
2188 1208 2264 1246 duo
2300 1209 2539 1246 oecumenica

1415 1259 1602 1307 Coi-icitia,
1619 1260 1886 1300 Florentinum
1904 1291 1914 1310 ,
1931 1263 1964 1298 8(
1985 1262 2272 1310 Tridentinum,
2289 1261 2441 1314 quaudo
2458 1261 2536 1298 suis

1415 1313 1573 1350 decretis
1601 1322 1833 1362 statuerunt,
1872 1316 1968 1367 quid
1998 1317 2092 1353 inter
2122 1315 2218 1363 illa,
2262 1315 2295 1350 8(
2325 1322 2447 1351 nostra
2477 1315 2534 1352 in-

1413 1366 1541 1411 tersit3
1572 1364 1605 1400 &
1636 1366 1730 1405 illud
1759 1368 1914 1420 quidem
1945 1371 1986 1406 in
2014 1369 2164 1407 decreto
2193 1381 2261 1420 pro
2284 1370 2538 1405 Armenorum

1411 1418 1683 1468 instructione,
1715 1421 1812 1458 istud
1842 1430 1967 1458 antem
1998 1421 2198 1460 Sess.Vll.
2228 1435 2315 1458 can.
2337 1433 2375 1457 2.

1429 1495 1432 1499 ›
1465 1471 1531 1509 68.
1562 1471 1748 1511 Perfacile
1776 1483 1903 1512 autem
1933 1484 2023 1512 esset
2053 1473 2165 1526 plura
2194 1486 2239 1510 ex
2260 1473 2399 1511 sanctis
2415 1471 2537 1509 Patri-

1409 1523 1481 1562 bus
1511 1526 1724 1564 testimonia
1752 1526 1917 1575 afferre,
1947 1529 2184 1579 potissimum
2212 1541 2304 1565 vero
2330 1524 2373 1563 S.
2404 1526 2536 1575 Augu-

1409 1578 1496 1614 stini
1528 1578 1616 1616 Lib.
1644 1579 1756 1617 XIX.
1786 1589 1929 1618 contra
1957 1578 2151 1618 Faustum
2181 1594 2267 1631 cap.
2295 1579 2358 1617 15.
2403 1577 2437 1613 8(
2468 1576 2532 1615 De

1410 1643 1501 1668 veru.
1532 1632 1718 1684 religione
1741 1646 1909 1684 -cap.17.
1940 1633 1973 1670 &
2003 1633 2051 1671 de
2081 1632 2278 1671 Doctrina.
2297 1631 2531 1670 Christiana

1409 1696 1495 1735 cap.
1532 1684 1591 1722 16.
1623 1684 1654 1720 8(
1685 1687 1791 1737 epist.
1820 1685 1996 1724 CXVIJI.
2044 1686 2118 1724 Sed
2161 1688 2201 1724 iu
2233 1699 2274 1723 re
2305 1685 2531 1731 manifesta,

1410 1739 1472 1774 cni
1502 1739 1616 1776 etiam
1637 1741 1887 1778 consentiunt
1906 1740 2108 1778 Novatores
2125 1740 2211 1791 (c),
2239 1738 2422 1777 nolumus
2452 1745 2532 1775 esse

1411 1789 1513 1840 longi
1531 1817 1541 1828 .

1465 1842 1531 1893 69.
1561 1844 1654 1881 Haec
1670 1844 1916 1883 Sacramenta
1944 1853 2048 1883 erant
2065 1845 2158 1883 ritus
2175 1875 2185 1892 ,
2215 1842 2249 1880 8(
2275 1843 2536 1891 caeremoniae,

1403 1909 1504 1945 quas
1535 1895 1637 1932 Deus
1667 1897 1793 1934 stabili
1824 1897 1905 1948 lege
1935 1912 2054 1949 usque
2083 1899 2130 1935 ad
2149 1897 2342 1935 Christum
2372 1896 2531 1933 duratu-

1407 1960 1466 1984 ras
1497 1948 1733 1995 instituerat,
1776 1948 1809 1984 8(
1838 1963 1927 2001 quae
1957 1951 2119 1999 gratiam
2148 1949 2306 2000 quidem
2333 1960 2412 1985 *nou
2441 1962 2534 1986 con-

1406 1999 1576 2037 ferebant
1606 2014 1658 2038 ex
1686 2014 1803 2051 opere
1832 2011 2019 2053 operato,
2052 2011 2104 2042 „ut
2147 2002 2349 2040 conferunt
2378 2010 2530 2050 nostra,

1404 2053 1469 2091 sed
1498 2053 1673 2092 eamdem
1703 2055 2001 2106 praefigurabant
2021 2081 2032 2093 .
2074 2055 2115 2093 S.
2147 2055 2315 2093 Thomas
2341 2068 2374 2093 1.
2397 2069 2433 2092 2.
2463 2068 2532 2106 qu.

1411 2118 1498 2144 102.
1520 2115 1588 2144 art.
1606 2108 1643 2145 5.
1674 2117 1874 2160 postquam
1904 2109 2084 2156 dixisset,
2114 2108 2361 2146 Sacramenta
2390 2108 2529 2147 veteris

1403 2158 1496 2211 legis
1525 2159 1592 2197 illa
1620 2165 1772 2212 proprie
1801 2162 1905 2209 dici,
1949 2174 2038 2212 quoe
2081 2160 2364 2199 abhibebantur
2392 2175 2420 2198 a
2449 2159 2528 2198 Det

1404 2212 1610 2250 cultoribus
1639 2214 1693 2251 acl
1723 2213 1946 2264 quamdam
1976 2219 2351 2262 consecrationem,
2380 2213 2526 2265 duplex

1403 2279 1535 2304 eorum
1555 2280 1673 2317 genus
1691 2267 1910 2319 distinguit,
1931 2267 2075 2306 scilicet
2095 2269 2275 2322 quaedam
2293 2297 2304 2315 ,
2334 2281 2422 2320 quae
2444 2280 2531 2318 per-

1398 2318 1574 2360 tinebant
1601 2322 1855 2360 communiter
1882 2321 1931 2360 ad
1959 2331 2080 2361 totuin
2108 2321 2299 2375 populum
2318 2351 2329 2371 ,
2360 2320 2394 2356 8(
2422 2320 2529 2370 alia,

2390 2387 2480 2427 qUae

1399 2519 1472 2544 stea
1499 2509 1678 2544 sacrificia
1702 2511 1818 2545 omnia
1842 2511 1878 2546 in
1904 2513 2219 2547 sacramentorum
2254 2523 2440 2546 numerum
2468 2523 2524 2546 re·-

1398 2557 1490 2590 fert.
1528 2557 1617 2590 Balt.
1642 2558 1803 2591 Bebelius
1829 2559 1864 2591 in
1880 2559 1976 2592 Hist.
2007 2560 2108 2593 Eccl.
2135 2560 2424 2593 A'nee—diltwiana
2449 2571 2532 2604 my-

1399 2604 1503 2636 sticas
1529 2601 1697 2648 quasdam
1724 2605 1907 2639 nominum
1935 2606 2172 2651 impositiones
2198 2617 2261 2650 pro
2286 2606 2526 2638 Sacramentis

1397 2649 1526 2682 habet.
1565 2650 1671 2682 Henr.
1698 2650 1936 2695 Heideggerus
1965 2653 2000 2685 in
2028 2652 2126 2686 Hm.
2154 2651 2350 2686 Patriarch.
2378 2651 2414 2682 Ρ.
2437 2653 2460 2683 Ι.
2490 2663 2528 2683 e-

1398 2696 1522 2729 xercit.
1544 2696 1577 2727 3.
1604 2696 1755 2730 Sabbato
1781 2710 1906 2732 nomen
1922 2720 1932 2738 ‚
1971 2702 2003 2731 δε
2027 2699 2101 2731 vim
2127 2697 2344 2731 Sacramenti
2371 2695 2497 2728 tribuit
2518 2717 2528 2728 .

1398 2742 1446 2776 Et
1469 2741 1587 2774 nullus
1613 2751 1701 2774 esset
1727 2741 1866 2776 dicendi
1891 2745 1994 2783 finis,
2020 2744 2049 2776 si
2068 2744 2205 2782 omnia,
2231 2753 2308 2786 quae
2330 2740 2525 2776 Novatores

1399 2788 1467 2822 sibi
1494 2787 1530 2819 in
1554 2787 1663 2820 sacris
1689 2787 1818 2821 litteris
1846 2789 2019 2822 invenisse
2057 2790 2125 2821 visi
2164 2796 2244 2820 sunt
2271 2788 2494 2820 Saesamenta
2511 2808 2526 2828 ,

1397 2844 1575 2868 recensere
1591 2854 1603 2873 ,
1629 2834 1661 2865 δε
1678 2835 1856 2866 confutare
1874 2835 2042 2868 vellemus
2057 2857 2065 2866 .
2091 2835 2212 2868 Sancti
2233 2834 2349 2866 Patres
2364 2854 2375 2872 ‚
2402 2836 2434 2865 &
2452 2835 2523 2867 Do-

1401 2889 1516 2914 ctores
1553 2879 1718 2912 Ecclesiae
1744 2880 1933 2914 Catholicae
1972 2889 2009 2913 ut
2043 2881 2297 2925 sapientiores,
2333 2879 2382 2913 ita
2420 2881 2526 2912 etiam

1398 2926 1665 2971 temperatiores
1691 2925 1833 2958 fuerunt
1861 2927 1895 2958 in
1921 2927 1963 2959 iis
1982 2925 2284 2966 determinandis,
2310 2937 2387 2970 quae
2413 2936 2525 2959 sacrae

1397 2973 1524 3006 litterae
1550 2982 1710 3015 expresse
1735 2984 1805 3004 non
1833 2971 2074 3005 tradiderunt.

1444 3024 1493 3059 (c)
1522 3018 1593 3062 Qui
1621 3025 1735 3050 tamen
1764 3018 1799 3050 in
1825 3019 1867 3051 iis
1902 3018 2120 3063 assignandis
2154 3018 2243 3052 mire
2280 3016 2520 3050 dissentiunt.

1399 3064 1578 3098 Lutherus
1604 3064 1647 3096 de
1673 3064 1806 3106 Capciw.
1834 3064 1960 3110 Rabyl.
1999 3076 2101 3109 agens
2136 3064 2175 3098 de
2201 3063 2376 3108 baptismo
2401 3062 2521 3096 omnia

1397 3111 1477 3145 Vet.
1505 3111 1601 3144 Test.
1630 3108 1752 3153 signa,
1781 3109 1907 3144 iridem
1926 3133 1937 3152 ,
1962 3112 2083 3145 Velius
2104 3109 2301 3146 Gedeom's‚
2328 3116 2523 3151 retrogres-

1396 3157 1532 3190 sionem
1557 3155 1662 3195 solis,
1689 3163 1747 3188 aut
1772 3157 1847 3199 ejus
1874 3158 2009 3191 umbrae
2029 3160 2092 3190 ἃς.
2119 3168 2181 3201 pro
2205 3153 2295 3185 veris
2312 3155 2520 3187 Sacramen-

1397 3203 1442 3235 tis
1466 3201 1595 3235 habet.
1621 3202 1866 3236 Communiter
1893 3212 2010 3237 tamen
2037 3203 2111 3247 ejus
2137 3199 2274 3233 asseelae
2295 3201 2431 3233 nonnisi
2450 3199 2518 3233 duo

1397 3256 1613 3292 agnoscunt3
1641 3248 1774 3284 scilicet
1799 3250 2142 3287 Circumcisionem,
2166 3249 2197 3279 &
2220 3257 2319 3280 esum
2345 3247 2425 3291 agni
2451 3245 2516 3279 Pa-

1397 3293 1548 3329 schalis.
2461 3323 2467 3338 x
