2605 3624
836 61 915 104 DE
951 57 1156 102 FORMA
1191 57 1741 102 CONFIRMA'HOMS.

551 191 724 233 CAPUT
743 191 811 230 111.

363 301 429 341 De
451 299 602 355 forma
641 298 998 353 Confirmationis.

177 413 242 465 89.
260 387 473 457 Catholici
503 407 690 460 Theologi
710 439 720 456 ‚
763 406 1088 459 quemadmodum
1127 418 1242 458 supra

125 466 338 505 notavimus
375 476 483 500 1111111.
518 463 584 513 67.
621 463 667 499 de
711 463 896 509 materia,
940 462 1010 512 ita·
1035 461 1148 497 etiam
1197 460 1244 496 ‹le

124 518 246 557 forma
272 515 685 556 confirmationis-non
730 529 863 567 parum
894 514 1117 565 disputant.
1165 513 1243 560 Qui

124 573 228 610 enim
256 570 377 609 solam
408 583 593 608 manuum
626 570 933 625 impositionem,
977 581 1064 619 quae
1096 580 1244 604 sacram

125 625 341 663 unctionem
371 625 581 676 praecedit,
625 622 738 674 liujus
767 622 1004 661 Sacramanti
1044 621 1245 657 materiam

125 679 384 724 constituunt,
412 679 624 715 orationem
642 705 652 724 ,
682 689 770 728 quae
801 675 847 712 ad
878 674 1135 712 invocandum
1157 673 1245 724 Spi-

122 732 241 770 ritum
284 731 544 783 septiformem
575 730 618 768 fit
646 729 702 767 ab*
725 729 916 779 Episcopo
947 741 1080 764 manus
1118 735 1244 763 exten-

123 785 237 823 dente
264 797 376 836 supet·
401 782 725 829 confirmandos,
767 782 898 818 dicunt
927 794 1004 817 esse
1047 781 1242 832 propriam

122 838 359 877 sacramenti
392 838 553 876 formam
571 863 582 875 .
615 835 792 873 Vicissim
809 835 877 885 qui
907 832 1027 870 solam
1057 833 1244 870 chrisma-

123 893 172 930 tis
201 892 418 930 unctionem
447 899 489 928 ut
517 889 717 928 materiam
747 887 978 934 admittunt,
1008 897 1243 937 consequen-

126 953 184 983 ter
213 946 378 983 formam
407 951 594 994 reponunt
623 942 662 979 in
693 941 737 978 iis
767 940 922 986 verbis,
965 952 1054 991 quae
1087 939 1244 990 Episco-

130 1012 201 1051 pus
230 998 391 1034 frontem
423 996 594 1035 liniendo
623 994 792 1046 profert,
823 992 998 1043 Signote
1014 996 1127 1043 signo
1155 1005 1243 1029 cru·

122 1055 210 1098 cis,
238 1050 288 1090 <9¹
308 1048 503 1102 confirmo
532 1058 570 1086 te
590 1047 808 1085 chrismate
837 1047 1004 1084 salutis.
1033 1046 1098 1083 Sic
1129 1046 1243 1083 etiam

126 1104 193 1156 qui
224 1116 308 1140 eam
338 1116 473 1140 manus
496 1102 778 1153 impositionem
796 1130 806 1148 ‚
835 1113 924 1152 quae
943 1113 1014 1137 una
1037 1112 1126 1136 cum
1143 1098 1245 1136 cliri-

126 1157 312 1195 nmatione
339 1154 543 1207 conjuncta
571 1163 646 1203 est,
677 1166 746 1206 pro
774 1153 975 1207 adaequata
1006 1152 1146 1190 habent
1177 1152 1246 1190 Sa-

122 1210 310 1248 cramenti
339 1209 636 1248 confirmationis
667 1208 850 1253 materia,
880 1208 1029 1245 nonnisi
1061 1220 1176 1243 unam
1207 1219 1247 1243 a-

123 1271 308 1314 gnoscunt
337 1275 468 1302 veram
498 1263 617 1315 ipsius
646 1261 833 1308 formam,
864 1274 1000 1312 nempe
1021 1259 1137 1298 allata
1158 1271 1247 1296 mox

125 1316 308 1369 Episcopi
338 1316 456 1356 verba
474 1343 485 1355 .
514 1316 614 1364 Quae
647 1324 772 1354 tamen
794 1313 1078 1366 'I'lteologorum
1108 1313 1250 1351 disson-

125 1371 209 1419 sio,
256 1378 297 1407 ut
324 1383 440 1422 supra
469 1383 578 1408 num.
612 1368 679 1408 65.
707 1369 754 1406 de
794 1369 954 1406 materia
1000 1363 1250 1406 monuimus:

126 1424 366 1472 speculativa
398 1423 658 1462 tantummodo
686 1431 762 1470 est,
793 1434 866 1462 non
895 1425 1077 1473 practica
1095 1447 1105 1458 .
1149 1422 1249 1459 Cum

127 1478 232 1514 enim
263 1476 444 1529 Episcopi
492 1477 769 1515 invocationem
814 1474 978 1527 Spiritus
1021 1475 1252 1527 septiformis

128 1529 170 1566 in
197 1542 384 1567 manuum
413 1531 631 1568 extensione
674 1529 938 1582 praemittant,
986 1528 1019 1565 8<
1051 1531 1090 1566 in
1122 1529 1253 1566 frontis

125 1584 306 1621 unctione
324 1592 500 1622 consueta
515 1583 634 1622 verba
656 1583 849 1635 proferant
867 1612 877 1630 ‚
909 1581 1062 1620 nullum
1084 1581 1253 1633 amplius

125 1649 321 1688 superesse
347 1644 470 1688 potest
511 1636 703 1684 dubium,
746 1637 842 1687 quin
880 1643 998 1672 totum
1028 1635 1253 1673 Sacramen-

129 1697 212 1726 tum
242 1690 385 1739 integre
415 1689 670 1740 perfecerint,
700 1701 961 1740 quaecumque
990 1688 1142 1726 tandem
1168 1689 1252 1726 ista-

127 1753 216 1778 rum
247 1739 504 1780 formularum
535 1756 622 1793 pars
652 1743 900 1779 constituatur
931 1755 1047 1789 vera,
1078 1741 1110 1777 ὅ(
1133 1755 1253 1779 essen-

128 1792 231 1831 tialis
259 1792 375 1844 hujus
395 1795 629 1833 Sacramenti
662 1795 808 1832 forma.
838 1794 971 1833 Nostra
990 1825 1000 1843 ‚
1031 1796 1062 1831 ὅ(
1080 1807 1253 1834 commu-

125 1846 211 1885 nior
241 1847 526 1900 Tlteologorum
556 1849 743 1887 sententia
771 1857 822 1886 est
853 1847 964 1887 haec.

502 1953 806 1993 PROPOSITIO
844 1956 875 1993 Ι.

128 2059 278 2100 Forma
307 2061 567 2100 Sacramenti
599 2059 928 2114 Confirmationis
969 2067 1061 2098 sunt
1097 2059 1214 2100 rerba
1237 2091 1247 2110 ,

177 2127 268 2164 quoe
296 2114 515 2168 Episcopus
545 2119 584 2153 in
614 2118 801 2152 unctione
829 2118 1101 2165 pronunciat:
1131 2115 1250 2167 Signo

177 2176 214 2206 te
241 2169 346 2220 signo
373 2170 499 2207 crucis
519 2199 530 2217 ‚
573 2168 606 2204 8(
637 2168 822 2206 confirmo
851 2176 884 2205 te
914 2167 1119 2206 chrismate
1147 2168 1249 2207 salu-

177 2221 250 2260 tis.
280 2221 322 2260 ln
349 2223 504 2260 nomine
533 2220 679 2269 Patris,
710 2221 781 2259 &c-

179 2339 245 2380 9⁰·
262 2303 400 2371 Proh.
428 2332 557 2380 primo
585 2342 629 2367 ex
649 2328 800 2367 decreto
819 2327 984 2380 Eugenii
1007 2327 1074 2367 IV.
1106 2341 1174 2380 pro
1195 2329 1250 2366 in-

125 2383 328 2420 structione
373 2383 626 2421 Armenorttm
645 2413 656 2431 ‚
700 2382 768 2420 ubi
815 2382 978 2422 dicitur:
1023 2381 1251 2420 Secundum

126 2433 442 2473 Sacramentum
483 2440 541 2474 es'c
574 2435 867 2490 Confirmatio,
910 2438 1023 2484 cujus
1072 2440 1249 2474 materia

124 2497 184 2524 est
213 2488 391 2528 chrisma
412 2489 611 2543 ...forma
640 2498 778 2527 autem
808 2499 866 2527 est
884 2503 897 2527 .·
926 2485 1042 2542 signo
1071 2498 1131 2538 te,
1159 2489 1248 2531 &c-

129 2538 214 2578 Non
243 2543 421 2594 equidem
450 2544 661 2590 contendo,
691 2544 731 2581 in
763 2543 833 2582 hoc
863 2542 947 2581 loco
976 2544 1156 2582 contineri
1187 2544 1251 2581 ‹le-

128 2592 343 2653 finitionem
373 2595 493 2644 fidei,
533 2598 626 2649 quia
655 2611 725 2635 uec
753 2596 970 2635 Concilium
1002 2599 1127 2650 ipsum
1163 2596 1252 2635 Tri-

128 2645 328 2702 dentinu'm
357 2647 456 2687 lianc
484 2652 776 2689 controversiam
795 2681 806 2699 ‚
834 2663 923 2702 quae
954 2652 1053 2689 inter
1080 2650 1252 2689 Catholi-

130 2710 194 2736 cos
213 2701 360 2749 jamdiu
377 2703 505 2753 viget,
534 2702 692 2741 definire
705 2713 964 2757 opportunum
986 2705 1121 2743 duxit.
1149 2705 1251 2743 Cum

133 2760 260 2790 tamen
287 2753 469 2793 Summus
497 2755 669 2794 Pontifex
692 2759 878 2797 Armenos
907 2759 1092 2798 instruere
1123 2758 1251 2799 volue-

139 2912 289 2946 chrisma
311 2935 319 2944 ·
359 2914 423 2948 Sed
449 2917 476 2950 si
504 2919 570 2953 ista
596 2922 787 2966 carpendi,
812 2925 867 2957 vel
895 2923 1061 2957 irridendi
1087 2923 1181 2958 hunc
1205 2922 1253 2955 E-

134 2969 266 3010 piscopi
295 2959 489 2996 anhelitum
515 2965 654 2999 licentia
681 2967 782 3000 detur
799 2990 810 3008 ,
836 2971 909 3013 pari
936 2969 1041 3001 modo
1068 2971 1174 3003 etiam
1191 2971 1254 3003 Ju-

133 3002 226 3058 «1113ιῄ,
248 3007 474 3057 vel-Gentiles
490 3009 684 3046 irridebunt
698 3013 880 3047 Christum
901 3016 1090 3048 Dominum
1107 3038 1118 3056 ,
1143 3028 1255 3060 qnan-

135 3047 181 3105 do
203 3054 426 3095 msusstuvt'm
452 3061 493 3090 (θ’
518 3058 615 3091 dixit
639 3063 693 3092 eis
722 3065 733 3095 (
763 3060 938 3103 Apostolis
964 3067 975 3098 )
998 3064 1149 3103 accipite
1172 3062 1255 3104 Spi-

137 3105 240 3130 ntum
266 3110 438 3142 sanctum,
479 3104 539 3136 Jo-
568 3105 650 3138 XX.
679 3116 734 3138 22.
761 3107 822 3138 llla
863 3115 979 3139 antem
1006 3107 1198 3151 Episcopi,
1224 3111 1256 3140 8<

131 3139 426 3200 presbyterorum
446 3155 643 3198 genuflexio
669 3164 740 3186 non
754 3161 805 3184 est
822 3152 961 3196 proprie
985 3154 1144 3185 adoratio
1161 3173 1170 3191 ,
1197 3151 1258 3184 sed

142 3189 336 3247 caluta1103
367 3200 540 3246 quomodo
565 3203 597 3234 S.
626 3198 783 3234 Andreas
818 3209 957 3230 crucem
992 3210 1010 3231 a
1036 3198 1135 3241 longe
1171 3209 1258 3230 con-

142 3249 294 3285 spumet-,s
316 3249 552 3281 exclamavit:
582 3247 684 3280 Salve
710 3258 795 3279 crux
824 3252 944 3277 sancta
959 3266 967 3275 .

191 3290 240 3328 (a)
262 3290 342 3327 Non
365 3292 491 3330 desunt
517 3293 684 3339 Theologi
700 3315 712 3334 ,
737 3291 809 3338 qui
825 3300 902 3337 post
927 3290 1018 3326 hanc
1042 3289 1259 3335 Eugen'tiln·

2289 73 2373 113 2ιε)

1311 140 1360 176 rit
1389 139 1434 175 de
1463 138 1655 184 doctrina,
1686 151 1772 188 qua:
1805 139 1842 175 in
1867 136 2036 176 Ecclesia
2059 136 2225 175 nomana
2258 149 2432 174 eommu-

1312 193 1408 230 niter
1437 199 1610 237 tenetur,
1656 190 1741 227 ltine
1771 200 2036 240 argumentum
2068 192 2173 229 nobis
2214 192 2431 242 suppedita-

1312 255 1374 284 tut·
1404 259 1492 282 sanc
1521 244 1820 295 gravissimum,
1852 251 1888 278 ut
1919 243 2090 280 canitiem
2121 245 2330 282 doctrinam
2350 273 2360 292 ‚
2390 253 2430 283 ut

1313 298 1540 337 tutissimam
1572 296 1850 347 amplectamur
1881 296 1943 344 (11)
1964 321 1973 332 .

1368 363 1435 403 9¹·
1467 351 1535 388 His
1563 350 1709 388 accedit
1737 347 1968 387 Catecltismi
2002 347 2159 385 Romani
2203 351 2432 397 auctoritas,

1309 407 1376 462 qui
1407 405 1446 443 P.
1484 405 1530 442 11.
1560 418 1645 455 cap.
1683 403 1720 441 5.
1751 417 1856 440 num.
1899 415 1957 439 11.
1990 402 2207 451 inquirens,
2248 417 2430 453 quaen-un

1312 464 1383 501 sint
1414 457 1530 496 verba
1562 458 1696 495 forium
1742 456 1857 507 liujus
1886 456 2121 492 Sacramenti
2146 484 2156 502 ‚
2203 463 2239 490 ut
2270 456 2397 494 (idoli-5
2420 487 2431 504 ‚

1312 528 1401 554 cum
1433 527 1474 550 ea
1507 511 1745 561 pronuntiari
1767 509 2127 555 animadverterint,
2159 507 2206 545 ad
2229 508 2400 558 pietatem
2420 539 2431 557 ,

1312 569 1456 614 sulem,
1504 565 1537 601 8<
1570 563 1794 616 religionem
1825 564 1973 601 animos
2002 563 2191 608 excitent,
2240 562 2384 612 inquit:
2408 591 2435 609 ,‚

1315 653 1341 672 ‚,
1374 621 1440 659 His
1471 619 1586 669 igitur
1618 617 1744 655 verbis
1775 617 1899 654 forma
1920 616 2158 653 absolvitur:
2188 614 2435 666 8131101051-

1316 706 1342 726 „
1371 686 1450 725 gno
1479 675 1606 710 crucis
1624 701 1634 720 ,
1663 672 1712 711 (9⁶
1742 670 1938 724 confirmo
1967 678 2005 706 te
2025 668 2241 706 chrismate
2271 668 2409 704 salutis
2423 682 2436 703 .-

1314 760 1340 778 „
1371 733 1412 765 in
1453 728 1617 764 nomine
1649 723 1777 762 Patris
1801 755 1810 772 ,
1847 725 1935 764 (9³6.
1956 723 1977 738 ''
2025 722 2149 761 Postea
2194 722 2436 773 prosequitur

1312 780 1499 835 probans,
1540 778 1691 816 laudata
1720 777 1838 816 verba
1867 791 1942 816 esse
1974 778 2138 815 sormam
2167 774 2438 813 Confirmatio-

1312 837 1370 874 nis
1400 834 1471 872 liae
1503 832 1714 884 theologica
1744 832 1910 870 ratione:
1933 862 1959 879 ‚,
1979 829 2215 869 Sacranteuti
2247 829 2371 866 forma
2392 841 2437 864 ea.

1313 919 1339 938 ,‚
1368 887 1496 926 omnia
1525 887 1716 925 continere
1746 885 1883 934 debet,
1927 898 2014 938 quae
2046 884 2166 935 ipsius
2198 882 2438 920 Sacramenti

1370 950 1546 980 naturam
1566 970 1576 987 ,
1607 940 1640 975 8(
1670 939 1916 978 substantiam
1946 937 2174 989 explicant3
2221 936 2326 987 atqui
2357 949 2439 973 ma·-

1315 1025 1340 1044 „
1373 997 1475 1033 xime
1492 993 1575 1031 ltaec
1593 995 1663 1030 tria
1695 994 1732 1030 in
1753 992 2047 1030 Confirmatione
2076 990 2310 1028 observanda
2331 998 2438 1036 sunt,

1316 1079 1342 1098 ‚‚
1372 1049 1504 1086 diviua
1534 1055 1718 1099 potestas,
1748 1059 1835 1097 quae
1867 1055 1904 1083 ut
1935 1044 2158 1097 principalis
2180 1057 2292 1081 causa
2315 1042 2438 1080 11181-

1318 1131 1344 1150 ,,
1374 1109 1569 1140 eramento
1596 1107 1802 1150 operatur3
1851 1107 1931 1136 tum
1961 1097 2078 1135 robur
2107 1097 2254 1143 animi,
2298 1095 2331 1131 8(
2361 1097 2440 1146 spi·-

1318 1185 1345 1203 „
1376 1155 1495 1200 ritus,
1525 1152 1626 1204 quod
1658 1165 1725 1204 per
1753 1165 1900 1190 sacram
1932 1152 2151 1188 unctionem
2183 1148 2362 1186 st'ielibus
2391 1149 2439 1186 ad

1320 1237 1346 1258 ,‚
1376 1205 1534 1246 salutem
1565 1204 1773 1251 tribuitur3
1810 1205 1947 1243 deinde
1976 1204 2126 1255 signum
2147 1231 2156 1249 ‚
2187 1214 2263 1252 quo
2291 1210 2442 1239 notatur

1321 1292 1347 1311 ‚,
1378 1262 1428 1309 is,
1471 1260 1539 1313 qui
1571 1260 1609 1297 in
1639 1267 1826 1297 certamen
1855 1258 2073 1297 cliristiauae
2105 1254 2258 1294 militiae
2287 1254 2444 1292 desecu-

1320 1345 1346 1366 ‚,
1377 1328 1487 1353 surus
1517 1321 1596 1351 est.
1629 1315 1683 1350 Ac
1714 1313 1886 1365 primum
1917 1311 2074 1363 quidem
2105 1308 2223 1346 verba
2254 1307 2319 1345 ill-1
2344 1321 2350 1344 z
2399 1307 2442 1344 ln

1377 1371 1540 1406 nomine
1571 1366 1702 1404 Patris
1723 1396 1733 1414 ‚
1776 1367 1825 1408 ἔθ’
1855 1365 1943 1403 Fila·
1965 1395 1976 1413 ‚
2004 1365 2054 1404 (θ’
2082 1362 2250 1414 Spiritus
2278 1371 2409 1399 sancta
2431 1392 2445 1408 ‚

1376 1435 1466 1474 quae
1484 1429 1651 1458 extremo
1681 1419 1762 1457 loco
1792 1421 1908 1471 posita
1926 1427 2034 1455 sunt:
2064 1416 2226 1454 alterum
2248 1429 2290 1452 ea
2308 1445 2318 1462 ‚
2348 1427 2443 1451 con-

1366 1475 1500 1527 firmo
1536 1484 1575 1511 te
1617 1472 1834 1510 chrismate
1875 1472 2045 1508 salutis:
2088 1469 2240 1506 tertium
2283 1482 2372 1520 quae
2405 1469 2445 1506 111

1381 1528 1572 1579 principio
1602 1527 1735 1565 formae
1767 1525 1943 1563 locantur
1961 1554 1971 1571 ,
2002 1528 2116 1575 signo
2145 1531 2182 1559 te
2211 1525 2325 1574 signo
2354 1534 2443 1558 cru-

1380 1585 1436 1618 cis
1466 1581 1552 1618 satis
1581 1578 1809 1618 declarant.
1848 1578 2096 1629 Quamquam
2127 1578 2155 1613 si
2185 1577 2299 1612 etiam
2330 1577 2445 1613 ratio-

1382 1648 1426 1672 ne
1457 1633 1588 1685 aliqua
1620 1632 1774 1686 probari
1806 1644 1877 1670 11011
1906 1628 2048 1682 possit,
2092 1629 2190 1667 lianc
2222 1642 2298 1666 esse
2329 1627 2445 1674 11111113

1381 1687 1615 1727 sacramenti
1648 1699 1777 1725 veram
1797 1715 1807 1734 ,
1838 1684 1871 1720 8<
1902 1683 2116 1722 absolutam
2148 1683 2310 1720 sormam
2329 1712 2339 1730 ,
2371 1682 2444 1720 lic-

1380 1741 1508 1780 clesiae
1539 1738 1747 1779 Catholicae
1778 1738 2008 1784 auctoritas,
2038 1735 2148 1787 cujus
2177 1737 2394 1787 magisterio
2415 1737 2446 1773 i·

1380 1805 1415 1832 ta
1444 1807 1594 1846 semper
1623 1793 1744 1830 edocti
1775 1793 1951 1840 suimus,
1998 1803 2073 1828 non
2106 1790 2273 1842 patitur,
2305 1802 2371 1827 nos
2401 1802 2443 1825 ea

1323 1879 1350 1897 „
1380 1848 1426 1885 de
1456 1861 1496 1886 re
1537 1846 1750 1899 quidquam
1782 1844 1985 1882 dubitare:
2008 1844 2027 1859 ’'
2051 1843 2242 1881 Hactenus
2271 1841 2446 1879 (111100111-

1322 1915 1425 1940 smus
1447 1932 1457 1949 ‚
1487 1902 1556 1952 qui
1587 1909 1626 1937 ut
1655 1913 1785 1937 omnes
1814 1906 1987 1946 norunt,
2018 1906 2070 1936 est
2101 1899 2137 1934 111
2168 1905 2242 1935 tcta
2273 1895 2447 1935 lucelesia

1322 1954 1616 2008 probatissimus
1637 1979 1648 1990 .

1376 2022 1443 2060 92.
1475 2008 1585 2046 Hanc
1629 2008 1751 2058 ipsam
1795 2005 1980 2044 Ecclesiae
2025 2005 2316 2051 auctoritatem,
2359 2016 2447 2049 quse

1319 2061 1393 2100 hac
1410 2061 1560 2113 forma
1589 2063 1858 2098 communiter
1884 2063 2033 2107 utitur,
2063 2058 2241 2109 allegavit
2271 2058 2310 2094 S.
2342 2057 2446 2093 ’1110-

1319 2129 1402 2154 mas
1434 2116 1470 2154 5.
1500 2114 1542 2153 P.
1571 2123 1708 2167 quaest.
1742 2127 1805 2166 72.
1835 2121 1906 2151 art.
1928 2113 1989 2162 4.,
2029 2121 2068 2151 111
2098 2112 2322 2164 praedictam
2370 2112 2446 2146 for-

1317 2183 1422 2208 mam
1453 2183 1532 2207 esse
1560 2169 1852 2207 convenientem
1884 2166 1971 2204 huic
2000 2167 2250 2205 Sacramento
2277 2163 2446 2201 ostende-

1320 2231 1404 2271 ret,
1443 2221 1644 2274 inquiens:
1668 2250 1693 2268 ‚,
1714 2221 1821 2258 Sicut
1852 2220 1975 2257 forma
2018 2219 2072 2256 rei
2103 2217 2285 2254 naturalis
2317 2216 2379 2254 dat
2408 2218 2444 2254 ei

1377 2277 1541 2327 speciem
1560 2304 1571 2322 ‚
1601 2275 1653 2311 ita
1684 2274 1805 2310 fornia
1836 2273 2070 2311 sacramenti
2103 2271 2298 2308 continere
2329 2269 2444 2307 debet

1379 2328 1566 2382 quidquid
1598 2327 1760 2379 pertinet
1789 2327 1835 2363 ad
1864 2326 2032 2375 speciem
2062 2323 2298 2363 sacramenti
2320 2350 2330 2360 .
2361 2323 2444 2362 Sic-

1378 2392 1418 2420 ut
1465 2391 1592 2419 autem
1623 2392 1668 2418 ex
1706 2379 1932 2431 supradictis
1962 2387 2093 2431 patet,
2136 2379 2175 2415 in
2208 2377 2277 2414 hoc
2307 2376 2444 2415 Sacra-

1377 2445 1504 2474 mento
1533 2435 1642 2471 datur
1672 2433 1837 2484 Spiritus
1867 2442 2013 2470 sanctus
2043 2432 2090 2469 ad
2121 2430 2237 2469 robur
2266 2430 2445 2480 spiritua-

1322 2521 1348 2540 „
1378 2489 1423 2527 lis
1453 2499 1618 2540 pugnae:
1647 2486 1681 2522 8(
1711 2487 1796 2523 ideo
1826 2488 1864 2524 in
1896 2483 1966 2525 hoc
1995 2486 2242 2525 sacramento
2273 2486 2344 2521 tria
2361 2494 2444 2522 sunt

1322 2572 1347 2593 „
1377 2542 1616 2588 necessaria,
1646 2553 1734 2592 quae
1765 2541 2007 2580 continentur
2037 2541 2078 2577 in
2100 2539 2221 2576 forma
2239 2537 2446 2588 praedicta.

1378 2596 1554 2644 Quorum
1585 2596 1756 2646 primum
1786 2603 1839 2631 est
1858 2623 1868 2641 ,
1905 2605 2018 2631 causa
2048 2592 2248 2630 conserens
2279 2588 2447 2642 plenitu-

1323 2681 1348 2701 „
1377 2650 1505 2688 dinem
1536 2647 1917 2701 roboris-spiritualis
1936 2678 1946 2696 ‚
1984 2659 2073 2699 quae
2104 2654 2156 2683 est
2185 2645 2324 2683 Sancta
2354 2644 2444 2682 Tri-

1322 2735 1349 2754 „
1380 2705 1505 2752 nitas,
1536 2715 1624 2755 quae
1655 2697 1884 2754 exprimitur
1904 2731 1914 2749 ,
1962 2714 2051 2738 cum
2081 2699 2251 2746 dicitnr,
2295 2696 2343 2735 In
2372 2711 2443 2735 no-

1322 2789 1349 2808 „
1379 2761 1490 2796 mine
1520 2756 1678 2804 Pacrz's,
1708 2756 1795 2796 (Je-
1832 2754 2055 2793 Secundum
2086 2762 2138 2791 est
2167 2753 2296 2805 ipsum
2326 2751 2445 2790 1011111·

2269 2836 2296 2855 ,,
2317 2808 2395 2859 spi-

1313 972 1339 992 θ’

1321 1399 1347 1419 95

1322 1454 1347 1472 >9

1321 1507 1348 1526 2)

1323 1560 1348 1578 2³

1323 1613 1349 1631 2⁷

1323 1666 1350 1686 ³>

1325 1719 1351 1737 9)

1324 1774 1350 1792 >7

1324 1826 1350 1845 Η

1319 2307 1347 2326 '²

1322 2361 1348 2380 ³2

1321 2414 1347 2434 2>

1321 2468 1347 2487 Β)

1321 2628 1348 2647 25

1323 2921 1552 2955 structionem
1582 2920 1615 2952 in
1645 2916 1785 2962 Synodo
1810 2918 2012 2951 florentina
2037 2916 2221 2961 probatam
2241 2937 2251 2956 ‚
2290 2923 2444 2948 nostram

1323 2969 1532 3001 sententiam
1553 2965 1593 2999 ad
1614 2964 1713 2998 fidem
1736 2965 1910 3008 pertinere
1926 2972 2111 2997 autumant
2131 2986 2139 2994 .
2166 2961 2230 2995 Sed
2259 2962 2363 2994 nimis
2381 2959 2445 2991 ‹ln-

1323 3025 1403 3047 rum
1427 3012 1631 3052 videretur,
1659 3012 1827 3044 haereseos
1854 3021 2018 3044 accusare
2045 3010 2201 3049 inultos,
2239 3011 2271 3041 ἀ
2297 3007 2445 3050 insignes

1325 3060 1546 3104 Scriptores,
1583 3060 1641 3103 qui
1670 3059 1760 3091 sicut
1793 3058 1980 3091 materiam
2007 3056 2291 3089 Confirmationis
2320 3054 2352 3085 in
2382 3053 2444 3083 im-

1326 3106 1495 3150 positione
1523 3117 1712 3145 manuum,
1737 3105 1786 3139 ita
1815 3105 1962 3137 sormam
1991 3104 2025 3136 in
2039 3105 2204 3135 Oratione
2225 3123 2235 3141 ,
2261 3111 2334 3144 quse
2354 3098 2442 3130 hane

1328 3154 1542 3192 comitatur,
1579 3153 1826 3190 constizuunt3
1866 3151 1974 3184 immo
2000 3150 2107 3183 aliam
2144 3148 2328 3182 lot-inulam
2355 3142 2443 3192 anti-

1326 3199 1404 3242 quis
1431 3201 1584 3243 ignotam
1607 3200 1712 3232 fuisse
1727 3219 1738 3240 ,
1764 3196 2002 3240 contendunt,
2030 3205 2066 3233 ut
2082 3196 2255 3241 praecipue
2281 3193 2353 3224 Jac.
2372 3190 2445 3220 Sir-

1325 3245 1473 3280 mondus
1501 3246 1535 3279 in
1562 3245 1810 3281 Antirrlzetico
1830 3244 1873 3276 11.
