2605 3624
757 47 838 92 DE
874 43 1402 90 CONFmMATIONJS
1438 47 1730 93 MlleTlto
1742 81 1752 91 .

95 131 236 172 stenius
264 130 424 172 Dissert.
447 130 477 169 I.
508 127 572 168 De
600 125 791 165 Ministro
820 124 1052 178 oenfirmczt.
1095 123 1216 162 Eum-

92 187 181 225 dem
211 200 320 225 usum
351 183 553 225 invaluisse
581 180 683 232 apud
712 179 807 217 alias
836 177 1052 216 Orientales
1083 177 1216 214 Eccle-

93 240 168 278 sias
205 240 384 278 discimus
423 247 471 273 ex
502 235 664 272 Auctore
692 234 907 271 Comment.
951 232 990 268 in
1021 231 1144 283 Epist.
1174 230 1216 268 S.

95 291 233 340 Pauli,
262 292 329 343 qui
357 288 450 327 olim
480 285 684 339 putabatur
712 285 753 336 S,
785 285 1026 324 Ambrosius:
1058 297 1144 321 nam
1177 284 1216 321 in

94 357 184 397 cap.
213 343 282 382 lv·
313 341 414 395 Eph.
435 339 550 392 Apud
577 336 804 391 AEgyptum
822 369 832 388 ,
861 339 987 390 inquit
1005 368 1014 384 ,
1047 335 1217 389 Presby-

93 401 170 436 teri
200 399 467 447 consignant,
509 397 544 431 si
572 405 751 445 praesens
779 405 858 430 non
888 396 935 428 sit
966 389 1216 441 Episcopns;

93 451 184 490 item
213 461 258 486 ex
289 448 452 487 Auctore
477 446 629 498 Quaest.
659 455 732 483 ret.
754 447 804 487 (9·
833 448 920 483 novi
949 453 1038 482 test.
1066 459 1106 497 q.
1130 457 1216 482 101.

92 503 193 542 inter
218 501 347 553 Opera
376 502 506 554 spuria
535 500 577 539 S.
602 501 801 551 Augustini
824 499 937 536 Tom.
961 499 1025 535 ΙΙΙ.
1047 498 1214 535 dicente:

90 553 140 594 In
169 553 445 603 Alexandria,
474 554 524 595 (θ’
553 566 623 604 per
651 562 779 590 totam
803 551 1030 604 AEgyptum
1048 582 1058 600 ,
1088 556 1120 589 si
1149 550 1216 588 de-

88 611 140 647 sit
168 605 411 659 Episcopus,
440 611 652 660 consignat
684 605 918 658 Presbyter.
964 605 1097 657 Neque
1128 617 1217 642 vero

89 660 259 700 dubitari
315 670 432 710 otest,
464 661 582 701 verbo
611 662 924 712 consignationis
952 659 1122 697 denotari
1153 672 1220 718 ve·

89 724 178 752 rum
197 676 508 754 Confirmationis
528 714 841 762 Sacramentum,
872 720 911 751 ut
929 713 1090 751 ostendit
1105 710 1217 750 Chri-

86 767 230 805 stianus
259 769 393 820 Lupus
421 769 462 806 in
493 767 608 806 Tom.
630 768 678 805 ll.

148 821 238 872 173.
269 821 371 860 Huic
400 830 602 875 postremae
631 819 839 869 objectioni
882 817 1090 870 respondeo
1132 831 1216 856 ver-

85 871 148 912 bis
189 887 291 926 saepe
333 875 437 914 laud.
467 874 659 913 Benedicti
689 872 798 910 XlV.
843 871 907 909 De
948 870 1052 923 Syn.
1083 869 1214 909 Dtoec.

86 926 281 966 Lib.V11.
309 939 480 980 cap-9„
509 941 608 974 esse,
637 927 706 978 qui
738 924 833 962 lianc
863 926 1092 963 Graecorum
1122 937 1215 962 con-

84 980 324 1019 suetudinem
353 993 504 1032 semper
531 980 581 1018 ab
603 977 775 1016 Ecclesia
805 978 924 1016 latina
955 977 1213 1029 improbatam

83 1031 275 1071 affirment
290 1057 302 1071 .
330 1031 483 1072 Etenim
497 1062 508 1081 ,
539 1033 744 1084 inquiunt,
765 1030 950 1069 Nicolaus
969 1031 998 1067 l.
1020 1031 1083 1068 vix
1103 1043 1212 1067 exor-

83 1093 122 1123 to
136 1084 317 1124 Photiano
343 1085 547 1124 schismate
563 1115 574 1133 ,
604 1098 694 1123 cum
715 1085 902 1132 audisset,
933 1085 1089 1122 Graecos
1106 1083 1211 1121 Pres-

81 1136 258 1191 byteros,
287 1139 531 1188 auctoritate,
562 1138 596 1176 &
626 1138 867 1176 suasionibus
896 1136 1043 1184 Photii,
1073 1136 1208 1177 Sacra-

82 1200 254 1231 mentum
269 1191 578 1232 Confirmationis
606 1205 674 1243 per
694 1191 919 1244 Bulgariam
947 1191 1208 1230 administras·

82 1258 149 1293 se,
179 1246 280 1284 misit
309 1244 405 1286 illuc
425 1245 588 1285 Paulum
609 1244 952 1297 populoniensem,
984 1243 1019 1280 ἃ
1048 1243 1207 1305 Formo-

81 1310 166 1336 sum
197 1297 438 1338 portuensem
468 1300 676 1353 Episcopos
705 1299 862 1350 Legatos
903 1311 1013 1345 suos,
1056 1311 1124 1350 qui
1168 1311 1208 1336 0-

81 1363 190 1390 mnes
208 1351 390 1404 Bulgatos
418 1368 441 1392 a
469 1353 663 1405 praedictis
679 1351 910 1404 Presbyteris
933 1352 1096 1390 inaniter
1117 1364 1207 1389 con-

84 1402 256 1444 firmatos
298 1407 438 1445 iterum
479 1419 586 1446 sacro
625 1405 835 1444 Chrismate
878 1407 947 1444 rite
988 1406 1205 1457 signarent.

85 1455 222 1495 Adhuc
251 1467 377 1499 autem
420 1461 632 1512 expressius
661 1461 863 1511 praefatam
896 1459 1208 1498 consuetudinem

83 1508 303 1548 damnatam
333 1512 441 1562 ajunt
469 1513 519 1551 ab
549 1513 768 1552 Innocentio
789 1513 855 1552 lli.
885 1514 925 1551 in
955 1528 1041 1565 cap.
1067 1512 1207 1564 Quan-

80 1568 119 1599 to
141 1561 207 1601 lv,
237 1562 302 1602 De
321 1563 512 1604 Consecr.
542 1566 609 1605 ubi
631 1567 752 1605 Luc-io
772 1567 930 1606 Vicario
958 1579 1026 1604 suo
1048 1567 1085 1605 in
1107 1567 1207 1605 Con-

79 1617 283 1670 stantinop.
314 1618 410 1658 urbe
437 1621 636 1658 constituto
656 1621 829 1671 scripsit:
861 1620 1041 1658 Pervenit
1061 1619 1116 1657 ‹ztl
1135 1634 1208 1657 ‹ui-

80 1666 276 1708 dientiam
305 1681 516 1721 nostram,
559 1672 660 1723 quod
700 1673 864 1724 quidam
904 1674 1102 1721 simplices
1131 1673 1206 1711 Siz-

81 1722 260 1761 oerdotes
289 1724 396 1774 apud
427 1725 811 1776 Constantinopolim
851 1741 902 1765 ea
931 1727 1207 1764 Sacramenta

78 1786 327 1824 praesumunt
344 1777 533 1830 fidelibus
561 1778 747 1818 exhibere
764 1810 774 1827 ,
804 1794 894 1830 ‹711oe
922 1779 973 1817 ab
1006 1781 1207 1830 Apostolo-

78 1839 169 1866 rum
198 1838 374 1880 tempore
390 1830 563 1883 fuerunt
582 1833 673 1871 solis
690 1831 942 1885 Pontificibus
971 1843 1177 1877 resertuzta
1194 1864 1205 1882 ,

78 1888 121 1918 ut
149 1890 210 1920 est
239 1883 553 1924 Sacramentum
574 1886 902 1938 Confirmationis
919 1913 930 1925 .
959 1887 1090 1935 Quam
1119 1889 1206 1939 (sui-

79 1933 170 1972 dem
190 1936 402 1976 Innocentii
420 1940 487 1976 111.
518 1939 761 1978 Decretalem
775 1940 1057 1978 corroboratam
1080 1950 1204 1991 postea

78 1987 193 2026 fnisse
219 1990 354 2030 dicunt
381 1991 431 2030 ab
460 1993 682 2031 Innocentio
701 1992 769 2030 IV.
790 2023 801 2040 ,
829 1995 897 2046 qui
928 1992 1069 2031 Othoni
1089 1995 1204 2032 Card.

78 2039 302 2081 'I'usculano
329 2044 472 2097 Legato
506 2059 573 2083 suo
617 2046 686 2084 hoc
725 2046 822 2083 inter
862 2045 940 2084 alia
982 2047 1204 2086 mandavit:

78 2091 159 2132 Soli·
178 2105 315 2135 autem
339 2096 529 2150 Episcopi
548 2103 783 2152 consignent
799 2098 1016 2138 chrismate
1032 2099 1206 2151 infron-

79 2145 181 2186 tibus
208 2147 454 2200 baptizatos,
497 2157 591 2204 quia
620 2153 735 2204 liujus
772 2157 904 2191 unctio
946 2167 1028 2191 non
1065 2153 1205 2204 debet,

81 2202 159 2237 nisi
185 2213 256 2250 per
282 2201 501 2256 Episcopos
531 2205 704 2244 exhiheri
722 2232 733 2243 .
934 2196 984 2223 θ

139 2253 228 2304 174.
260 2255 334 2304 At,
375 2258 406 2294 si
436 2259 692 2307 Ductoribus,
735 2259 864 2298 subdit
905 2260 1205 2311 sapientissimus

79 2303 251 2345 Pontifex
268 2338 279 2356 ,
309 2309 395 2348 haec
422 2311 535 2349 nobis
561 2311 878 2361 obtrudentibus‚
909 2315 1205 2364 assentiremur,

78 2371 306 2410 cogeremur
346 2377 500 2417 quoque
542 2379 631 2404 cum
675 2367 810 2404 iisdem
857 2367 1057 2404 admittere
1084 2398 1094 2415 ‚
1136 2382 1203 2406 va-

77 2425 212 2462 cuam,
240 2415 396 2454 inanem
413 2447 424 2464 ,
453 2426 568 2470 atque
598 2420 747 2457 irritam
770 2434 846 2458 esse
861 2421 1203 2459 confirmationem

77 2464 337 2508 Graecorum.
375 2470 469 2509 Haec
499 2473 604 2510 enim
633 2488 655 2510 a
684 2473 852 2526 simplici
885 2473 1109 2527 Presbytero
1138 2476 1203 2513 ad-

64 2519 318 2570 *ministrata,
348 2536 424 2561 non
455 2534 570 2576 potest
599 2524 756 2564 aliunde
785 2528 884 2565 vires
904 2529 1056 2576 sortiri,
1085 2542 1203 2579 quam

79 2582 104 2606 a
131 2570 391 2624 delegatione,
435 2580 515 2615 sive
545 2591 746 2630 expresse,
787 2582 868 2618 sive
897 2583 1030 2629 tacite,
1075 2583 1202 2619 eidem

79 2621 272 2662 Sacerdoti
302 2627 403 2666 facta
433 2643 455 2667 a
486 2629 657 2669 Romano
686 2633 892 2672 Pontifice:
930 2633 1043 2686 hujus
1073 2644 1201 2672 autem

77 2673 325 2728 delegationis
351 2679 506 2720 nullum
537 2683 721 2724 habemus
751 2687 961 2736 indicium,
992 2690 1021 2725 si
1043 2689 1201 2727 Graeco-

77 2739 166 2765 rum
195 2733 488 2782 consuetudini,
517 2737 563 2774 de
591 2752 667 2790 qua
698 2749 749 2777 est
778 2753 924 2789 sermo,
958 2755 1108 2794 semper
1131 2742 1203 2780 ito-

78 2782 187 2819 mani
217 2781 417 2824 Pontifices
457 2789 713 2830 obstitissent.
762 2793 939 2832 Asserere
983 2809 1072 2833 vero
1113 2811 1202 2835 cum

77 2835 250 2885 praefatis
294 2836 546 2888 Doctoribus‚
589 2857 683 2895 quos
725 2847 871 2894 citant,
916 2847 950 2884 8<
994 2860 1204 2900 sequuntur

77 2885 310 2926 Sambovius
332 2889 484 2942 Disput.
501 2892 586 2931 Vll.
618 2895 680 2934 De
701 2897 889 2937 Sacram.
915 2899 1109 2953 Confirm.
1127 2933 1137 2951 ,
1169 2904 1203 2940 &

76 2938 303 2979 Du—Hamel
325 2941 524 2983 To1n.V1.
554 2946 684 2986 'Fracn
715 2949 778 2988 De
794 2951 984 2992 Sacram.
1009 2955 1203 3006 Confirm-

77 3004 165 3044 cap.
187 2993 226 3039 4.
245 3024 254 3041 ,
288 2994 579 3036 Sacramentum
607 3002 921 3043 Confirmationis
950 3007 1000 3044 ab
1031 3009 1204 3048 Ecclesia.

25 3075 39 3095 ,
80 3057 207 3096 graeca
236 3061 340 3086 nunc
362 3051 510 3100 penitus
531 3052 686 3090 exulare
703 3085 713 3101 ,
743 3056 875 3094 multis
895 3061 1117 3098 nominibus
1136 3063 1204 3100 ab·

80 3099 346 3138 surdissimum
382 3113 479 3141 recte
515 3106 675 3143 ostendit
705 3107 869 3147 Goarius
912 3111 951 3146 in
997 3114 1073 3150 suis
1110 3117 1206 3154 notis

83 3149 133 3189 ad
158 3150 444 3207 Euchologium
477 3156 714 3196 Graecorum
758 3175 845 3212 pag.
876 3161 967 3212 567.
1010 3164 1203 3216 Equidem

85 3213 142 3238 <tx⁴
159 3203 329 3245 Concilio
358 3207 582 3248 Florentino
623 3222 725 3250 certo
753 3213 1008 3263 conjicimus,
1045 3217 1204 3256 Graeco-

84 3265 172 3293 rum
188 3256 548 3312 Confirmationem,
578 3267 644 3303 etsi
674 3281 696 3304 a
725 3266 1108 3317 simpliciSacerdote
1137 3271 1205 3310 ad-

192 3307 429 3369 Gazzaniga
461 3316 594 3358 Theoi.
625 3318 737 3362 Τοιη.
761 3319 866 3361 Vnt.
1184 3326 1187 3330 ’

2298 61 2350 71 Q-

2267 72 2349 100 2³.»

1285 125 1565 174 ministratam,
1609 142 1630 165 a
1660 129 1787 168 latinis
1818 130 1989 171 Patribus
2030 140 2152 172 ratam
2199 134 2398 175 habitam.

1282 179 1381 215 Cum
1412 180 1513 216 enim
1530 182 1662 218 Graeci
1692 183 1790 220 inter
1821 186 1997 224 undecim
2026 190 2253 241 qua-‚stiones
2283 190 2355 228 sibi
2384 196 2405 228 ἐι

1284 231 1428 269 Latinis
1459 242 1537 282 post
1568 234 1750 271 unionem
1781 240 2012 288 propositas,
2052 242 2098 278 ad
2129 242 2226 281 hanc
2254 257 2407 296 quoque

1284 282 1378 336 jussi
1408 285 1482 322 sint
1512 287 1755 337 respondere:
1803 289 1941 340 Quare
1971 292 2154 343 Episcopi
2183 309 2263 333 non
2292 300 2407 333 inun-

1313 347 1382 374 unt
1411 351 1529 377 sacro
1557 339 1803 390 chrismate,
1833 342 1903 380 secl
1924 343 2183 395 Sicerdotec,
2214 363 2305 387 cum
2338 350 2407 388 ²101:

1284 350 1538 445 {ontificibus
1554 393 1794 432 sudatum?
1823 395 1937 447 plane
1965 399 2090 448 quoad
2116 398 2212 438 lianc
2236 417 2300 453 per
2322 405 2406 442 ‚Vie—

1284 445 1471 496 tylensem
1493 445 1699 486 Proesulem
1722 449 1868 487 Latinis
1888 452 2131 500 satisfecisse,
2163 466 2208 490 ex
2237 456 2406 505 ejusdem

1284 498 1446 536 Concilii
1479 499 1631 538 historia
1660 500 1879 549 colligimus
1897 530 1905 541 .

1345 553 1433 603 175.
1464 552 1598 606 Neque
1625 551 1968 595 Confirinatinnem
1999 559 2227 597 Grzecorum
2260 561 2405 600 irrituu

1285 605 1469 643 evincunt
1499 607 1596 649 facta
1628 607 1790 647 Roman.
1821 609 2052 649 Pontificum
2089 613 2129 650 in
2173 617 2405 653 contrari-nn

1286 658 1473 698 adducta.
1503 660 1658 699 Etenim
1690 662 1870 703 Nicolaus
1888 666 1916 702 l.
1948 667 2085 703 iterum
2110 666 2286 718 Bnlgaros
2317 682 2406 706 cvn-

1285 713 1428 764 signari
1459 713 1605 763 voluit,
1650 724 1731 754 tum
1762 719 1854 769 quia
1883 718 2222 758 confirmationem
2258 735 2408 773 recepe—

1286 775 1370 803 rant
1399 781 1420 803 a
1449 766 1742 817 Sacerdotibus,
1787 773 1853 823 qui
1885 770 2007 811 l'hotii
2038 774 2231 812 erroribus
2270 776 2411 814 imbuti

1285 833 1372 857 eam
1401 821 1637 860 contulerant
1672 823 1757 873 jure
1789 826 2008 875 ordinario,
2053 828 2309 866 existimantes
2348 831 2408 867 ni-

1286 874 1453 921 mirum,
1498 884 1714 927 potestatem
1745 892 1829 916 eam
1859 881 2079 918 conferendi
2119 879 2152 916 ἃ
2181 881 2410 934 Episcopis,

1285 924 1318 960 8:
1339 926 1608 967 Sacerdotibus
1638 932 1720 982 pari
1751 931 1836 981 jure
1865 944 2107 985 competere;
2140 942 2220 973 tum
2250 938 2341 987 quia
2364 938 2410 974 ii-

1282 978 1370 1016 dem
1401 979 1619 1020 Sacerdotes
1648 983 1809 1036 delegati
1841 987 1989 1024 fuerant
2019 1003 2039 1025 a
2071 986 2203 1026 Photio
2232 989 2411 1039 moec'm,

1281 1032 1330 1071 (9⁶
1365 1036 1575 1083 invasore,
1622 1038 1674 1074 uti
1713 1038 1969 1090 loquebantur
2001 1041 2202 1093 Apostolici
2248 1043 2406 1094 Legati,

1281 1083 1352 1122 hoc
1382 1096 1433 1124 est
1462 1088 1870 1140 pseudo-l’atriarcha,
1913 1094 1977 1131 cui
2013 1104 2212 1146 propterea
2243 1095 2406 1147 legitimi

1278 1137 1512 1178 Patriarchae
1540 1141 1628 1192 jura
1658 1155 1734 1181 non
1764 1147 2069 1193 conveniebant3
2099 1157 2179 1186 tum
2210 1150 2404 1202 denique,

1276 1191 1311 1228 ἃ
1342 1195 1565 1246 praecipue,
1595 1196 1688 1246 quia
1718 1197 1897 1250 Hulgaria
1926 1200 2140 1251 pertinebat
2169 1202 2216 1238 ad
2239 1203 2403 1242 Patriar-

1277 1244 1434 1285 ebatum
1463 1248 1766 1297 occidentalem3
1809 1252 1911 1304 quod
1941 1252 2119 1305 pluribus
2163 1259 2401 1306 argumentis

1275 1300 1436 1338 ostendit
1463 1301 1701 1341 Christianus
1722 1304 1854 1357 Lupus
1882 1307 1947 1344 cit.
1978 1306 2026 1344 T.
2047 1308 2093 1345 ll.
2125 1323 2163 1360 p.
2187 1309 2303 1355 [404.
2325 1324 2406 1362 seq.

1274 1361 1388 1406 atque
1419 1354 1502 1393 ideo
1530 1355 1742 1408 delegatio,
1784 1360 1830 1396 de
1859 1373 1936 1411 qna
1965 1370 2017 1398 est
2047 1375 2197 1410 sermo,
2242 1378 2263 1401 a
2296 1362 2408 1402 Rom.

1277 1405 1460 1446 Pontifice
1489 1409 1639 1448 Graecis
1667 1410 1926 1464 Presbyteris,
1969 1415 2049 1451 sive
2079 1429 2278 1467 expresse,
2326 1419 2405 1454 sive

1274 1463 1387 1498 tacite
1427 1463 1526 1500 facta
1556 1464 1849 1504 administrandi
1880 1466 2222 1507 confirmationem
2263 1471 2299 1507 in
2334 1470 2401 1507 Pa*

1275 1513 1545 1554 triarchatibus
1575 1518 1767 1567 Orientis,
1799 1534 2040 1572 nequaquam
2073 1523 2208 1560 iisdem
2238 1522 2404 1577 Presby-

1276 1569 1364 1606 teris
1396 1569 1433 1606 in
1466 1569 1643 1621 Hulgaria
1673 1573 1711 1609 id
1741 1587 1919 1625 peragere
1951 1576 2222 1626 permittebat.

1335 1621 1424 1672 176.
1455 1621 1666 1662 Decretalis
1695 1628 2130 1667 auteminnocentiilll.
2160 1629 2256 1667 solos
2285 1632 2406 1683 respi-

1275 1675 1327 1713 cit
1356 1675 1575 1715 Sacerdotes
1605 1677 1767 1719 latinos.
1800 1680 1952 1718 Etenim
1982 1695 2073 1720 cum
2103 1691 2193 1722 tunc
2223 1687 2405 1735 temporis

1277 1727 1366 1766 urbs
1376 1730 1790 1783 Constantinopolitana
1808 1733 1980 1784 subjecta
1994 1745 2085 1773 esset
2103 1737 2267 1788 Imperio
2280 1738 2408 1777 Fran-

1275 1795 1407 1820 corum
1426 1813 1436 1831 ,
1468 1783 1628 1836 ejusque
1643 1784 1863 1825 patriarcha
1885 1797 1975 1825 esset
1993 1787 2156 1827 Venetus
2173 1820 2182 1838 ,
2215 1803 2259 1828 ex
2283 1791 2406 1829 Fran-

1275 1835 1356 1883 cis,
1402 1836 1435 1870 ἃ
1468 1837 1621 1876 Venetis
1651 1839 1788 1877 incolis
1819 1855 1957 1891 magna
1996 1855 2041 1880 ex
2072 1852 2179 1894 parte
2208 1843 2405 1882 conflaba-

1275 1896 1363 1926 tur.
1405 1890 1505 1928 Cum
1535 1899 1662 1929 autem
1692 1893 1856 1931 audierit
1885 1896 2154 1946 innocentius,
2185 1897 2408 1937 Sacerdotes

1274 1941 1410 1979 latinos
1426 1943 1482 1982 ibi
1504 1944 1678 1996 degentes
1693 1946 1922 1985 Graecorum
1942 1950 2034 1987 ritus
2051 1951 2244 2004 adoptasse
2261 1982 2271 2000 ‚
2292 1951 2408 1989 Grae-

1275 2008 1486 2048 corumque
1530 2011 1637 2036 more
1665 2000 2005 2040 Confirmationem
2053 2018 2162 2043 ausos
2204 2006 2406 2054 conferre,

1275 2047 1375 2087 hunc
1405 2050 1631 2091 Latinorum
1661 2053 1825 2092 abusum
1857 2059 2120 2108 compescuit,
2159 2059 2330 2097 scribens
2359 2059 2407 2098 ad

1274 2101 1467 2141 Lucium:
1511 2104 1760 2146 Discretioni
1789 2117 1868 2146 tuce
1897 2122 1966 2159 per
1996 2112 2225 2161 Apostolica.
2255 2116 2407 2159 scripta

1273 2158 1540 2207 praecipiendo
1570 2160 1821 2199 mandamus
1843 2193 1853 2209 ,
1882 2173 2078 2213 quatenus
2107 2165 2288 2203 omnibus
2317 2164 2401 2203 Lit-

1273 2213 1367 2247 tinis
1400 2210 1650 2264 Preslgyteris
1693 2215 1800 2263 aput!
1831 2216 2215 2269 Constantinopolim
2259 2222 2406 2256 cousti-

1274 2267 1366 2301 tutis
1395 2263 1570 2303 districte
1597 2267 1830 2317 prohibens,
1876 2283 1927 2307 ne
1955 2272 2058 2309 talia,
2088 2272 2137 2309 (le
2165 2281 2296 2309 cetero
2326 2285 2403 2309 sum

1273 2321 1500 2356 temeritate
1527 2331 1804 2369 praesumant.
1851 2323 1906 2360 Ita
1934 2325 2080 2377 qnippe
2112 2325 2223 2363 habet
2257 2326 2403 2377 inte-gra,

1274 2371 1484 2410 Decretalis
1522 2374 1623 2424 apud
1653 2374 1851 2412 Baluzium
1883 2375 1996 2414 Tam.
2029 2379 2058 2415 l.
2099 2377 2228 2428 Epist.
2262 2377 2402 2417 Innoc.

1273 2425 1365 2471 HL,
1395 2425 1428 2460 ἃ
1459 2427 1559 2476 apud
1582 2427 1798 2466 Gonzalez.
1829 2427 1899 2466 Sed
1934 2432 2026 2482 quia
2059 2433 2095 2469 in
2126 2432 2401 2483 compilatione

1274 2477 1531 2515 Decretalium
1551 2508 1561 2525 ,
1605 2495 1680 2531 qua
1713 2483 1749 2519 in
1779 2482 1942 2530 scholis,
1984 2483 2016 2519 St
2049 2486 2128 2522 foro
2159 2488 2330 2533 utimur,
2361 2500 2402 2522 o-

1270 2532 1431 2573 missum
1462 2541 1512 2569 est
1544 2535 1707 2570 verbum
1748 2534 1844 2573 illud
1875 2535 2055 2586 Latinis,
2099 2537 2192 2577 hinc
2231 2549 2400 2576 auctores

1273 2586 1450 2623 contrarii
1482 2598 1612 2623 ansam
1642 2598 1872 2639 acceperunt
1893 2593 2104 2640 asset-endi,
2138 2593 2400 2630 innocentium

1272 2637 1419 2675 irritam
1452 2642 1722 2688 pronunciasse
1749 2643 2091 2683 Constrinnionffln
2131 2661 2150 2682 a
2182 2648 2316 2695 graecfs
2346 2656 2398 2683 et-

1276 2691 1352 2728 iam
1383 2692 1650 2731 Sacerdotibus
1679 2693 1881 2741 collatam3
1912 2699 2008 2735 sicut
2038 2700 2126 2736 scite
2158 2700 2398 2737 animadver-

1273 2754 1352 2782 tunt
1385 2744 1558 2784 Morinus
1590 2747 1746 2786 Dissert.
1777 2762 1862 2800 cap.
1885 2763 1947 2788 22.
1978 2751 2009 2787 &
2031 2751 2263 2802 Van-Espen
2294 2751 2399 2791 sitris

1274 2797 1431 2836 Eccles.
1463 2801 1565 2836 irnt'v.
1597 2799 1636 2837 Ρ.
1656 2802 1702 2839 ll.
1732 2803 1789 2839 tit.
1807 2803 1843 2841 3.
1875 2818 1959 2856 cap.
1979 2819 2015 2843 2.
2047 2805 2138 2851 n.4.

1333 2865 1420 2904 177.
1453 2853 1689 2892 Innocentius
1713 2854 1778 2893 IV.
1811 2857 1957 2895 viribus
1987 2873 2117 2896 carere
2147 2859 2267 2898 voluit
2295 2861 2396 2899 Con-

1273 2905 1528 2945 firinationem
1560 2908 1862 2947 administratam
1906 2927 1927 2949 a
1966 2912 2133 2965 simplici
2167 2913 2399 2961 Sacerdote,

1272 2958 1341 2995 secl
1370 2964 1484 2998 unice
1515 2961 1648 3015 qnotzrl
1677 2975 1844 3014 regnum
1879 2963 2027 3017 (b‘pri,
2071 2967 2109 3004 in
2141 2980 2218 3017 quo
2249 2980 2397 3019 praeva-

1274 3010 1351 3049 lere
1381 3014 1572 3064 inceperat
1605 3016 1693 3052 ritus
1725 3017 1864 3054 latinus
1903 3018 1954 3056 ob
1992 3017 2279 3057 multitudinem
2314 3021 2396 3058 lati-

1273 3077 1408 3104 norum
1441 3068 1657 3105 Antistitum
1689 3069 1833 3108 ibidem
1863 3071 2083 3124 degentium
2104 3100 2114 3111 .
2153 3073 2203 3111 Ut
2233 3075 2334 3111 enim
2368 3075 2396 3110 i-

1271 3117 1358 3157 dem
1390 3121 1485 3158 ritus
1516 3135 1582 3172 per
1612 3130 1729 3160 totum
1762 3137 1921 3175 regnum
1945 3136 2244 3179 propagaretur,
2277 3128 2309 3161 ἃ
2341 3127 2395 3162 sn-

1271 3179 1324 3207 ret
1353 3184 1582 3225 perpetuus,
1621 3180 1878 3216 necessarium
1917 3180 2023 3218 duxit
2054 3181 2296 3218 Innocentius
2327 3179 2392 3214 W.

1270 3235 1448 3264 revocare
1476 3227 1752 3279 delegationem
1783 3247 1804 3269 a
1838 3230 2017 3271 Romanis
2041 3232 2308 3277 Pontificibus,
2339 3239 2394 3264 tm-

1271 3276 1341 3318 cite
1370 3279 1501 3320 saltem
1534 3283 1673 3323 factam
1702 3283 1971 3347 Sacerdotibus
1999 3287 2135 3339 graecis
2172 3282 2388 3365 contegam-ii

1814 3349 1863 3375 00
2277 3360 2284 3370 .
2309 3351 2346 3370 a·
