2605 3624
783 143 864 188 DE
900 141 1321 187 CONFESSIONE
1354 143 1754 186 AURICULARI.
2288 139 2363 191 ¹4¹

119 228 358 279 debuerunt,
385 226 530 268 cratem
560 223 859 271 confessionem,
900 223 1011 270 cuius
1040 226 1236 261 necessita-

118 292 192 322 tem
224 292 384 334 negant,
415 280 547 318 utilem
578 278 709 318 saltem
739 291 816 315 esse
848 279 977 317 multis
1007 278 1053 316 de
1081 279 1204 316 causis
1225 307 1236 326 ,

117 338 288 388 adeoque
317 335 575 386 maximopere
604 331 876 371 consulendam
894 359 905 370 .

173 388 264 428 506.
296 389 484 426 Hactenus
512 388 719 439 captiosas,
764 400 807 423 ac
836 385 1036 424 cavillosas
1066 382 1206 423 Dallaei
1225 415 1236 432 ,

115 440 278 481 aliorum
312 456 357 479 ue
398 440 630 492 objectiones
670 440 838 477 breviter
879 439 1131 490 explosimuss
1174 439 1237 477 sed

113 507 190 532 nou
221 456 466 534 ita‘lneviter
494 494 652 532 alteram
684 493 853 544 ejusdem
884 493 1026 531 Dan-m
1071 491 1236 538 obiectio

113 547 240 586 refelli
262 551 423 602 poterit,
453 563 530 601 qua
558 547 672 585 simul
702 548 885 595 congestis
900 547 1133 598 antiquitatis
1155 558 1234 583 mo-

111 603 304 640 numentis
333 602 496 655 probare
523 602 597 640 sibi
629 601 729 640 visus
759 597 837 649 est,
875 601 1122 652 discipniuam
1154 601 1234 651 pri·

113 663 242 703 vatae,
284 655 319 693 ἃ
349 655 578 694 auricularis
615 655 861 694 consessionis
903 653 1094 691 novellam
1125 667 1202 691 esse
1223 681 1234 698 ‚

111 706 212 747 &ab
234 709 448 748 Innocentio
465 709 528 747 ΙΙΙ.
557 722 657 748 anno
682 710 798 746 1215.
828 708 1234 759 primitusiuvectanm

111 761 162 800 ad
190 777 308 814 quam
339 763 585 802 falsissimam
613 761 868 812 objectionem
901 763 1050 812 penitus
1088 773 1236 812 expun-

114 815 275 866 gendam
297 847 308 865 ,
351 816 544 868 simulque
571 816 618 853 ad
648 815 908 854 confirmanda
938 829 978 852 ea
997 844 1008 862 ‚
1051 827 1140 867 quae
1170 814 1237 852 ha·

114 876 247 909 otenus
275 883 321 908 ex
349 871 466 909 sacris
494 868 629 908 litteris
655 868 773 907 allata
803 870 936 917 fuere,
967 869 1014 906 sit

481 975 785 1014 PROPOSITIO
823 975 872 1012 11.

120 1079 389 1135 Confessionis
417 1081 745 1120 sacramentalis
782 1084 1032 1129 necessitas,
1069 1081 1118 1121 Θ·
1148 1092 1241 1118 usus

167 1145 377 1187 perpetuus
405 1139 447 1173 in
475 1134 665 1174 Ecclesia
695 1149 748 1173 ex
779 1134 962 1174 Patribus
990 1133 1208 1173 ostenditur
1230 1159 1241 1173 .

170 1242 264 1295 507.
282 1218 378 1287 Ad
408 1243 508 1282 hanc
537 1244 735 1282 veritatem
757 1242 1085 1281 demonstrandam
1109 1255 1239 1279 neces-

114 1309 156 1334 se
171 1310 243 1335 non
272 1305 324 1334 est
339 1306 475 1336 cuncta
491 1305 590 1335 retro
611 1296 754 1335 saecula
770 1297 1025 1349 percurrendo
1039 1326 1050 1344 ,
1079 1295 1207 1333 omnia
1225 1324 1237 1343 ,

115 1363 206 1402 quae
236 1350 283 1388 de
311 1364 410 1400 usu,
440 1351 704 1390 &necessitate
733 1350 978 1388 consessionis
1007 1348 1238 1386 auricularis

115 1404 358 1455 reperiuntur
378 1434 389 1453 ,
419 1413 590 1442 veterum
621 1412 866 1442 monumenta
894 1401 1052 1451 afferre,
1081 1402 1237 1454 quoda-

112 1455 212 1508 liqui
250 1457 469 1496 incredibili
508 1457 705 1509 diligentia
746 1456 911 1494 feliciter
954 1457 1238 1508 praestiterunt:

112 1511 225 1548 nobis
253 1513 357 1550 enim
387 1511 578 1549 sufficient
619 1510 827 1549 illustriora
866 1509 1025 1561 seligere
1055 1508 1142 1561 (a).
1192 1509 1239 1547 Et

111 1563 268 1614 quidem
299 1577 343 1602 ex
376 1566 458 1616 ipso
478 1564 743 1616 Apostolorum
775 1577 858 1601 aevo
886 1563 1015 1615 aliqua
1035 1564 1238 1601 confessio-

109 1617 169 1654 nis
198 1619 342 1656 mentio
383 1626 482 1656 extat
519 1619 620 1671 apud
650 1617 690 1656 S.
719 1617 956 1656 Clementem
988 1616 1098 1654 Rom.
1127 1618 1167 1654 in
1201 1629 1237 1654 2.

111 1671 222 1722 epist.
242 1671 299 1709 -ad
327 1671 567 1720 Corinthios,
597 1670 708 1722 cujus
737 1671 884 1723 aliquot
915 1671 1125 1721 fragmenta
1154 1671 1237 1708 sine

109 1722 233 1762 dubio
261 1724 480 1763 authentica
521 1733 754 1776 supersunt.
798 1723 857 1761 lbi
887 1724 990 1761 enim
1020 1737 1084 1760 nos
1113 1722 1238 1760 borta-

113 1784 198 1824 tur,
228 1786 268 1814 ut
295 1778 468 1829 quandiu
496 1791 629 1815 sumus
657 1778 696 1815 in
727 1775 800 1815 hoc
828 1777 993 1825 mundo,
1024 1776 1057 1813 &
1087 1785 1237 1828 tempus

111 1831 345 1881 poenitentiae
364 1830 572 1879 habemus,
603 1831 802 1868 totocorde
817 1831 1105 1882 resipiscamus:
1133 1839 1237 1879 post·

111 1895 236 1932 quam
266 1883 575 1923 enimemundo
603 1888 818 1931 exivimus,
848 1897 929 1921 non
959 1884 1131 1933 amplius
1146 1897 1232 1935 pos-

110 1948 250 1976 sumus
287 1937 336 1975 ibi
364 1938 572 1991 confiteri,
615 1946 685 1975 aut
713 1941 991 1987 paenitentiam
1032 1936 1161 1974 adhuc
1190 1950 1236 1974 a.-

108 2002 232 2040 gere.
273 1990 539 2030 Sanctissimus
568 1990 741 2029 Pontifex
773 2004 845 2028 non
877 1990 1000 2029 solum
1043 1994 1236 2039 poeniten·

111 2046 214 2081 tiam
230 2075 241 2092 ,
271 2045 333 2082 sed
356 2046 472 2083 etiam
500 2043 796 2096 consessionem
816 2054 1014 2097 tamquam
1044 2043 1128 2096 ejus
1148 2057 1235 2097 par-

113 2105 190 2136 tem
220 2106 520 2137 commemorat.

164 2151 255 2192 508.
286 2152 440 2191 Saeculo
467 2161 594 2190 autem
623 2152 670 2190 ll.
701 2151 742 2190 S.
771 2152 966 2200 1reuaeus,
1003 2152 1072 2204 qui
1100 2151 1237 2190 Eccle-

105 2204 176 2243 siae
208 2205 454 2257 Lngdunensi
496 2206 652 2257 praefuit
695 2205 745 2243 ab
774 2218 872 2243 anno
907 2219 994 2257 ¹77·
1025 2219 1145 2257 usque
1187 2206 1236 2244 ad

108 2271 175 2295 an.
198 2270 289 2296 202.
306 2287 317 2305 ,
347 2271 424 2310 quo
443 2260 630 2310 martyrio
649 2267 846 2296 coronatus
861 2267 940 2305 est,
970 2257 1060 2296 Lib.
1083 2259 1111 2295 1.
1142 2258 1235 2297 adv.

109 2309 208 2348 hoer.
237 2324 324 2362 cap.
344 2310 384 2348 6.
414 2319 566 2358 narrat,
608 2311 792 2362 quasdam
830 2310 1008 2348 mulieres
1039 2325 1061 2348 a
1090 2311 1235 2351 Valen-

107 2364 264 2401 tinianis
291 2364 488 2416 deceptas,
518 2363 695 2416 &postea
723 2363 770 2401 ad
801 2362 1015 2401 Ecclesiam
1046 2377 1233 2413 reversas,

107 2429 201 2454 cum
229 2417 378 2468 reliquo
405 2430 539 2456 errore
567 2418 616 2458 ζ»)
646 2416 717 2455 lzoc
746 2415 956 2468 consessas
975 2417 1132 2469 fuisse,
1161 2420 1234 2457 sci-

108 2469 198 2508 licet
225 2471 372 2509 crimen
402 2469 568 2510 carnalis
597 2472 871 2521 corruptionis,
908 2471 1010 2523 quod
1041 2480 1142 2508 certe
1170 2485 1233 2510 oc-

107 2523 256 2562 cultum
288 2524 442 2563 fuerat.
486 2524 536 2563 Et
564 2538 650 2576 cap.
680 2525 740 2563 15.
771 2523 949 2562 Marcum
983 2526 1233 2576 praestigiato-

107 2589 190 2614 rem
220 2575 429 2616 mulierum
467 2577 688 2628 corporibus
730 2579 1018 2615 contumeliam
1058 2582 1234 2630 irrogas-

109 2641 153 2666 se
170 2658 181 2676 ,
209 2642 271 2667 eas
291 2643 380 2667 vero
408 2631 604 2669 redeuntes
625 2633 671 2670 ad
687 2630 902 2670 Ecclesiam
933 2632 1120 2670 confessas
1142 2633 1234 2670 suis-

110 2696 174 2728 se,
203 2682 486 2722 &secundum
514 2696 654 2734 corpvs
683 2689 982 2723 exterminatas
1010 2699 1053 2724 se
1083 2685 1134 2724 ab
1164 2699 1231 2734 eo,

111 2736 226 2774 veluti
254 2734 463 2785 cupitline,
507 2737 556 2778 ὅ)
586 2738 875 2791 inflammatas
913 2739 1026 2777 valde
1055 2753 1146 2777 enm
1176 2739 1234 2776 cli-

110 2789 258 2827 Iexisse
286 2789 357 2827 ἃς.
388 2789 527 2829 Parum
556 2801 682 2829 autem
713 2793 886 2840 interest,
917 2807 964 2830 au
997 2794 1159 2831 lrenoeus
1187 2794 1234 2830 de

110 2841 270 2895 publica
288 2873 299 2891 ,
324 2858 372 2881 an
393 2844 440 2881 de
467 2845 617 2896 privata
646 2845 874 2883 confessione
905 2845 1108 2898 loquatur3
1137 2861 1234 2884 sem-

111 2910 180 2948 per
208 2898 309 2934 enim
341 2910 474 2935 verum
504 2899 575 2936 erit
596 2929 607 2946 ‚
637 2899 888 2938 necessariam
918 2909 1005 2937 tunc
1036 2900 1150 2938 fuisse
1175 2899 1234 2947 ju-

110 2951 278 2988 dicatam
308 2951 518 2989 criminum
557 2954 672 2990 etiam
700 2952 937 2991 occultorum
967 2948 1233 2991 Sacramenta-

112 3001 190 3040 lem
211 3003 510 3043 confessionem.
553 3004 625 3043 llla
653 3007 799 3058 quippe
827 3007 1068 3052 l'oedissima,
1097 3007 1130 3043 ἃ
1161 3021 1234 3057 pu-

111 3057 236 3094 denda
263 3058 428 3095 crimina
457 3057 617 3110 publica
646 3073 722 3097 esse
753 3073 825 3097 uon
857 3068 1026 3111 poterant
1049 3090 1060 3108 ,
1102 3059 1233 3098 occul-

112 3108 269 3150 tissimae
300 3119 429 3150 autem
457 3120 557 3150 certe
584 3121 690 3151 erant
709 3113 890 3164 quaedam
919 3113 1141 3151 eorumdem
1157 3115 1233 3151 cir-

166 3253 213 3288 (α)
236 3251 359 3286 Otium
386 3251 484 3285 nobis
510 3250 575 3284 hac
602 3251 636 3284 in
663 3259 762 3295 parte
788 3249 944 3282 fecerunt
970 3249 1037 3281 viri
1076 3246 1239 3282 doctissi-

115 3295 166 3330 mi
191 3297 378 3332 Witassius
396 3320 406 3337 ,
432 3298 590 3331 Morinus
608 3319 618 3336 ,
655 3297 806 3336 Jnenin,
841 3295 1065 3329 'sournellins
1087 3315 1097 3334 ,
1123 3295 1238 3328 Drou-

109 3352 213 3383 -ven‚
239 3354 277 3376 ac
302 3345 440 3379 Natalis
467 3343 687 3384 Alexander,
712 3344 772 3387 qui
798 3351 961 3386 magnam
988 3350 1144 3374 veterum
1166 3353 1238 3374 mo-

116 3397 367 3425 numentorum
391 3391 527 3437 copiam
562 3391 778 3436 collegerunt
796 3411 805 3421 .
842 3389 894 3423 De
921 3388 1146 3423 Tertulliano
1170 3387 1238 3433 legi

1305 223 1570 267 cummunis,
1612 234 1708 271 quas
1737 220 1822 258 aliis
1863 218 2034 258 revelare
2077 217 2212 257 insitus
2255 218 2428 257 soeminis

1304 273 1489 313 naturalis
1519 274 1637 323 pudor
1668 286 1741 311 non
1764 275 2019 322 permisisset,
2050 274 2119 310 nisi
2144 273 2180 310 id
2208 272 2342 310 diviua
2372 272 2426 310 le·

1304 342 1350 379 ge
1379 329 1534 365 omniuo
1564 334 1800 376 praeceptum
1831 339 1933 371 esse,
1964 334 2076 376 atque
2105 326 2151 362 ad
2182 336 2427 376 peccatorum

1304 382 1553 419 obtinendam
1571 381 1832 416 remissionem
1849 390 1999 429 prorsus
2020 381 2275 418 necessarium
2290 408 2302 428 ‚
2333 380 2427 417 fuis·

1304 447 1356 473 set
1389 433 1465 472 illis
1495 446 1745 483 persuasum.

1359 488 1450 538 509.
1480 486 1562 524 Post
1591 487 1780 523 lrenaeum
1815 484 1991 522 audiatur
2022 483 2237 535 Cyprianus
2267 484 2428 523 illustris

1302 555 1392 580 saec.
1414 542 1481 580 lll.
1512 539 1748 592 Episcopus,
1778 537 1811 574 8<
1836 536 2015 589 Martyr,
2047 537 2114 587 qui
2146 536 2330 575 inTract.
2360 538 2425 576 De

1301 596 1424 645 lapsis
1454 594 1540 633 illos
1567 592 1786 639 collaudat,
1824 595 1887 640 qui
1917 594 2097 641 quamvis
2126 590 2230 626 nullo
2267 591 2424 642 sacr-isi-

1301 654 1379 696 cii,
1417 656 1486 686 aut
1517 647 1632 685 libelli
1648 645 1845 697 jiicinore
1873 647 2108 690 constricti,
2145 646 2335 693 quonium
2367 654 2428 680 m-

1305 716 1400 740 men
1430 701 1480 739 ‹le
1509 700 1580 739 hoc
1609 701 1666 738 vel
1709 703 2010 751 cogitaverunt,
2054 696 2125 734 lzoc
2155 701 2285 747 ipeum
2322 698 2429 744 ‹nivi-l

1305 755 1540 795 Sacerdotes
1560 754 1638 793 Dei
1666 753 1843 791 dolenter
1862 782 1874 800 ,
1903 765 1955 789 ac
1985 752 2214 799 simpliciter
2235 750 2432 803 confiten-

1305 819 1364 849 tes
1393 809 1705 861 exomologesim
1722 809 1980 845 conscientiae
1995 805 2165 857 jaciunt
2183 820 2198 850 ‚·
2227 808 2356 841 animi
2372 808 2432 842 sui

1306 864 1458 915 pondus
1487 870 1690 912 exponunt
1707 892 1718 910 ,
1747 861 1972 899 salutarem
1989 858 2192 897 medelam
2223 862 2353 906 parvis
2384 859 2430 895 li-

1307 927 1394 966 cet,
1422 917 1471 958 <9⁶
1493 916 1659 954 modicis
1679 913 1898 952 vulneribus
1913 918 2125 963 exquirunt
2145 938 2155 950 .
2189 913 2322 952 Annon
2348 910 2432 949 hoec

1308 980 1387 1009 erat
1415 969 1651 1008 occultorum
1672 969 1883 1007 criminum
1903 965 2198 1006 Sacramentalis
2227 963 2434 1004 confessio?

1308 1025 1420 1063 Hanc
1458 1033 1583 1061 autem
1627 1022 1862 1061 occultorum
1906 1023 2116 1060 criminum
2159 1020 2432 1057 confessionem

1309 1079 1559 1116 necessariam
1591 1077 1705 1114 fuisse
1733 1076 1780 1112 ad
1810 1074 2031 1113 eorumdem
2075 1074 2227 1111 veniam
2257 1072 2433 1110 obtinen-

1309 1133 1400 1169 dam
1429 1139 1558 1183 aperte
1586 1129 1752 1167 declarat
1781 1130 1823 1167 S.
1853 1127 2031 1179 Mattyr‚
2070 1127 2216 1164 ibidem
2246 1126 2434 1164 subdens:

1314 1183 1591 1236 Confiteantur
1619 1182 1786 1233 singuli,
1829 1194 1964 1232 quaeso
1992 1193 2055 1217 ros
2073 1179 2236 1231 fratres
2264 1180 2436 1217 dilectis·

1311 1241 1426 1286 simi,
1464 1237 1650 1274 delictum
1679 1249 1795 1272 suum
1813 1264 1823 1282 ,
1866 1234 1960 1271 ilum
1991 1232 2119 1271 adhuc
2149 1237 2212 1283 qni
2242 1232 2401 1282 deliquit
2422 1262 2434 1281 ‚

1307 1295 1346 1328 in
1366 1291 1513 1329 soeculo
1543 1299 1628 1337 esc,
1659 1289 1754 1326 dum
1771 1287 1931 1326 admitti
1947 1285 2145 1338 consessio
2173 1287 2259 1338 ejus
2287 1295 2433 1335 potest,

1306 1345 1402 1383 ilum
1431 1343 1661 1396 satisfactio
1683 1373 1693 1390 ,
1736 1342 1787 1384 <9³
1815 1344 1998 1380 remissio
2028 1339 2158 1391 facta.
2193 1351 2263 1389 per
2291 1338 2436 1377 Socer-

1307 1398 1416 1437 dotes
1446 1397 1552 1446 apud
1581 1396 1804 1435 Dominum
1841 1404 1966 1447 grata
1995 1403 2079 1432 esc.
2124 1391 2231 1431 Nihil
2261 1392 2434 1441 clarius,

1306 1461 1347 1490 ut
1375 1453 1567 1499 arbitror,
1610 1450 1687 1488 dici
1719 1458 1836 1502 potest
1863 1449 1911 1487 ad
1940 1448 2195 1486 necessitatem
2231 1447 2437 1485 confessio-

1306 1507 1367 1544 nis
1397 1504 1722 1557 comprobandam
1741 1529 1752 1542 .

1364 1560 1456 1598 510.
1488 1559 1671 1610 Origenes
1701 1556 1812 1610 plura
1845 1555 1957 1594 habet
1988 1568 2056 1607 pro
2084 1554 2322 1593 occultorum
2354 1555 2430 1591 cri-

1308 1614 1457 1651 minum
1488 1612 1701 1650 necessaria
1743 1611 1974 1652 consessione
2004 1610 2044 1647 in
2073 1608 2222 1646 duabus
2252 1607 2435 1646 llomiliis

1307 1668 1357 1705 ll.
1387 1666 1420 1702 8<
1452 1666 1517 1703 lll.
1548 1666 1588 1703 in
1618 1665 1774 1709 Levit.;
1816 1664 1876 1701 sed
1923 1663 2117 1701 brevitatis
2153 1663 2273 1712 gratia
2304 1676 2347 1698 ea
2376 1674 2436 1698 so-

1306 1720 1388 1758 lum
1409 1719 1613 1758 afferemus
1630 1749 1640 1766 ‚
1671 1731 1760 1771 qna:
1776 1717 1869 1756 dicit
1887 1716 2001 1754 Hom.
2021 1716 2071 1754 ll.
2093 1717 2131 1754 in
2148 1714 2206 1752 l's.
2224 1713 2435 1753 xxxvii.

1305 1789 1416 1813 num.
1442 1774 1482 1820 4.
1514 1773 1580 1811 nbi
1610 1773 1810 1824 explicans
1838 1786 1882 1809 ea
1911 1769 2052 1808 verba:
2087 1799 2114 1818 „
2136 1768 2331 1816 Quoniam
2361 1769 2435 1806 ini-

1307 1857 1333 1876 „
1363 1829 1549 1879 quitatem
1581 1839 1707 1864 meam
1737 1838 1805 1877 ego
1834 1823 2123 1877 pronunciabo,
2155 1823 2299 1873 inquit:
2346 1821 2435 1859 Pro-

1306 1911 1333 1930 „
1363 1881 1650 1918 nunciationem
1668 1880 1879 1931 iniquitatis
1897 1907 1908 1925 ,
1938 1878 2032 1915 idest
2053 1876 2330 1914 confessionem
2348 1889 2437 1927 pec-

1308 1964 1335 1983 „
1364 1935 1438 1972 cati
1470 1934 1705 1984 frequentius
1733 1932 1931 1970 diximus.
1977 1930 2076 1969 Vide
2107 1942 2195 1980 ergo
2222 1929 2317 1980 quid
2348 1929 2436 1966 edo-

1306 2018 1332 2037 „
1364 1996 1422 2026 cet
1452 2000 1515 2024 nos
1531 1988 1730 2038 Scriptura
1749 1985 1907 2031 divina,
1967 1986 2027 2022 uia
2058 1992 2202 2035 oportet
2233 1992 2435 2034 peccatum

1305 2071 1333 2090 ‚,
1363 2054 1437 2079 non
1465 2040 1590 2079 celare
1618 2040 1846 2077 intrinsecus
1867 2041 1893 2059 “
1911 1998 2081 2076 .(l³ostea
2110 2035 2228 2075 allato
2258 2037 2436 2088 exemplo

1305 2109 1466 2143 eorum,
1510 2095 1578 2146 qui
1610 2094 1835 2145 indigestam
1879 2093 2081 2130 materiam
2124 2089 2318 2128 stomacho
2347 2103 2434 2127 evo-

1305 2158 1449 2188 mentes
1493 2147 1734 2186 relevantur:
1769 2177 1795 2196 „
1815 2147 1869 2184 sic
1900 2149 1914 2197 (
1945 2143 2140 2183 concludit
2169 2144 2184 2192 )
2215 2145 2327 2181 etiam
2360 2143 2396 2180 hi
2422 2175 2432 2190 ‚

1363 2205 1430 2255 qui
1460 2202 1729 2254 peccaverint,
1777 2202 1808 2238 si
1837 2199 1994 2250 quidem
2024 2197 2241 2245 occultant,
2284 2199 2315 2234 si
2345 2198 2432 2234 reti-

1363 2264 1452 2293 nent
1495 2257 1593 2293 intra
1621 2267 1658 2291 se
1689 2262 1917 2305 peccatum,
1954 2252 2183 2289 intrinsecus
2226 2258 2433 2301 urgentur,

1362 2308 1692 2361 &propemodum
1714 2306 1945 2344 suffocantur
1965 2319 1985 2342 a
2007 2303 2247 2356 phlegmate,
2278 2304 2337 2341 vel
2360 2303 2432 2340 hu-

1361 2375 1467 2400 more
1498 2361 1671 2413 peccati.
1702 2359 1743 2397 Si
1773 2368 1900 2396 autem
1931 2359 2011 2410 ipse
2039 2359 2097 2395 sui
2127 2366 2322 2395 accusator
2341 2357 2430 2402 fiat,

1360 2416 1452 2453 dum
1484 2423 1634 2451 accusat
1664 2414 1939 2464 semetipsum,
1970 2410 2003 2446 8<
2033 2409 2239 2449 confitetur
2260 2441 2271 2458 ,
2314 2410 2431 2448 simul

1361 2470 1500 2506 evomit
1530 2467 1563 2503 ἃ
1590 2466 1804 2514 delictum,
1847 2474 1960 2518 atque
1989 2477 2142 2503 omnem
2175 2464 2300 2502 morbi
2329 2465 2434 2513 dige-

1362 2524 1411 2560 rit
1440 2535 1593 2560 causam
1613 2547 1624 2558 .
1668 2519 1955 2557 'satitummodo
1982 2519 2242 2570 circumspice
2270 2517 2434 2569 diligen-

1359 2577 1433 2614 tius
1453 2605 1464 2623 ,
1494 2576 1556 2612 cui
1578 2574 1717 2612 debeas
1746 2573 1917 2611 confiteri
1950 2581 2151 2624 peccatum
2182 2581 2314 2609 tuum:
2346 2584 2434 2622 pro-

1359 2630 1408 2668 ba
1440 2629 1544 2680 prius
1574 2629 1797 2674 medicum,
1827 2628 1890 2664 cni
1921 2627 2059 2664 debeas
2089 2638 2244 2664 causam
2278 2624 2433 2675 languo-

1362 2685 1412 2721 ris
1442 2695 1631 2734 exponere
1652 2707 1723 2719 .....
1744 2681 1785 2718 Si
1817 2678 2074 2727 intellexerit,
2116 2680 2150 2715 ἃ
2182 2678 2402 2730 praeviderit
2421 2709 2433 2727 ,

1361 2736 1477 2775 talem
1507 2749 1584 2773 esse
1630 2734 1853 2786 languorem
1884 2743 1992 2771 tuum
2012 2763 2022 2781 ,
2065 2733 2134 2784 qui
2164 2734 2204 2770 in
2245 2741 2435 2770 conventu

1361 2793 1473 2828 totius
1503 2788 1689 2827 Ecclesiae
1734 2787 1872 2839 exponi
1917 2787 2079 2834 debeat,
2123 2786 2155 2823 δι
2186 2785 2342 2831 curari,
2388 2798 2435 2823 ex

1361 2858 1438 2896 quo
1469 2844 1630 2881 fortassis
1661 2842 1694 2877 δ(
1725 2842 1839 2880 ceteri
1871 2840 2058 2878 aedificari
2090 2848 2298 2891 poterunt,
2328 2837 2361 2873 8(
2391 2848 2432 2876 tu

1363 2900 1441 2950 ipse
1472 2896 1586 2935 facile
1615 2897 1770 2943 sanari,
1808 2893 1930 2931 multa
1961 2893 2030 2932 hoc
2060 2893 2334 2932 deliberatione
2356 2923 2366 2940 ‚
2397 2891 2433 2927 8<

1360 2953 1446 2989 satis
1477 2952 1597 3002 perito
1628 2949 1769 2988 medici
1801 2946 1908 2986 illius
1951 2947 2114 2986 consilio
2144 2946 2431 2999 procurandum

1303 3034 1330 3054 „
1359 3014 1411 3042 est
1433 3008 1458 3026 ‘⁶
1477 3031 1487 3042 .
1519 3003 1693 3042 Dubium
1725 3014 1837 3054 porro
1865 3014 1942 3040 non
1971 3010 2050 3051 est,
2094 3003 2249 3039 nomine
2279 2997 2431 3037 Medica·

1301 3057 1402 3097 nihil
1432 3058 1537 3098 aliud
1570 3057 1800 3096 intellexisse
1828 3055 2033 3108 Origenem
2052 3085 2063 3103 ,
2100 3068 2218 3107 quam
2248 3051 2431 3091 Sacerdo-

1303 3121 1407 3162 tem,
1450 3125 1566 3165 quem
1596 3110 1691 3149 alibi
1733 3122 1908 3162 expresse
1948 3110 2241 3154 nominaverat,
2285 3104 2428 3141 scilicet

2251 3157 2367 3195 Hom.

1305 3258 1461 3283 meretur
1486 3249 1562 3283 Jac.
1588 3247 1762 3282 Pamelius
1789 3247 1823 3280 in
1839 3246 1930 3280 notis
1951 3244 1993 3279 ad
2019 3243 2094 3287 ejus
2119 3242 2259 3275 bibrum
2282 3239 2335 3272 De
2351 3250 2424 3279 μω·

1307 3300 1480 3329 nitentia.
1524 3298 1691 3329 Ceterum
1729 3293 2015 3337 antiquissimum
2042 3300 2114 3321 esse
2139 3289 2172 3320 in
2202 3286 2355 3337 Ecclesia
2385 3297 2426 3316 u-

1306 3353 1383 3374 sum
1411 3340 1596 3376 confitendi
1625 3350 1767 3385 peccata
1792 3339 1929 3371 occulta
1946 3359 1956 3376 ‚
1982 3333 2164 3368 concedere
2191 3332 2310 3366 ulcbtnt
2337 3330 2423 3364 Erus

1305 3389 1458 3423 Grabius
1484 3389 1520 3421 in
1545 3389 1724 3424 Obserrat.
1749 3385 1794 3420 ad
1816 3385 1896 3419 Lib·
1917 3385 1942 3416 1.
1969 3383 2004 3414 S.
2030 3379 2176 3414 irenaei.

1307 2233 1334 2253 3)

1306 2287 1333 2305 5)

1305 2340 1332 2359 ³9

1303 2393 1331 2412 72

1303 2446 1330 2465 2,

1304 2500 1330 2519 >²

1303 2553 1330 2572 θ’

1303 2607 1329 2626 >3

1303 2660 1329 2679 3)

1304 2713 1330 2732 2)

1303 2767 1330 2787 n

1304 2821 1330 2840 :³

1304 2875 1330 2894 >2

1304 2927 1331 2947 θ’

1303 2981 1330 3000 >²
