2605 3624
782 103 862 148 DE
897 103 1343 147 INSTJTUTIONE
1379 105 1590 150 BAPTIS
1600 111 1664 153 311
1681 143 1691 153 .

128 201 216 227 too.
248 187 389 241 Resp.,
418 191 521 224 certe
549 183 586 221 id
617 183 758 220 sactum
780 195 856 220 nou
886 196 992 230 esse,
1024 182 1190 220 utCliri-

67 251 144 281 stus
174 241 433 294 poenitentiam
461 245 615 287 ageret,
663 236 698 272 δι
727 236 975 274 mundaretur
1003 250 1024 273 a
1055 250 1189 295 pecca-

68 298 115 334 tis
130 323 142 341 ,
171 294 326 334 utenim
355 300 453 329 recte
466 292 639 328 observat
655 290 815 340 Optatus
837 289 924 326 Lib.
945 290 971 326 l.
989 319 997 337 ,
1031 318 1056 337 „
1077 290 1189 326 Chri-

121 349 168 386 ati
195 359 285 386 caro
312 346 394 396 ipso
416 343 578 381 Jordaue
607 344 772 380 sanctior
802 344 994 380 invenitur
1011 372 1021 390 ‚
1053 352 1092 380 ut
1107 356 1190 380 ina-

67 378 95 397 ”
123 402 179 452 gis
205 411 346 450 aquam
376 398 455 448 ipse
469 396 649 434 descensu
679 409 746 434 suo
777 397 1038 442 mundaverit,
1069 410 1188 447 quam

69 430 96 501 ’ζ
121 456 203 504 ipsa
231 450 436 489 mundatus
463 451 538 488 sit.
558 450 579 465 ”
627 451 778 488 Clarius
810 450 1068 501 Hieronymus
1097 449 1184 488 adv.

62 484 321 547 Luciferiauos
349 516 460 542 num.
479 502 520 542 G.
553 533 578 551 „
609 503 693 555 Ipse
714 504 906 541 Dominus
936 513 1058 540 noster
1079 502 1184 540 Jesus

61 587 90 608 „
116 557 314 605 Christus,
360 558 429 609 qui
458 569 531 595 non
561 567 637 594 tam
669 558 870 596 mundatus
900 567 952 594 est
995 556 1147 616 lavacro
1166 586 1178 604 ,

59 640 88 662 „
115 603 234 663 quain
262 612 302 649 in
323 609 476 650 lavacro
495 623 563 649 suo
593 612 785 649 universas
799 625 917 661 aquas
948 610 1175 657 mundavit,

60 693 89 714 ,‚
115 665 242 703 statim
270 672 311 702 ut
328 673 444 716 caput
463 663 597 702 extulit
623 664 672 702 de
689 665 830 702 ssuento
847 693 857 711 ,
886 664 1075 715 Spiritum
1093 678 1174 723 san-

61 746 88 767 ,‚
117 725 222 756 ctum
252 719 426 770 accepit,
473 731 544 756 nou
572 719 675 770 quod
718 731 891 770 unquam
926 718 1006 755 siue
1034 717 1183 777 Spiritu

60 800 88 820 „
117 780 242 809 sancto
270 771 415 821 fuerit,
461 773 607 824 quippe
635 773 703 823 qui
732 772 780 808 de
809 771 955 822 Spiritu
984 778 1111 808 sancto
1142 783 1181 808 ιιι

60 853 88 874 ,,
116 837 232 864 carne
259 834 372 864 natus
399 833 478 872 est,
525 825 588 863 sed
619 835 658 862 ut
687 824 784 862 illud
813 823 923 861 nohis
954 831 1180 861 monstrare-

59 907 86 926 „
115 886 177 916 tur
205 892 339 918 verum
368 892 446 917 esse
473 878 664 930 baptisma
682 907 693 925 ,
728 889 807 929 quo
835 877 1000 928 Spiritus
1029 885 1180 914 sauctus

59 961 87 980 ,‚
115 932 356 971 adveniat.'’
1149 985 1156 991 ι

118 998 206 1024 toi.
236 984 324 1023 Atia
351 986 466 1023 etiam
497 984 592 1022 ratio
619 984 781 1035 suscepti
824 997 845 1020 a
872 982 1023 1021 Clu—isto
1051 983 1177 1035 bapti-

55 1040 184 1076 smatis
212 1039 252 1076 in
280 1038 441 1076 Jordaue
470 1038 553 1076 liaec
581 1037 711 1074 afferri
740 1035 858 1084 solet,
903 1045 944 1073 ut
972 1051 1112 1088 nempe
1139 1051 1178 1074 se

55 1091 259 1129 ostenderet
285 1092 398 1129 totius
425 1090 520 1143 legis
545 1090 925 1129 observantissimum
947 1115 958 1127 .
1019 1091 1100 1128 nte
1129 1091 1175 1128 de

54 1157 169 1182 causa
195 1146 310 1182 etiam
338 1145 632 1183 circumcisioni
661 1157 700 1182 se
729 1143 925 1195 subjecit.
975 1143 1086 1182 Hane
1115 1158 1175 1181 ra-

51 1197 192 1236 tionem
219 1199 301 1251 ipse
327 1197 500 1237 Christus
526 1197 663 1236 Joanni
692 1196 898 1249 allegavit,
926 1198 1102 1250 quando,
1133 1205 1174 1235 ut

54 1249 218 1290 habetur
245 1250 470 1290 Mattt1.111.
504 1251 567 1297 14.
596 1266 675 1303 seq.
693 1282 702 1298 ‚
745 1251 924 1289 Jotmnes
951 1249 1176 1301 prohibebat

40 1315 172 1350 eum,
201 1303 360 1346 dicens:
405 1303 498 1358 Ego
525 1319 554 1343 a
582 1315 622 1343 te
649 1304 768 1343 debeo
794 1304 1012 1355 baptizari,
1053 1313 1104 1345 (9⁶
1133 1313 1174 1342 tu

52 1361 160 1396 venis
188 1358 244 1396 ari
273 1373 337 1397 me
356 1357 382 1396 ?
409 1358 668 1410 Respondens
696 1368 833 1396 autem
849 1358 962 1396 Iesus
991 1357 1093 1396 dixit
1109 1362 1174 1396 ei:

52 1409 150 1449 Sine
179 1411 296 1450 molo
315 1417 415 1463 ,gsic
435 1418 544 1452 enim
573 1413 684 1451 decet
714 1426 786 1452 nos
816 1412 982 1464 implere
1008 1425 1175 1450 omnem

51 1468 253 1516 justitiam
272 1491 285 1506 .

389 1574 670 1614 CAPUT
761 1574 832 1613 IV.

229 1679 295 1718 De
323 1683 566 1720 Institutione
594 1681 782 1731 baptismi
814 1679 982 1718 Christi.

110 1761 381 1828 102.Praeter
411 1786 496 1826 illas
524 1787 736 1825 ablutiones
756 1787 962 1824 admodum
994 1785 1173 1838 frequen·-

51 1846 107 1877 tes
137 1841 263 1890 gentis
291 1840 464 1878 Judaicae
483 1871 493 1889 ‚
537 1842 732 1892 praecipue
771 1849 898 1878 autem
939 1849 1048 1877 sectas
1078 1839 1174 1876 Pha-

50 1892 248 1930 rimorum
266 1922 277 1941 ,
306 1907 471 1946 quarum
502 1895 543 1932 in
571 1896 687 1932 sacris
718 1894 854 1931 litteris
880 1894 1080 1944 utriusque
1097 1893 1173 1930 Te-

46 1946 225 1983 stamenti
254 1945 298 1984 fit
324 1948 491 1994 mentio,
520 1956 667 1985 certum
697 1956 776 1994 est,
804 1947 921 1984 etiam
949 1947 1054 1997 apud
1082 1946 1171 1984 bar-

46 1996 159 2036 baras
186 1999 354 2037 nationes
367 2008 588 2038 consuetum
616 2001 731 2037 fuisse
760 2000 859 2037 inter
875 1998 1068 2050 religiosos
1086 1998 1170 2037 cul-

48 2058 110 2089 tus
135 2053 304 2105 corporis
332 2052 487 2092 lavacra
512 2051 700 2091 adhibere
719 2082 730 2099 ‚
760 2061 801 2089 ut
828 2060 938 2089 testes
965 2061 1054 2090 sunt
1083 2052 1169 2089 Cle—

45 2116 155 2143 mens
182 2104 459 2146 Alexandrinus
486 2106 576 2145 Lib.
599 2105 647 2143 V.
690 2105 940 2144 stromatum
957 2136 967 2154 ,
1017 2105 1170 2143 Tertul-

47 2156 174 2196 lianus
202 2157 267 2198 De
281 2158 388 2212 bapt.
416 2175 504 2213 cap.
521 2160 562 2207 4.
580 2190 591 2208 ,
620 2158 656 2196 &
675 2159 933 2211 Hieronymus
952 2173 1041 2212 cap.
1056 2159 1167 2220 XVI.

46 2209 262 2251 Ezechielis
280 2243 290 2261 ‚
318 2213 422 2267 quod
451 2215 579 2253 innuit
608 2215 723 2252 etiam
743 2212 784 2250 S.
815 2215 1048 2265 Augustinus
1078 2213 1167 2251 Lib.

50 2261 121 2301 VI.
149 2262 214 2303 De
241 2263 447 2318 Baptismo
473 2281 562 2320 cap.
583 2267 648 2306 25.
678 2266 877 2319 iuquiens:
906 2265 954 2304 Ιη
975 2266 1108 2305 multis
1135 2270 1168 2304 ι’-

51 2314 230 2357 dolorum
257 2320 464 2374 sucrilegis
491 2323 621 2359 sacris
649 2318 840 2371 baptizari
871 2319 1051 2358 homines
1079 2333 1167 2371 per-

49 2367 253 2411 hibentur.
306 2373 399 2422 Qua.
424 2374 473 2413 de
499 2385 542 2413 re
570 2373 743 2412 mirabili
770 2387 840 2412 sua
868 2383 1042 2412 veterum
1060 2403 1072 2423 ,
1120 2388 1165 2413 ac

46 2425 257 2464 recentium
286 2427 499 2467 Gentilium
542 2441 692 2466 morum
736 2429 865 2466 notitia
907 2429 1056 2467 disserit
1084 2426 1165 2466 Pet.

46 2475 150 2517 Dan.
171 2478 332 2519 Huetius
346 2481 435 2521 Lib.
451 2482 500 2520 Π.
533 2481 686 2533 Quoest.
707 2481 838 2520 Alnet.
859 2495 945 2535 cap.
967 2495 1032 2520 20.
1063 2481 1165 2520 Hinc

44 2529 170 2583 aliqui
200 2531 408 2587 Religionis
442 2534 672 2575 ctaristianae
713 2545 990 2588 contemptores
1032 2549 1164 2573 ansam

49 2595 292 2637 stimpserunt
316 2589 488 2629 divinam
514 2591 630 2629 nostri
660 2590 844 2642 baptismi
885 2591 1073 2642 originem
1104 2591 1164 2628 in-

50 2634 237 2688 ficiandi,
264 2654 431 2696 eumque
458 2642 520 2682 vel
550 2658 572 2682 a
600 2643 761 2682 Judaico
790 2643 1066 2696 proselytorum
1095 2643 1163 2681 ba-

47 2689 215 2742 ptismo,
240 2692 288 2732 de
315 2709 392 2748 quo
418 2711 535 2751 supra
563 2711 602 2737 n.
627 2697 691 2749 57.
720 2698 838 2737 verba
867 2697 1058 2747 fecimus,
1099 2697 1162 2736 vel

52 2841 165 2877 nitate
190 2845 382 2883 Carmelita
421 2852 622 2887 exalceatus
658 2853 692 2887 in
730 2864 795 2888 suo
819 2852 949 2888 Itinere
989 2855 1166 2889 Orientali

56 2889 227 2934 impresso
254 2893 411 2939 Lugduni
436 2909 491 2930 an.
516 2899 615 2931 ¹662.
642 2900 719 2933 Lib.
738 2901 798 2933 Vl.
826 2912 855 2933 c.
877 2913 909 2944 7.

99 2942 146 2974 (a)
178 2937 251 2971 Hac
275 2937 317 2972 de
353 2952 389 2974 re
413 2940 501 2984 diu,
541 2945 760 2990 multumque
804 2947 895 2979 inter
930 2947 1166 2982 protestantes

49 2979 258 3018 dimicatum
282 2992 334 3018 est
350 3007 359 3016 ·
383 2987 533 3023 Nomina
553 2999 670 3024 autem
694 3004 812 3025 eorum
827 3014 839 3032 ,
863 2994 924 3036 qui
951 2994 987 3026 in
1011 2993 1077 3029 hac
1103 3007 1167 3040 pu·

48 3037 118 3072 gna
145 3029 411 3072 inclaruerunt,
435 3035 540 3068 solita
554 3047 616 3068 sua
643 3037 813 3070 litteraria
828 3037 1021 3073 eruditione
1047 3053 1168 3075 recen-

52 3082 105 3107 set
154 3076 360 3122 Christoph.
387 3079 516 3112 Matih.
544 3081 680 3116 Pt‘affius
723 3083 757 3114 in
795 3083 981 3118 Introduct-
1007 3089 1054 3120 ad
1079 3087 1164 3121 Inse.

36 3118 243 3168 'Theologiae
277 3127 484 3159 litterariam
512 3126 588 3160 Lib.
610 3128 668 3159 ΙΙΙ.
705 3138 782 3171 pag.
803 3129 883 3161 361.
909 3141 1005 3176 sequ.
1049 3134 1165 3178 Major

51 3171 195 3212 tumen,
238 3173 270 3202 ἀ
295 3172 420 3205 melior
444 3183 565 3206 eorum
606 3183 686 3217 pars
711 3173 875 3217 baptismi
918 3179 1028 3210 nostri
1056 3180 1166 3212 ritum

55 3222 120 3247 neo
142 3227 162 3250 a
187 3217 341 3261 profanis
367 3219 586 3259 Gentilium,
628 3230 689 3252 nec
715 3231 735 3251 a
758 3220 892 3259 sacris,
916 3222 972 3254 vel
998 3225 1168 3268 supersti-

55 3256 153 3293 tiosis
175 3261 376 3298 Judaeorum
403 3265 597 3299 lotionibus
613 3286 623 3305 ‚
650 3263 708 3298 sed
728 3264 828 3298 unice
854 3278 873 3298 a
898 3267 1092 3301 Servatoris
1106 3282 1166 3303 no-

55 3303 121 3336 stri
144 3305 365 3346 institutione
392 3313 542 3356 repetit3
567 3323 782 3356 quamquam
807 3311 915 3355 aliqui
944 3314 1086 3347 minime
1113 3316 1167 3349 in-

53 3347 240 3396 notentur,
265 3367 344 3391 cum
369 3359 511 3393 ,loannis
540 3359 754 3404 Baptismum
774 3380 786 3399 ‚
813 3366 887 3392 tum
913 3358 1038 3403 legales
1062 3372 1165 3405 quas-

2244 127 2317 168 151

1258 197 1280 220 a
1309 184 1481 234 profanis
1512 187 1726 227 Gentilium
1759 190 1960 235 lotionibus
1980 207 2103 238 ortum
2134 201 2248 241 fuisse
2277 218 2381 243 com.

1257 237 1485 276 miniscendi
1517 243 1580 289 (a)
1604 266 1615 278 .
1645 245 1876 295 Quanquam
1900 253 2019 299 nihil,
2053 264 2090 291 ut
2119 265 2236 306 puto,
2266 258 2381 296 detri-

1259 291 1377 327 menti
1406 302 1555 343 caperet
1587 293 1761 344 Religio,
1791 302 1938 339 etiamsi
1956 306 2167 356 diceretur,
2198 310 2379 363 baptismi

1257 342 1551 383 Sacramentum
1582 348 1696 384 fuisse
1742 363 1765 385 a
1793 351 1940 390 Christo
1969 358 2057 395 „lesu
2088 363 2298 401 institutum
2326 366 2376 403 ad

1257 396 1550 436 similitudinem
1580 400 1820 452 baptismatis
1863 408 2139 459 proselytorum
2180 418 2279 465 apud
2308 418 2378 455 Ju-

1254 449 1357 487 ‹laeos
1388 452 1542 500 usitati,
1573 454 1647 491 ritu
1677 464 1804 494 tamen
1826 458 1875 495 ab
1904 464 2007 498 υιιιιιι
2038 469 2378 514 superstitioni-ila-

1255 502 1305 540 be
1335 515 1519 556 pingam,
1549 506 1583 542 &
1615 508 1851 548 invocatione
1881 514 1992 550 totius
2023 523 2375 561 sacroszuwtoe'l'ri.

1249 557 1380 594 nitatis
1394 559 1655 609 sanctificato,
1685 565 2010 613 queuudmodum
2040 583 2153 620 supra
2173 571 2324 612 Dissert.
2344 577 2374 614 l.

1245 621 1283 646 n.
1302 610 1395 661 555).
1423 613 1469 649 de
1497 613 1730 664 quibusdam
1747 616 2009 657 ecclesiasticis
2026 627 2263 662 caeremoniis
2278 627 2373 665 dixi-

1243 665 1553 713 musaJndaeis,
1583 667 1641 705 vel
1665 671 1816 708 etiama
1837 672 2056 712 Gentilibus
2086 680 2264 716 mutuatis
2293 679 2374 730 (3³).

1311 717 1398 755 105.
1429 720 1696 760 Controversia
1725 733 1850 762 autem
1882 727 1975 763 inter
2003 727 2215 768 Catliolicos
2244 743 2373 770 exorta

1251 778 1303 807 est
1332 770 1378 808 de
1407 780 1605 825 tempore,
1635 789 1713 828 quo
1739 778 1914 817 Christus
1944 780 2137 820 Dominus
2151 783 2376 824 Sacramen-

1249 831 1331 861 tum
1360 824 1543 877 baptismi
1588 830 1781 869 instituit.
1829 833 1870 871 S.
1902 833 2069 873 Thomas
2099 837 2138 875 3.
2168 836 2209 875 l'.
2241 850 2378 890 quaest.

1248 876 1314 915 66.
1344 888 1415 916 art.
1438 892 1474 917 2.
1505 885 1724 921 auctoritate
1754 884 1794 922 S.
1825 889 2027 938 Augustini
2058 890 2172 928 fretus
2203 894 2376 944 putavit,

1247 932 1416 981 primam
1434 932 1617 986 baptismi
1649 938 1921 978 institutionem
1938 950 2028 980 tunc
2059 944 2197 982 factam
2228 946 2343 984 fuisse
2361 978 2372 994 ‚

1248 985 1402 1034 quando
1429 987 1600 1027 Christus
1631 991 1669 1028 in
1698 991 1860 1030 Jordaue
1889 993 2102 1045 baptizatus
2132 1007 2210 1036 est.
2250 1000 2375 1051 lnquit

1249 1039 1354 1075 euim
1396 1038 1436 1076 S.
1467 1041 1722 1094 Hipponensis
1752 1046 1909 1085 Antistes
1937 1049 2063 1087 serm.
2092 1050 2282 1090 XXXVI.
2314 1054 2374 1091 De

1247 1099 1441 1143 tempore:
1485 1124 1512 1142 „
1544 1095 1602 1132 Ex
1631 1111 1707 1149 quo
1736 1098 1909 1138 Salvator
1939 1104 1978 1139 in
2007 1117 2108 1155 aqua
2138 1119 2176 1142 se
2206 1108 2374 1155 mersit,

1245 1174 1270 1192 ,‚
1301 1158 1345 1182 ex
1376 1159 1420 1183 eo
1446 1149 1620 1186 omnium
1649 1154 1843 1202 gurgitum
1873 1163 2038 1203 tractus,
2067 1167 2372 1211 cunctorumque

1245 1227 1271 1245 „
1303 1199 1468 1237 fontium
1497 1215 1610 1239 venas
1631 1207 1812 1255 mysterio
1841 1206 2080 1258 baptismatis
2108 1217 2370 1260 consecravit;

1244 1280 1271 1298 „
1301 1251 1336 1287 8<
1365 1253 1540 1305 quisquis
1571 1254 1627 1292 ibi
1656 1257 1697 1294 in
1726 1260 1882 1296 nomine
1912 1260 2071 1300 Domini
2102 1263 2285 1315 baptizari
2311 1279 2377 1303 vo-

1245 1333 1272 1352 „
1301 1304 1446 1354 luerit,
1477 1317 1644 1346 nontam
1677 1309 1790 1349 illum
1810 1313 1945 1351 mundi
1973 1329 2072 1368 aqua
2087 1315 2225 1365 diluit,
2253 1332 2376 1370 quam

1245 1387 1273 1406 „
1302 1358 1447 1398 Cliristi
1477 1362 1579 1399 unda
1600 1362 1807 1414 purificat.
1838 1367 2013 1406 Salvator
2032 1379 2160 1408 autem
2189 1371 2274 1408 ideo
2303 1371 2373 1410 ba-

1245 1441 1272 1460 „
1301 1414 1437 1463 ptizari
1468 1413 1616 1464 voluit,
1653 1430 1727 1456 non
1755 1427 1797 1456 ut
1825 1421 1900 1459 sibi
1932 1423 2162 1461 munditiem
2192 1426 2371 1476 acquire·

1244 1494 1272 1512 „
1302 1475 1383 1514 ret,
1413 1467 1476 1504 sed
1507 1477 1544 1506 ut
1575 1469 1683 1508 nobis
1705 1471 1848 1511 fluenta
1871 1477 2134 1514 mundaret.'’
2164 1478 2268 1515 ldem
2290 1477 2370 1516 An-

1242 1517 1318 1569 gel.
1342 1519 1494 1558 Doctor.
1522 1533 1658 1573 quaest.
1676 1525 1741 1575 59.
1772 1535 1840 1563 art.
1865 1541 1896 1564 1.
1926 1529 2116 1579 probans,
2147 1530 2264 1568 fuisse
2280 1543 2372 1570 con-

1244 1573 1401 1610 veniens
1417 1602 1428 1620 ,
1459 1582 1499 1610 ut
1513 1575 1686 1614 Christus
1715 1580 1755 1616 iu
1776 1579 1938 1618 Jordane
1956 1582 2206 1634 beptizaretur
2223 1614 2233 1632 ,
2264 1583 2366 1624 hanc

1242 1624 1354 1662 affert
1380 1638 1428 1662 ex
1443 1625 1484 1664 S.
1517 1626 1718 1667 Ambrosio
1739 1632 1779 1669 in
1809 1634 1980 1685 cap-111.
2009 1635 2128 1674 Lucae
2157 1640 2368 1677 rationem:

1244 1676 1476 1726 Baptizatus
1505 1690 1564 1718 esc
1592 1681 1819 1734 Dominus,
1867 1700 1948 1724 non
1990 1690 2178 1728 mundani
2207 1692 2368 1741 rolens,

1242 1730 1313 1768 sed
1341 1731 1540 1770 mundare
1568 1749 1700 1786 aquas
1717 1768 1728 1786 ,
1757 1748 1797 1775 ut
1827 1739 1972 1779 ablutae
1985 1755 2054 1792 per
2070 1757 2238 1782 carnem
2256 1744 2369 1783 Chri·-

1241 1789 1318 1832 stt',
1348 1790 1412 1836 qui
1441 1798 1654 1836 peccatum
1669 1803 1749 1828 non
1767 1797 1974 1845 cognorit,
2004 1795 2256 1847 baptismatis
2286 1803 2366 1837 vim

1241 1837 1461 1883 ]z‹zl)erent,·
1503 1840 1537 1876 δι
1564 1855 1611 1880 ex
1638 1842 1909 1896 Clirysostomo
1927 1879 1937 1895 ,
1964 1863 2034 1887 seu
2065 1853 2189 1901 potius
2217 1864 2264 1890 ex
2292 1866 2363 1890 au-

1242 1900 1344 1929 ctore
1373 1894 1510 1944 Operis
1540 1896 1757 1947 imperfecti
1801 1901 1851 1938 in-
1871 1900 2010 1940 Matth.
2041 1903 2155 1942 Hom.
2179 1905 2274 1953 1V.,
2322 1915 2365 1942 uc

1239 1945 1524 1996 sanctificatas
1553 1961 1684 1999 aquas
1711 1952 1948 2003 relinqueret
1960 1957 2210 2008 postmodum
2241 1959 2366 2010 bapti-

1238 1997 1404 2037 zandis.
1434 1999 1494 2038 Ex
1521 2001 1744 2053 hujusmodi
1772 2006 1927 2058 verbis,
1958 2009 2120 2063 aliisque
2148 2012 2340 2051 similibus
2357 2043 2369 2062 ‚

1237 2065 1327 2104 quae
1358 2054 1474 2092 etiam
1494 2056 1599 2107 apud
1627 2056 1722 2096 alios
1743 2057 1868 2099 Patres
1897 2075 2130 2113 occurrunt,
2159 2067 2212 2104 ita
2241 2069 2356 2105 ratio-

1235 2107 1388 2145 cinatur
1410 2108 1616 2159 Angelicus
1646 2110 1685 2150 3.
1702 2111 1743 2150 Ρ.
1772 2127 1811 2166 q.
1828 2114 1894 2154 66.
1915 2126 1985 2156 art.
2006 2131 2045 2156 2.
2075 2149 2101 2167 „
2131 2119 2361 2159 Sacramen-

1237 2189 1264 2208 ,‚
1295 2169 1332 2199 ta
1360 2175 1406 2199 ex
1445 2163 1508 2200 sui
1536 2163 1772 2205 institutione
1812 2168 1974 2220 liabent,
2023 2173 2124 2224 quod
2166 2175 2364 2212 conserant

1237 2240 1263 2261 ,‚
1291 2215 1476 2266 gratiam:
1520 2217 1621 2255 unde
1648 2227 1740 2258 tunc
1770 2222 1921 2262 videtur
1944 2224 2107 2277 aliquod
2136 2227 2366 2265 Sacramen-

1236 2294 1263 2315 ‚‚
1292 2277 1375 2306 tum
1403 2269 1578 2319 institui,
1627 2274 1782 2323 quando
1811 2277 1951 2328 accipit
1993 2280 2173 2317 virtutem
2215 2281 2364 2331 produ·

1236 2349 1263 2369 ,‚
1292 2322 1402 2360 cendi
1429 2336 1542 2361 suum
1572 2324 1747 2364 effectum
1767 2353 1777 2365 .
1809 2329 1920 2367 Hanc
1939 2339 2066 2368 autem
2095 2333 2276 2371 virtutem
2298 2347 2362 2372 ac·

1236 2403 1263 2422 ‚,
1292 2377 1393 2428 cepit
1413 2375 1626 2428 baptismus
1646 2409 1656 2426 ‚
1685 2380 1840 2431 quando
1855 2381 2025 2421 Christus
2054 2394 2105 2423 est
2126 2385 2358 2438 baptizatus:

1236 2457 1263 2476 „
1293 2430 1393 2468 unde
1423 2438 1511 2468 tunc
1539 2444 1628 2469 vere
1647 2431 1864 2484 baptismus
1895 2437 2085 2475 institutus
2106 2439 2206 2488 fuit,
2234 2454 2361 2491 quan·

1235 2510 1261 2530 „
1291 2490 1372 2521 tuin
1401 2483 1449 2521 ad
1480 2485 1606 2534 ipsum
1634 2485 1925 2527 Sacramentum
1943 2516 1954 2527 .
1977 2491 1997 2505 ''
2028 2491 2079 2529 Et
2109 2491 2177 2531 hoc
2195 2523 2205 2542 ,
2237 2503 2275 2532 ut
2304 2495 2363 2533 di-

1233 2536 1300 2585 xi,
1330 2537 1376 2574 de
1406 2538 1742 2590 primarbaptismi
1773 2541 2036 2582 institutione·

1291 2590 1378 2636 104.
1408 2590 1481 2628 Sed
1529 2601 1657 2642 postea
1687 2595 1889 2645 Angelicus
1931 2598 2126 2649 distinguit
2155 2599 2357 2652 obligatio-

1231 2656 1321 2681 nem
1353 2645 1482 2683 utendi
1512 2643 1584 2683 hoc
1603 2645 1876 2699 sacramento,
1907 2665 2068 2704 eamque
2089 2654 2238 2691 nonnisi
2270 2664 2352 2705 post

1229 2696 1369 2736 Christi
1400 2699 1643 2751 passionem,
1688 2700 1725 2738 δε
1767 2707 2080 2744 resurrectionem
2125 2716 2245 2745 ortam
2277 2722 2354 2746 esse

2233 2761 2301 2800 do-

1233 2853 1316 2889 dam
1326 2853 1528 2890 Jndaeornm
1563 2856 1762 2891 ablutiones
1781 2859 1887 2893 fuisse
1900 2859 2066 2905 baptismi
2082 2862 2191 2896 nostri
2205 2862 2352 2906 figuras.

1285 2903 1333 2939 (b)
1365 2902 1551 2948 Tlieologis
1570 2916 1604 2937 se
1629 2906 1755 2938 merito
1781 2905 1964 2940 ridendum
1991 2909 2213 2952 praebuit-Io.
2230 2910 2356 2953 Flo-ver

1234 2947 1394 2982 Medicus
1421 2951 1552 2994 Anglus
1569 2972 1579 2990 ,
1621 2949 1702 2983 ilum
1730 2952 1764 2984 in
1789 2964 1850 2986 sua
1877 2953 2042 2987 Historia
2071 2956 2262 2989 balneorum
2279 2957 2356 2998 jii-

1235 2998 1391 3040 gidorum
1426 2997 1572 3040 probare
1596 2998 1732 3037 voluit,
1775 2999 1942 3033 Ecclesiae
1976 3001 2266 3035 consuetudinem
2294 3003 2354 3034 lu-

1240 3041 1395 3086 ptizandi
1423 3044 1572 3076 infantes
1599 3043 1796 3078 derivatam
1821 3058 1894 3080 esse
1920 3059 1939 3080 a
1981 3048 2131 3092 profano
2158 3049 2352 3099 Gentilium

1233 3100 1324 3128 usu,
1351 3089 1579 3134 immergendi
1606 3092 1756 3125 infantes
1782 3092 1840 3126 vix
1868 3103 1966 3127 natos
1993 3095 2028 3126 in
2053 3094 2187 3128 balneis
2214 3092 2350 3145 frigidis

1235 3136 1396 3169 sanitatis
1422 3147 1506 3181 ergo
1541 3135 1582 3170 ad
1606 3138 1854 3183 praecavendas
1892 3141 2061 3174 nimirum
2095 3142 2282 3174 nonnullas
2311 3140 2352 3171 il-

1232 3179 1301 3214 lins
1325 3183 1439 3216 aetatis
1466 3183 1715 3226 intirrnitates;
1758 3187 1858 3230 quasi
1883 3198 1969 3219 vero
1995 3188 2164 3221 Dominus
2183 3209 2193 3227 ‚
2219 3199 2258 3219 ae
2285 3186 2351 3218 Re-

1230 3225 1393 3273 demptor
1419 3239 1536 3263 noster
1560 3229 1727 3277 baptismi
1748 3234 2013 3267 Sacramentum
2042 3245 2104 3279 pro
2129 3234 2210 3266 solis
2237 3232 2348 3263 infan-

1236 3274 1356 3316 tibus,
1393 3289 1461 3310 non
1486 3286 1602 3311 autem
1628 3279 1736 3313 etiam
1762 3291 1825 3324 pro
1851 3279 1980 3313 adultis
2008 3279 2223 3316 instituerit,
2263 3284 2346 3317 (1¹¹0s

1233 3319 1278 3354 ab
1294 3321 1513 3358 Etlmicistno
1523 3345 1534 3365 ,
1559 3328 1591 3358 &
1602 3323 1786 3362 Judaismo
1800 3324 1841 3361 ad
1856 3337 1954 3360 suam
1966 3326 2168 3370 religionem
2181 3322 2320 3358 vocabat
2335 3339 2345 3348 ·
