2605 3624
530 63 609 108 DE
644 59 955 114 MATERIA,
987 58 1067 100 ET
1103 56 1307 100 FORMA
1346 53 1934 97 SACRAMENTORUM.
2273 57 2323 94 53

79 142 195 191 licet;
226 143 295 183 sed
325 142 560 196 prudenter,
590 141 639 181 (9⁴
669 140 730 176 nbi
759 153 802 176 re
831 137 1037 188 diligenter
1064 149 1194 186 perve-

83 203 234 251 stigata
251 229 262 247 ,
289 196 493 248 probabilis
508 193 634 232 subest
655 191 862 238 dubitatio,
892 189 1094 241 insaniem
1115 203 1195 226 non

74 252 208 302 juisse
235 251 495 300 baptizatum.
525 246 636 294 Quod
666 247 851 283 monitum
881 243 1050 281 maxime
1079 252 1195 280 atten-

82 306 248 344 dendum
277 312 330 340 est
372 303 411 340 in
454 299 574 338 tribus
602 299 885 345 Sacramentis,
927 309 1014 348 qua:
1046 305 1197 348 propter

83 358 336 396 characterem
368 355 593 406 impressum
633 353 759 390 iterari
791 363 860 388 uon
892 359 1074 400 possunt.
1124 350 1197 386 lm-

67 423 147 449 1mo
175 411 213 448 in
242 409 288 447 iis
319 406 408 445 solis
436 406 530 444 olim
576 406 698 443 forma
735 404 986 442 conditionata
1022 402 1198 440 adhiberi

80 463 298 502 cousuevit:
326 461 360 496 ἃ
389 461 541 497 nonnisi
572 468 652 509 post
679 457 897 496 Concilium
929 457 1197 494 'l'ridentinum

80 516 121 554 in
151 514 237 553 aliis
265 515 379 552 etiam
407 512 581 551 adhiberi
611 514 754 563 caepit,
799 511 952 564 quando
994 510 1198 561 prudenter

81 568 297 606 dubitatum
327 575 407 614 est,
437 581 484 604 an
512 564 728 616 subjectum
757 578 879 615 capax
908 565 952 601 sit
973 562 1198 601 Sacramen-

78 622 131 666 εἰς
160 621 218 659 vel
248 634 295 658 an
316 619 609 658 Sacramentum
641 620 754 656 fuerit
776 619 844 654 rite
873 615 1075 654 collatum.
1106 615 1198 653 Vid.

76 673 300 717 Benedictus
320 672 430 712 XlV.
460 673 522 711 De
552 671 714 725 Synodo
733 670 979 709 Dioecesana
1001 669 1088 708 Lib.
1110 668 1198 705 Vll.

70 740 113 765 .c.
132 741 196 779 7.‚
233 726 298 765 ubi
327 739 436 765 aures
467 726 691 778 praebendas
719 738 796 762 esse
825 723 905 762 vult
933 722 1040 760 Estio
1059 751 1071 770 ,
1119 734 1199 761 mo-

79 782 205 832 nenti,
248 794 293 818 ne
320 780 370 818 ob
399 793 686 833 quamcumque
727 778 851 814 levem
881 778 919 814 iu
967 776 1200 814 contrarium

77 834 358 885 suspicionem,
401 833 461 871 vel
491 832 716 884 scrupulum
746 829 886 882 aliquis
914 828 985 866 sub
1015 828 1196 866 conditio-

71 901 128 925 -ne
170 887 404 939 baptizetur.
452 887 614 937 Legatur
641 883 899 923 catechisnms
937 881 1053 920 Rom.
1077 880 1118 919 Ρ.
1148 882 1198 919 ll.

80 940 144 978 De
173 940 362 978 Sacram.
391 939 586 989 Baptism.
616 951 723 976 num.
748 938 812 986 57.

134 993 294 1042 Quaeres
321 996 484 1042 septimo
501 1022 512 1038 ,
541 990 632 1042 quid
652 990 862 1027 dicendum
892 992 941 1026 sit
962 988 1010 1026 de
1038 987 1171 1025 ritibus
1187 1017 1198 1035 ,

80 1046 130 1087 (9·
159 1049 409 1084 caeremoniis
437 1048 479 1081 in
494 1043 855 1082 Sacramentorum
885 1041 1200 1080 administratio-

79 1111 131 1137 ne
158 1098 332 1137 adlziberi
359 1097 520 1137 solitis?

135 1152 225 1204 529.
257 1151 368 1204 Resp.
396 1151 572 1204 Syuodus
601 1150 829 1189 Tridentina
858 1148 956 1188 Sess.
991 1148 1076 1186 VH.
1114 1161 1201 1185 can.

87 1205 148 1244 15.
177 1205 242 1243 De
269 1205 547 1244 Sacramentis
583 1207 633 1244 ita
661 1204 860 1242 definivit:
904 1204 946 1240 Si
975 1206 1060 1254 quis
1089 1201 1200 1238 dixe-

82 1262 160 1306 rit,
188 1268 384 1308 receptos,
412 1259 462 1299 Θ
490 1258 724 1309 approbatos
754 1256 952 1295 Ecclesiae
985 1255 1201 1293 Catholicae

71 1315 178 1349 -ritus
205 1316 247 1349 in
275 1313 442 1350 solemni
462 1311 822 1350 Sacramentorum
850 1310 1201 1348 administratione

74 1364 258 1403 adhiberi
286 1374 518 1414 consuetos,
549 1375 618 1403 aut
647 1367 872 1412 contemni,
902 1372 972 1401 aut
1001 1367 1086 1401 sine
1113 1373 1202 1411 pec-

77 1427 176 1457 -cato
204 1432 232 1456 a
259 1423 450 1457 ministris
478 1432 547 1470 pro
575 1418 681 1457 libitu
723 1421 872 1464 omitti,
915 1425 985 1454 aut
1015 1420 1055 1454 in
1084 1428 1200 1452 noros

84 1471 187 1510 alios
232 1485 301 1523 per
341 1485 628 1524 quemcumque
659 1470 944 1509 ‘Ecclesiarum
990 1469 1200 1508 Pastorem

75 1529 240 1563 .mutar1‘
267 1538 404 1575 posse,
433 1525 658 1564 anatliema
679 1529 728 1563 sit
745 1552 756 1563 .
786 1525 896 1564 Hauc
926 1525 1039 1562 etiam
1061 1525 1099 1561 in
1117 1522 1201 1560 Pia-

76 1591 135 1619 ,ua
163 1577 253 1617 fidei
282 1580 514 1631 professione
543 1581 706 1631 positum
738 1588 804 1616 est:
836 1577 1025 1628 Receptos
1053 1588 1202 1627 qnoque

73 1631 138 1671 (9·
168 1630 402 1682 approbatos
430 1631 628 1670 Ecclesiae
660 1631 878 1669 Catholicae
919 1635 1016 1667 ritus
1058 1633 1098 1665 in
1141 1641 1203 1664 su-

73 1685 358 1733 .pra‹lictorum
377 1689 558 1722 omnium
574 1685 931 1723 Sacramentorum
948 1683 1116 1719 solemni
1132 1679 1204 1718 ad-

87 1741 382 1775 ministratione
410 1742 580 1788 recipio,
608 1739 657 1778 t&
687 1736 881 1774 admitto.

144 1789 235 1828 530.
266 1791 430 1829 omissio
456 1800 581 1828 tamen
613 1790 748 1826 haruin
791 1789 1107 1826 caeremoniarum
1131 1817 1141 1834 ‚
1172 1786 1206 1822 8(

88 1841 371 1880 solemnitatum
393 1843 637 1881 Sacramenta
667 1844 772 1880 irrita
803 1856 874 1880 non
897 1842 1015 1889 facit,
1045 1843 1136 1892 quia
1157 1840 1203 1877 ad

77 1895 257 1946 -ipsorum
295 1896 541 1933 substantiam
572 1897 725 1946 proprie
754 1909 830 1933 non
874 1896 1094 1945 pertinent,
1142 1892 1206 1929 scd

81 1945 140 1985 =ab
168 1946 339 1985 Ecclesia
367 1948 504 1985 additae
533 1957 616 1985 sunt
644 1948 691 1984 ad
734 1947 919 1997 majorem
950 1947 1042 1996 ipsis
1071 1945 1205 1982 Sacra·

79 2001 225 2039 -mentis
244 2001 494 2039 reverentiam
515 1999 792 2038 conciliandam
811 2025 821 2036 .
852 1998 1113 2046 Quamobrem
1136 2011 1202 2035 va—

86 2054 137 2094 rii
165 2051 258 2091 olim
289 2054 329 2092 in
358 2053 517 2091 diversis
536 2052 744 2100 Ecclesiis,
787 2052 820 2089 8<
853 2054 889 2090 iu
921 2051 1081 2090 diversis
1110 2061 1204 2089 tem-

87 2105 243 2159 poribus
272 2105 491 2157 hujusmodi
522 2108 614 2144 ritus
657 2105 925 2151 invaluerunt3
968 2115 1110 2143 tamen
1138 2118 1204 2142 sa-

85 2162 238 2211 pienter
277 2158 465 2198 Ecclesia
507 2159 758 2206 declaravit,
804 2169 842 2197 ut
885 2161 1011 2211 inquit
1039 2157 1205 2210 Zegerus

87 2212 198 2251 Bern.
230 2213 462 2266 Van-Espen
492 2213 534 2251 P.
558 2214 603 2251 ll.
632 2212 737 2251 Juris
766 2212 881 2250 Eccl.
925 2214 1023 2250 Sect.
1047 2225 1079 2249 x.
1109 2227 1143 2249 c.
1167 2225 1205 2250 2.

87 2279 198 2324 nuni.
226 2280 306 2318 io.,
336 2281 401 2306 eos
430 2280 510 2305 non
537 2280 650 2317 posse
679 2266 840 2304 arbitrio
869 2277 1205 2318 quorumcumque

88 2320 326 2372 injeriorum
355 2320 594 2369 Pastorum,
633 2321 690 2358 vel
719 2320 999 2358 Ministrorum
1029 2322 1206 2366 mutari,

87 2382 159 2411 aut
187 2372 237 2412 ‹le
263 2386 362 2413 novo
388 2373 580 2412 introduci
596 2389 612 2419 ,-
649 2387 701 2412 ne
729 2376 834 2412 alias
863 2372 931 2412 sub
960 2376 1088 2424 specie
1118 2372 1207 2409 reli-

87 2430 244 2478 gionis,
274 2428 494 2483 &pietatis
511 2458 521 2476 ‚
551 2431 772 2479 superstitio
788 2459 799 2476 ‚
829 2437 898 2465 aut
920 2430 1093 2464 avaritia
1109 2455 1120 2473 ‚
1150 2425 1208 2463 vel

79 2483 342 2519 irreverentia
380 2486 420 2519 in
449 2481 808 2520 Sacramentorum
851 2480 1206 2519 administratione

79 2534 238 2572 sensim
267 2538 597 2580 immisceantur,·
643 2535 744 2586 quod
773 2536 922 2586 aliquot·
952 2543 1046 2571 ante
1075 2532 1207 2584 §syno-

78 2584 183 2648 -qium
216 2586 252 2625 T
249 2587 492 2628 ridentinam
520 2589 676 2627 saeculis
705 2602 786 2626 non
828 2587 1060 2639 infrequens
1085 2586 1170 2638 ficit
1193 2600 1207 2630 ;

93 2643 260 2701 tusisque
287 2640 485 2681 haereticis
513 2646 610 2680 ritus
639 2641 949 2680 Ecclesiasticos
991 2639 1208 2690 exploden-

92 2690 157 2752 df,
202 2707 252 2732 ac
279 2700 506 2747 generatim
535 2694 739 2747 rejiciendi
775 2703 1017 2746 praetextum
1059 2693 1210 2731 dedisse

91 2743 265 2786 videtur.
310 2749 436 2805 Atque
465 2749 525 2790 his
552 2749 599 2788 de
627 2750 750 2788 causis
787 2750 931 2788 editum
960 2748 1032 2789 fuit
1062 2746 1211 2787 Rituale

255 2913 264 2924 1

141 2922 192 2958 (a)
217 2917 253 2952 ld
279 2924 430 2978 proprio..
442 2925 600 2970 periculo
635 2937 838 2971 cognoscere
864 2927 1066 2962 debuissent
1092 2925 1210 2960 Nova-

93 2972 189 2997 tores
204 2988 212 2996 .
239 2965 353 3019 Quam
377 2981 469 3004 emm
494 2973 646 3022 carmine
659 2974 786 3018 gallico
810 2975 895 3008 olim
914 2973 1096 3007 ediderunt
1117 2973 1211 3005 Psat-

95 3021 237 3063 :norum
262 3024 481 3056 versionem,
504 3028 578 3059 Jam
602 3018 690 3052 adeo
709 3020 855 3055 obscura
882 3022 972 3055 facta
991 3030 1042 3054 est
1068 3028 1211 3064 propter

97 3057 225 3102 linguae
254 3060 448 3112 vernacula·¹
474 3064 700 3098 mutationem
722 3087 732 3104 ‚
758 3075 796 3099 ut
821 3069 880 3100 vix
907 3081 926 3101 a
943 3066 1054 3101 doctis
1080 3065 1213 3098 intelli-

97 3113 201 3157 gatur
219 3126 230 3145 ,
267 3107 298 3137 δι
324 3117 434 3140 risum
459 3107 599 3152 potius,
634 3111 738 3152 ‹sumn
775 3111 993 3147 devotionem
1019 3114 1054 3146 in
1090 3111 1212 3144 multis

97 3159 228 3184 excitet
249 3174 265 3204 ..
295 3152 429 3186 Rursus
463 3154 489 3185 si
516 3153 719 3187 Calvinistae
744 3157 835 3190 Galli
873 3159 905 3191 in
934 3161 1121 3198 Aru-tiam,
1158 3158 1213 3189 vel

98 3197 326 3232 Germaniam
352 3201 583 3243 commigrent
600 3221 610 3239 ,
636 3207 695 3232 aut
721 3201 876 3235 vicissim
895 3188 1025 3249 Angno'
1049 3206 1102 3239 vel
1127 3205 1214 3236 Ger-

100 3246 194 3295 mani
221 3245 256 3277 in
281 3247 435 3280 Galliam
454 3269 466 3288 ‚
503 3254 595 3280 certe
622 3246 774 3291 liturgiae
800 3259 937 3282 sensum
969 3252 1113 3285 minime
1139 3261 1217 3295 pcr-

99 3298 251 3334 cupient.

1266 135 1478 171 Romanum
1503 162 1512 180 ‚
1545 135 1582 170 in
1611 133 1720 177 cujus
1751 134 1974 183 praefatione
2005 130 2141 168 Paulus
2159 129 2207 168 V.
2241 130 2379 168 Rem-

1263 186 1328 224 but
1351 215 1361 233 ,
1393 186 1516 237 inquit
1534 214 1543 232 ‚
1575 194 1612 221 ut
1643 198 1721 220 uno
1750 190 1871 221 etiarn
1903 186 2095 222 volumine
2124 184 2380 235 comprehen-

1265 243 1298 278 si
1326 242 1461 283 sacri,
1507 238 1556 277 (9¹
1587 240 1730 274 sinceri
1760 236 1955 273 Ecclesiae
1995 237 2210 275 catholica»
2251 241 2347 275 ritus
2369 268 2379 284 ,

1265 297 1328 344 qui
1358 296 1398 328 in
1422 290 1782 328 Sacramentorum
1813 289 2188 337 administratione,
2218 292 2382 340 aliisque

1266 340 1855 394 Ecclesiasticisjunctionibus
1884 354 2030 377 servari
2061 342 2198 379 debent
2227 344 2278 381 ab
2307 347 2381 389 iis,

1266 404 1330 451 qui
1359 410 1500 436 curam
1530 401 1763 434 animarum
1793 403 1963 445 gerunt,
2007 395 2238 441 Apostolicce
2268 395 2381 434 Sedis

1266 456 1504 490 atterorl'ntte
1539 449 1737 499 prodirent
1760 478 1770 494 ‚
1813 447 1867 484 affl
1896 448 2008 498 cttjtts
2051 448 2252 485 voluminis
2281 462 2384 498 prce-

1267 510 1482 555 scriptum,
1512 507 1552 540 in
1582 511 1700 539 zunta
1722 501 1939 538 liitualium
1970 499 2216 537 multitudine
2245 515 2316 538 satu,
2339 504 2383 538 ιι·-

1266 560 1292 597 li
1322 560 1573 604 ministeria,
1616 565 1815 604 tanquam
1853 552 1908 590 ad
1939 550 2134 603 publicam
2157 582 2168 600 ,
2210 553 2258 592 (ἲ)
2287 554 2385 589 obsi-

1265 622 1438 666 gnatam
1467 622 1656 647 normam
1686 614 1950 659 peragerent,
1982 618 2160 654 unoque,
2199 618 2249 642 ac
2267 606 2384 657 silcli

1266 666 1383 704 (luctu
1413 663 1580 712 inoffeso
1614 661 1712 713 pede
1741 659 1995 697 ambularent
2038 671 2129 695 cum
2159 671 2352 696 consensu
2376 685 2386 696 .

1266 719 1357 758 Fuit
1386 727 1513 756 autem
1545 716 1612 754 lioc
1644 714 1793 752 Ritualc
1821 727 1843 750 a
1872 711 1922 751 cl.
1952 712 2028 749 Jos.
2058 710 2239 750 Catalano
2268 711 2386 748 tribus

1267 772 1416 811 volum.
1460 773 1498 809 in
1529 769 1594 807 sol.
1633 768 1861 806 illustratum
1893 765 2023 803 Romae
2053 779 2142 802 aun.
2171 765 2284 815 1733.
2316 764 2390 801 Sed

1266 826 1337 865 liae
1365 826 1411 863 de
1441 838 1480 861 re
1508 822 1708 875 aliquanto
1739 820 1892 859 uberius
1920 832 2076 869 agemus
2105 832 2191 869 cap.
2223 826 2334 868 postr-

1320 879 1482 927 Quaeres
1511 877 1679 923 ultimo,
1721 887 1778 912 an
1816 873 1870 911 ad
1911 870 2169 910 nutriendam
2200 869 2390 923 fidelium.

1267 935 1458 985 pietatem
1478 934 1604 968 satius
1621 928 1734 980 soret
1755 927 2029 964 Sacramenta
2046 955 2057 972 ,
2087 925 2136 965 (91
2156 937 2293 963 eorum
2309 936 2389 961 ρας-

1267 990 1473 1024 remonias
1501 984 1654 1036 vulgari
1683 980 1874 1019 idiomate
1903 976 2146 1016 celebrare?

1268 1052 1279 1063 ·
1323 1040 1413 1078 551.
1446 1039 1557 1090 Hesp.
1587 1039 1796 1087 negarit-e,
1825 1033 1858 1069 8<
1888 1032 2043 1083 quidem
2077 1029 2204 1068 multis
2223 1031 2270 1068 de
2299 1043 2391 1068 cau-

1268 1094 1316 1132 sis
1334 1119 1344 1131 .
1375 1092 1512 1130 Primo
1541 1091 1644 1128 enim
1666 1086 1880 1126 veneranda
1902 1086 2043 1134 liuguae
2074 1084 2202 1122 latinae
2224 1084 2391 1135 antiqui-

1270 1155 1352 1195 tas,
1389 1159 1467 1198 qua
1496 1142 1670 1182 Ecclesia
1698 1138 1955 1178 Occidentalis
1987 1139 2024 1174 iu
2056 1139 2130 1174 suis
2161 1136 2391 1174 incunabilis

1272 1214 1338 1238 usa
1369 1209 1448 1247 est,
1490 1212 1512 1235 a
1541 1195 1652 1234 nobis
1681 1195 1832 1245 exigere
1860 1191 2037 1237 videtur,
2086 1198 2124 1226 ut
2153 1189 2285 1226 eadem
2316 1189 2391 1226 lin-

1268 1267 1343 1304 gua
1370 1264 1447 1290 non
1478 1252 1730 1288 immutetur.
1776 1246 1858 1284 Hac
1887 1244 1933 1282 de
1961 1255 2075 1281 causa
2104 1243 2220 1280 etiam
2250 1242 2288 1279 in
2318 1240 2392 1278 Ec-

1269 1306 1384 1345 clesia
1406 1303 1598 1342 Orientali
1627 1301 1792 1352 liturgioe
1824 1296 2054 1347 eodemipso
2082 1295 2289 1341 idiomate,
2319 1306 2396 1345 quo

1270 1360 1448 1412 primitus
1479 1358 1656 1395 institutae
1687 1355 1820 1400 suere,
1851 1358 2081 1389 conservatae
2104 1357 2212 1397 sunt,
2242 1346 2393 1385 licetil-

1271 1413 1338 1450 lud
1367 1412 1538 1463 primum
1576 1409 1720 1447 idioma
1750 1422 1771 1445 a
1802 1406 1886 1443 rudi
1917 1402 2061 1456 populo
2103 1415 2178 1439 non
2223 1398 2394 1451 aniplius

1270 1465 1530 1517 intelligatur.
1574 1463 1638 1500 Sic
1669 1475 1736 1498 nec
1767 1458 1939 1497 hodierni
1968 1455 2085 1507 graeci
2124 1453 2298 1504 vulgares
2326 1453 2392 1489 do-

1259 1520 1371 1558 'ctam
1400 1519 1573 1568 linguam
1590 1516 1768 1559 Qraecam
1798 1510 1964 1555 callent,
1993 1506 2173 1558 necvssyrt
2194 1507 2393 1557 antiquam

1270 1573 1443 1619 linguam
1472 1570 1676 1621 Syriacam
1697 1595 1708 1612 ‚
1738 1578 1806 1602 nec
1836 1560 1973 1613 Coplui
2004 1559 2253 1598 Alexandrini
2283 1559 2394 1610 [Egy-

1271 1618 1463 1676 ptia0am3
1506 1621 1606 1673 quod
1638 1618 1788 1668 injustis
1817 1614 2102 1653 Protestantium
2146 1610 2311 1664 querelis
2340 1624 2398 1648 so-

1271 1679 1339 1715 lita
1381 1690 1448 1713 sua
1491 1674 1704 1715 eruditione
1745 1669 1921 1721 opposuit
1949 1666 2040 1704 Eus.
2073 1664 2326 1703 Renandotius
2357 1665 2398 1702 in

1274 1731 1434 1768 Dissert.
1456 1730 1485 1765 l.
1522 1726 1586 1764 De
1615 1727 1866 1775 liturgiarum
1900 1719 2168 1757 Orientalium
2211 1721 2363 1769 origine
2385 1747 2396 1764 ,

1275 1783 1323 1824 Εἴ)
1353 1783 1594 1819 auctoritate
1622 1792 1706 1828 cap.
1728 1776 1766 1814 6.
1797 1772 1980 1811 Secundo
2009 1774 2055 1810 ad
2092 1772 2397 1809 uniformitatem

1274 1834 1549 1874 observandam
1581 1831 1617 1868 id
1656 1839 1708 1867 est
1755 1827 2010 1865 necessarium
2033 1852 2043 1863 .
2085 1824 2183 1862 Cum
2226 1824 2331 1861 enim
2362 1824 2399 1859 iu

1271 1887 1447 1928 Ecclesia
1477 1882 1716 1924 occidentali
1748 1880 1869 1919 multa
1899 1892 2012 1930 regua
2034 1908 2045 1926 ,
2076 1876 2285 1929 multaeque
2314 1888 2401 1927 pro-

1276 1943 1415 1980 vinciae
1462 1937 1869 1990 comprehendantur,
1916 1945 2005 1983 quoe
2042 1931 2201 1969 diversis
2243 1931 2398 1966 omnino

1272 1995 1417 2046 linguis
1446 2001 1632 2037 utuntur,
1676 1989 1844 2040 liturgia:
1875 1984 2094 2024 vernaculae
2126 1983 2240 2022 nimis
2270 1982 2400 2020 multi-

1272 2048 1440 2100 plicari,
1483 2045 1517 2082 δι
1548 2044 1692 2083 variari
1720 2042 1924 2080 deberent.
1968 2040 2092 2077 Immo
2119 2050 2209 2076 cum
2239 2038 2332 2087 ipsae
2363 2050 2401 2071 c-

1272 2102 1422 2154 jusdem
1453 2099 1665 2153 provinciae
1684 2127 1694 2146 ,
1724 2095 1757 2132 8<
1779 2096 1885 2147 regui
1907 2092 2053 2145 linguae
2084 2092 2223 2129 sensim
2254 2092 2399 2127 immu-

1273 2165 1424 2204 tentur,
1468 2166 1564 2192 nova
1594 2163 1744 2203 semper
1773 2148 2020 2199 liturgiarum
2064 2146 2187 2184 versio
2216 2143 2301 2181 fieri
2332 2141 2397 2178 de-

1273 2209 1406 2256 beret,
1449 2216 1489 2245 ut
1517 2221 1541 2244 a
1569 2206 1655 2244 rudi
1686 2202 1830 2256 populo
1859 2199 2138 2252 intelligeretur
2168 2195 2231 2247 (a)
2249 2222 2258 2233 .
2308 2192 2399 2230 Ter-

1275 2267 1329 2301 tio
1357 2262 1403 2300 ad
1434 2259 1621 2311 majorem
1651 2255 1932 2296 conciliandam
1976 2254 2090 2290 sacris
2122 2248 2310 2301 mysteriis
2339 2260 2399 2283 re·-

1274 2316 1486 2355 verentiam
1510 2343 1520 2361 ‚
1550 2312 1584 2349 ἃ
1614 2312 1853 2350 devotionem
1884 2307 1997 2344 satius
2027 2305 2153 2342 visum
2184 2310 2258 2349 est,
2296 2299 2401 2351 quod

1276 2370 1345 2408 illa
1375 2367 1616 2408 celebrentur
1633 2362 1810 2402 formulis
1839 2372 1912 2397 non
1930 2355 2152 2408 vulgaribus
2169 2384 2180 2402 ,
2210 2367 2298 2406 quae
2316 2365 2400 2404 pos-

1275 2433 1355 2462 sent
1384 2422 1520 2460 seusim
1558 2419 1652 2455 verti
1685 2417 1722 2452 iu
1769 2420 2059 2463 contemptum.
2102 2411 2226 2460 Atque
2262 2405 2335 2444 liae
2366 2420 2404 2442 e-

1274 2479 1367 2515 tiam
1398 2476 1443 2513 de
1471 2485 1586 2511 causa
1606 2470 1654 2507 ab
1672 2467 1844 2506 Ecclesia
1865 2473 2043 2502 statutum
2061 2462 2176 2499 fuisse
2192 2491 2204 2508 ,
2235 2469 2274 2497 ut
2294 2472 2403 2511 qua:-

1275 2531 1362 2568 dam
1393 2544 1414 2566 a
1442 2523 1710 2565 Sacerdotibus
1741 2522 1778 2558 in
1809 2517 1929 2557 Missa
1958 2523 2100 2555 secreto
2129 2517 2402 2560 recitarentur,

1275 2597 1326 2621 ne
1355 2581 1499 2620 scilicet
1538 2582 1806 2616 sacrosancta
1834 2569 1952 2609 verba
1980 2569 2230 2613 vilescerent,
2273 2567 2405 2603 asserit

1277 2635 1518 2675 innocentius
1538 2632 1605 2670 lll.
1635 2628 1699 2667 De
1728 2626 1856 2665 Sacro
1894 2624 2046 2662 Altaris
2090 2623 2283 2674 mysterio
2314 2618 2402 2657 Lib.

1278 2691 1346 2728 Ill.
1376 2703 1461 2739 cap.
1489 2700 1522 2724 ι.
1553 2683 1638 2736 (b).
1681 2681 1738 2720 Ne
1768 2690 1892 2718 tamen
1922 2679 2026 2714 rudis
2055 2675 2219 2728 populus
2248 2672 2403 2719 debita,

1280 2744 1314 2781 ἃ
1342 2740 1551 2783 necessaria.
1596 2748 1792 2777 sacrorum
1833 2732 2107 2785 mysteriorum
2151 2726 2405 2778 intelligentia

2270 2780 2352 2832 pri—

1322 2923 1369 2963 (b)
1391 2922 1481 2955 Cum
1493 2919 1536 2951 D.
1552 2915 1594 2950 de
1608 2913 1730 2949 Voisin
1746 2922 1826 2945 ann·
1847 2907 1947 2942 1660.
1964 2903 2106 2939 Parisiis
2119 2901 2296 2945 vulgasset
2313 2899 2400 2933 Mis-

1279 2970 1349 3003 sale
1365 2970 1563 3002 Romanum
1591 2964 1624 2996 in
1652 2961 1814 3004 gallicam
1841 2956 1996 2999 linguam
2015 2959 2245 2986 conversum,
2273 2946 2402 2998 floren-

1281 3016 1424 3050 tissima?
1462 3014 1558 3046 illius
1584 3007 1750 3043 Ecclesiae
1776 3003 1941 3048 Episcopi
1967 3000 2056 3032 hanc
2085 2996 2279 3029 novitatem
2307 2993 2401 3042 illico

1281 3061 1550 3107 improbarunt3
1589 3063 1707 3101 postea
1741 3060 1858 3084 autem
1884 3044 2085 3083 Alexander
2112 3043 2190 3075 Vll.
2219 3038 2405 3088 apostolica

1282 3108 1542 3143 Constitutione
1568 3102 1660 3136 edita
1687 3111 1766 3133 ann.
1792 3096 1892 3130 1051.
1918 3093 2062 3128 Missale
2089 3089 2276 3140 praehl'atum
2299 3083 2400 3136 galli-

1284 3168 1324 3189 co
1351 3153 1515 3188 idiomate
1542 3148 1780 3192 conscriptum
1805 3150 1974 3189 perpetuo
1997 3137 2203 3174 damnavit,
2241 3135 2271 3164 &
2298 3138 2403 3163 inter-

1282 3201 1373 3235 dixit
1395 3223 1402 3232 .
