2605 3624
768 25 1189 75 CONFIRMATIO
1224 25 1338 68 EST
1373 24 1848 69 SACRAMENTUM
1869 55 1880 67 .

171 116 365 157 charistiae
387 116 628 156 Sacramenta
646 140 657 159 ‚
685 122 774 162 quas
795 110 909 146 etiam
929 106 1169 159 potissimum
1190 112 1297 143 erant

169 170 423 212 Etlmicorum
451 163 656 208 calumniis
685 162 849 201 obnoxia
866 187 878 198 .

224 225 292 272 44.
321 226 408 264 lust.
435 224 588 273 primo.
632 216 689 255 Ea
717 217 801 268 ipsa
843 221 972 252 vetera
1010 219 1255 250 monumenta
1276 241 1287 259 ‚

168 292 259 333 quae
287 290 403 330 supra
430 272 682 326 allegavimus
699 298 709 317 ,
751 270 782 307 si
814 268 964 320 penitus
993 267 1256 304 examinentur
1275 295 1286 312 ,

169 330 497 376 cinnamomum,
526 325 562 363 &
581 331 793 369 corruunt5
823 322 1020 374 praecipue
1039 328 1168 359 antem
1197 332 1286 371 quas

170 397 215 423 ex
243 380 486 422 Tertulliano
514 381 555 418 in
585 377 757 415 medium
787 374 904 414 allata
933 382 1044 414 sunt.
1084 372 1182 412 Nam
1210 376 1288 422 pri-

167 449 236 478 mo
265 435 390 474 unctio
418 433 514 482 illa,
556 433 603 472 de
631 446 709 483 qua
751 428 919 482 loquitur
949 427 1012 466 De
1040 427 1158 476 Βαρι.
1201 440 1288 477 cap.

158 504 233 542 .7.,
260 496 416 528 vocatur
444 488 495 528 ab
524 487 606 540 ipso
623 482 865 522 Tertulliano
895 482 943 521 de
972 485 1142 534 pristinu.
1171 479 1287 518 disci-

160 542 303 594 plina,
330 555 472 595 nempe
501 542 638 580 veteris
666 538 876 577 testamenti
899 567 910 585 ‚
946 537 1039 589 quia
1067 534 1288 574 Sacerdotes

162 596 211 634 de
238 594 323 634 oleo
348 608 470 635 cornu
501 596 591 647 ungi
623 595 662 632 in
692 592 766 632 Dei
795 591 1053 630 ministerium
1082 586 1286 633 solebant;

163 662 255 702 quae
286 650 413 688 unctio
442 649 614 703 profecto
641 646 932 686 Sacramentum
962 657 1036 682 non
1065 650 1169 680 erat.
1217 639 1286 679 Se-

166 701 297 740 cundo
315 703 523 743 Africanus
541 701 683 740 Doctor
711 699 832 737 solam
853 705 1039 736 memorat
1068 696 1287 734 unctionem

164 755 214 795 de
241 755 326 796 oleo
351 768 494 804 cornu,
536 769 611 795 non
640 761 767 791 autem
799 753 1015 789 unctionem
1043 763 1134 788 cnm
1164 748 1287 786 balsa-

166 823 259 859 mo,
288 823 379 863 quae
407 809 613 849 adhibetur
641 808 680 845 in
708 805 1037 844 confirmatione.
1083 801 1211 840 Tertio
1241 801 1288 841 il·

166 863 248 903 lam
279 865 497 903 unctionem
534 867 749 908 memorat,
796 871 885 911 quas
915 856 957 894 fit
987 858 1027 894 in
1071 855 1287 908 baptismo,

161 929 240 957 non
270 930 355 955 eam
373 946 385 965 ‚
413 930 531 969 quam
563 913 765 953 Pontifices
792 910 977 949 adhibent
1006 911 1043 948 in
1071 909 1288 948 Confirma-

163 971 292 1009 tione.
335 969 377 1008 ld
406 967 527 1022 liquet
555 981 600 1006 ex
631 968 712 1019 ipso
748 964 859 1003 titulo
906 962 1027 1012 libri,
1070 978 1209 1014 nempe
1239 963 1288 1001 (le

165 1023 386 1073 baptistam·
417 1021 517 1060 uude
545 1022 660 1060 etiam
684 1033 771 1071 cap.
799 1031 858 1056 10.
888 1016 1108 1064 Diximus,
1139 1018 1260 1068 inquit
1278 1047 1288 1064 ,

163 1084 361 1127 quantum
388 1073 657 1113 mediocritati
692 1080 841 1111 nostroe
882 1071 1017 1119 licuit,
1059 1070 1109 1108 de
1137 1074 1290 1108 unirer-

162 1133 219 1168 sis
239 1159 253 1178 ,
294 1142 385 1181 quoe
412 1128 600 1179 baptismi
637 1127 872 1179 religionem
900 1133 1055 1162 struunt
1075 1150 1087 1163 .
1136 1122 1291 1174 Quirto

163 1182 331 1223 unctioni
362 1182 538 1235 adjungit
565 1181 865 1235 degustationem
894 1178 1025 1226 lactis,
1063 1177 1098 1214 8(
1126 1177 1253 1216 mellis
1274 1208 1285 1226 ,

161 1249 253 1289 quae
285 1237 325 1276 in
354 1235 656 1276 Confirmatione
699 1233 830 1273 locum
875 1246 947 1271 non
976 1231 1119 1278 habet3
1165 1233 1291 1284 inquit

163 1291 270 1330 enim
291 1289 382 1330 Lib.
403 1290 434 1329 1.
463 1299 607 1329 contra
623 1288 880 1327 llIarcionem
910 1300 996 1339 cap.
1022 1285 1083 1333 14.
1112 1286 1159 1323 de
1177 1286 1289 1324 Chri-

162 1352 221 1382 sto
237 1352 392 1382 auctore
420 1355 530 1383 novae
560 1342 679 1395 legis:
712 1340 842 1393 Usque
856 1353 963 1378 nunc
978 1352 1106 1392 neque
1135 1353 1289 1390 aquam

164 1395 387 1448 reprobavit
401 1400 594 1436 creatoris
613 1426 625 1446 ,
654 1408 735 1448 qua
754 1408 846 1434 suos
860 1393 983 1433 abluit
999 1424 1009 1443 ‚
1039 1406 1114 1431 nec
1128 1394 1258 1432 oleum
1277 1423 1289 1442 ,

164 1463 243 1500 quo
262 1463 354 1488 suos
369 1454 505 1504 ungit,
538 1463 612 1488 nec
629 1449 759 1488 mellis
775 1479 786 1499 ,
815 1450 864 1491 <9³
886 1449 1003 1486 lactis
1031 1451 1288 1495 societatem,

166 1516 246 1553 qua
273 1517 365 1542 suos
401 1502 611 1557 infantat.
659 1503 756 1541 Haec
785 1503 820 1540 8<
849 1501 927 1542 alia
956 1502 995 1541 id
1023 1515 1143 1554 genus
1185 1509 1293 1553 urget

159 1556 434 1597 subtilissimus
461 1557 662 1597 cavillator
692 1556 869 1595 Daltaeus
888 1582 899 1594 .

217 1611 286 1656 45.
316 1609 430 1663 Resp.
459 1611 509 1649 ad
536 1614 741 1662 primum,
784 1609 869 1648 haec
898 1608 1017 1648 verba
1045 1607 1095 1646 de
1122 1610 1294 1658 pristina.

159 1662 368 1714 disciplina
395 1662 519 1702 solum
548 1663 752 1715 designare
782 1664 998 1701 unctionem
1021 1691 1032 1709 ,
1061 1675 1150 1712 quae
1181 1661 1223 1699 fit
1253 1661 1293 1699 in

162 1716 487 1764 Confirmatione‚
518 1717 633 1756 fuisse
663 1718 702 1756 in
733 1717 833 1768 Lege
862 1715 1034 1755 Mosaica
1064 1714 1293 1766 praefigura-

162 1770 312 1807 tamin
358 1771 537 1809 unctione
563 1770 841 1818 Sacerdotum,
883 1783 960 1807 non
1004 1777 1132 1806 autem
1176 1769 1291 1808 fuisse

162 1821 376 1861 institutam
406 1824 445 1861 in
487 1825 606 1862 veteri
637 1832 887 1869 testament03
934 1822 1037 1875 quod
1080 1821 1291 1860 absurdum

158 1874 257 1913 adeo
284 1885 364 1924 est,
395 1885 433 1914 ut
454 1891 524 1916 nec
553 1878 594 1915 in
623 1886 788 1915 mentem
807 1875 1047 1914 Tertulliano
1075 1876 1204 1913 venire
1226 1888 1291 1926 po-

159 1929 304 1967 tuerit.
333 1929 480 1968 Eodem
509 1943 620 1968 sensu
651 1929 796 1968 ibidem
825 1930 946 1977 dixit,
975 1929 1211 1981 baptismum
1233 1941 1289 1966 es-

157 1995 200 2020 se
227 1981 277 2020 de
303 1985 476 2034 pristina
503 1986 669 2035 originis
681 1986 952 2035 praerogativa
971 2012 982 2031 ‚
1011 1983 1200 2034 qu'ntenus
1216 1981 1290 2021 suit

156 2035 276 2074 etiam
303 2037 344 2075 in
372 2035 492 2076 veteri
520 2035 604 2088 lege
631 2036 929 2089 praefiguratus.

216 2087 283 2135 46.
313 2089 373 2128 Ad
409 2089 630 2128 secundum
671 2104 799 2143 resp.‚
842 2088 957 2128 facile
997 2089 1160 2141 potuisse
1189 2088 1288 2127 Ter-

158 2141 380 2182 tullianum
401 2145 552 2182 nomine
565 2143 640 2182 olei
670 2143 886 2195 intelligere
900 2144 1017 2182 etiam
1046 2142 1286 2189 balsamum3

159 2195 263 2247 quod
291 2193 480 2234 intellexit
508 2209 663 2249 quoque
693 2197 930 2236 Innocentius
959 2195 1061 2247 Papa
1092 2197 1133 2234 in
1162 2195 1286 2248 Epist.

160 2250 210 2288 ad
237 2246 495 2300 Decentium,
530 2251 707 2305 quamvis
736 2251 907 2303 ejusdem
936 2248 1100 2289 balsami
1132 2252 1289 2289 mentio-

159 2316 248 2342 nem
278 2315 494 2355 expressam
524 2317 600 2344 ηοω
629 2304 744 2344 faciat
762 2336 774 2355 ‚
804 2306 896 2358 quia
913 2316 1063 2343 necesse
1092 2317 1166 2342 non
1187 2313 1289 2353 erat,

158 2356 262 2396 unde
290 2357 464 2396 nonnulli
493 2358 563 2398 alii
591 2357 809 2398 balsamum
827 2357 1180 2412 praetermiserunt.
1213 2358 1290 2396 Ad-

157 2411 235 2459 do,
263 2422 340 2450 non
356 2423 434 2450 esse
464 2413 626 2452 omnino
651 2422 802 2462 ratum,
831 2413 865 2450 &
884 2413 1006 2452 fixum
1036 2413 1140 2464 apud
1162 2409 1288 2450 Theo-

158 2463 289 2523 logos,
329 2462 548 2506 balsamum
570 2496 582 2516 ,
626 2479 700 2505 non
730 2468 856 2506 minus
892 2480 1010 2520 quam
1053 2465 1183 2505 oleum
1211 2479 1290 2505 esse

160 2516 277 2569 hujus
306 2517 546 2559 Sacramenti
577 2521 776 2561 materiam
808 2521 1058 2560 necessariam
1078 2547 1090 2560 .

219 2570 286 2621 47.
317 2571 374 2610 Ad
401 2577 564 2612 tertium
592 2575 701 2623 dico,
730 2574 832 2614 nibil
861 2575 1029 2624 referre,
1059 2574 1162 2628 quod
1193 2575 1289 2613 Ter-

162 2621 350 2683 tullianus
380 2628 599 2666 unctionem
628 2641 805 2678 sacram,
849 2627 883 2665 8t
914 2642 1099 2667 manuum
1133 2630 1291 2682 imposi-

161 2684 306 2736 Cfonem
338 2689 420 2731 post
447 2684 696 2722 caeremouias
721 2682 932 2735 baptismi5
963 2684 1085 2721 immo
1104 2684 1176 2722 sub
1206 2686 1288 2734 ipso

162 2729 277 2790 titulo
302 2730 354 2770 cte
381 2732 579 2784 baptismo
606 2746 822 2776 recenseat:
850 2736 891 2775 id
919 2738 1021 2776 enim
1051 2737 1139 2777 ideo
1168 2738 1258 2776 fecit
1275 2766 1287 2784 ‚

162 2795 258 2834 quia
285 2796 331 2822 ex
360 2785 592 2846 disciplina,
619 2805 710 2843 quae
740 2806 784 2830 ea
813 2799 924 2830 aetate
952 2791 1130 2843 vigebat,
1159 2791 1286 2830 statim

162 2845 245 2888 post
273 2835 506 2889 baptismum
524 2842 860 2894 affirmationis,
891 2843 1198 2885 &Eucharistiae
1218 2845 1288 2883 Sa-

164 2899 361 2952 cramenta
387 2893 679 2934 conterebantur
695 2923 708 2936 .
747 2898 926 2937 Ceterum
956 2900 1288 2950 quemadmodum

161 2941 251 2981 liaec
279 2953 352 2983 tria
377 2954 466 2984 sunt
495 2947 670 2988 distincta
698 2950 971 2997 Sacramenta3
1015 2954 1066 2990 ita
1093 2953 1290 2992 distinctos

162 2995 358 3058 habebant
388 2999 569 3050 effectus,
608 3015 705 3054 quos
731 3002 995 3043 Tertullianus
1021 3015 1218 3045 enumerat
1247 3008 1288 3044 in

162 3049 257 3090 Lib.
286 3050 351 3091 De
364 3063 577 3093 resurrect.
603 3059 767 3103 marnis,
796 3056 996 3107 inquiens:
1027 3057 1135 3096 Caro
1161 3058 1289 3097 ablui·

165 3111 257 3155 tur,
302 3114 345 3143 ut
371 3111 516 3145 anima
556 3108 804 3147 emaculetur
832 3113 850 3160 (
878 3122 926 3147 en
954 3112 1131 3162 proprius
1158 3111 1285 3164 bapti-

166 3159 239 3197 nmi
268 3158 425 3199 effectus
453 3161 494 3209 ):
536 3174 634 3200 caro
662 3166 852 3214 ungitur,
893 3170 934 3198 ut
962 3167 1107 3200 anima
1148 3175 1287 3202 conse-

169 3218 331 3251 cretur.-
359 3227 460 3253 caro
486 3219 694 3268 signatur,
725 3224 766 3253 ut
781 3219 927 3253 anima
957 3220 1190 3253 muniatur:
1219 3229 1289 3254 ca-

168 3275 216 3303 ro
241 3277 392 3311 manus
415 3272 668 3323 impositione
691 3267 944 3312 obumbratur
963 3298 977 3321 ‚
1005 3277 1046 3310 ut
1067 3268 1118 3312 (9·
1145 3273 1293 3310 anima

2340 39 2416 65 21¹

1363 107 1499 155 spiritu
1529 103 1772 140 illuminetur
1803 109 1817 154 (
1847 104 1886 141 1ιί
1919 112 2001 141 sunt
2030 102 2184 141 effectus
2212 100 2482 142 Confirmatio-

1364 161 1422 198 nis
1452 159 1492 206 ):
1535 168 1632 194 caro
1659 169 1842 206 corpore,
1885 158 1933 197 (ἓν
1965 160 2162 208 sanguine
2194 154 2335 195 Christi
2364 162 2483 195 resci—

1363 220 1428 249 tur
1449 241 1460 259 ‚
1489 218 1528 247 ut
1555 210 1606 250 Θ·
1635 213 1778 247 anima
1797 209 1883 246 Deo
1912 214 2116 260 saginetur
2133 238 2142 250 .
2175 210 2214 250 ld
2245 218 2396 263 praestat
2413 210 2484 248 Sa-

1355 272 1597 304 cramentum
1642 263 1929 309 Eucharistiae,
1967 276 1989 298 a
2017 263 2313 303 confirmatione
2355 263 2484 302 diver-

1355 333 1441 359 sum
1459 348 1469 367 ‚
1499 318 1694 369 sicutipsa
1709 316 1958 354 Confirmatio
1987 317 2279 368 estabaptismo
2307 318 2483 356 diversa.

1411 372 1477 418 48.
1510 370 1566 410 Ad
1596 371 1666 409 ult.
1704 371 1891 416 οὸῦεῐνο,
1936 368 2222 407 Tertullianum
2245 401 2255 417 ‚
2297 371 2482 423 quemad-

1355 427 1514 466 modum
1547 425 1716 464 unctioni
1747 422 1943 474 conjungit
1972 422 2265 472 degustationem
2285 423 2415 471 lactis,
2447 423 2481 460 8<

1355 479 1512 528 mellis,
1558 480 1608 517 ita
1639 479 1754 516 etiam
1784 476 2015 528 coniungere
2044 477 2299 528 sumptionem
2329 477 2482 515 Eucha-

1355 535 1473 572 ristiae
1496 547 1506 578 ;
1537 532 1663 572 subdit
1692 532 1797 570 enim
1828 529 1958 568 illico:
1986 527 2075 568 Nec
2105 542 2281 580 panem,
2309 544 2384 580 quo
2403 535 2484 579 ipse

1355 600 1498 638 corpus
1525 599 1641 624 suum
1672 592 1963 636 repraesentat.
2013 582 2148 634 Neque
2191 591 2317 620 tamen
2359 585 2482 622 dicent

1355 641 1594 690 adversarii,
1623 641 1878 692 sumptionem
1910 635 2164 675 Eucharistiae
2195 637 2309 674 tuisse
2340 645 2486 687 partein

1355 695 1567 748 baptismi,
1596 703 1661 734 aut
1689 692 1808 732 solam
1839 692 2113 730 caeremoniam
2132 721 2142 739 ,
2181 690 2400 742 cujusmodi
2434 701 2487 728 est

1357 748 1494 798 lactis,
1523 763 1569 788 ac
1602 747 1729 786 mellis
1755 746 1987 800 degustatio-
2018 744 2235 783 Dicendum
2256 746 2382 796 itaque
2413 752 2486 791 est,

1358 802 1643 842 Tertullianum
1673 815 1718 840 eo
1761 800 1834 839 loci
1878 799 2035 838 confuse
2077 811 2270 836 recensere
2314 799 2382 837 illa
2411 796 2488 835 ele-

1357 866 1514 905 menta,
1543 870 1632 910 quae
1665 856 1705 895 in
1734 854 1934 908 baptizatis
1964 852 2276 906 usurpabantur.
2322 852 2418 901 Ejus
2447 867 2485 889 e-

1356 912 1438 950 nim
1476 924 1611 963 scopus
1654 923 1726 948 non
1757 917 1835 948 erat
1864 908 1910 946 de
1938 906 2197 945 Sacramentis
2239 916 2416 946 accurate
2446 920 2486 943 a-

1357 965 1496 1017 gendi,
1537 964 1603 1002 sed
1632 972 1759 1002 contra
1790 962 2031 1001 Marcionem
2073 960 2316 1009 ostendendi,
2359 960 2488 998 Deum

1358 1020 1492 1057 veteris
1508 1017 1718 1058 testamenti
1743 1018 1858 1055 fuisse
1877 1015 2023 1053 bonum
2041 1044 2053 1062 ‚
2074 1015 2195 1055 immo
2215 1015 2343 1065 ipsum
2360 1013 2488 1051 Deum

1358 1074 1448 1110 novi
1480 1071 1722 1115 testamenti3
1751 1069 1854 1122 quod
1885 1076 1924 1106 ut
1954 1070 2131 1115 evincat,
2180 1067 2249 1106 hoc
2281 1068 2397 1106 utitur
2425 1080 2488 1104 ar-

1358 1133 1562 1176 gumento:
1597 1154 1624 1172 „
1647 1124 1748 1162 Deus
1777 1123 1868 1160 novi
1910 1123 2123 1159 testamenti
2167 1124 2206 1160 in
2246 1122 2323 1159 suis
2351 1121 2488 1160 Sacra-

1357 1179 1494 1216 meutis
1525 1180 1643 1215 utitur
1674 1176 1752 1215 illis
1781 1177 1919 1222 rebus,
1963 1188 2059 1226 quas
2088 1174 2193 1212 Deus
2211 1204 2222 1222 ‚
2270 1175 2406 1212 veteris
2434 1182 2488 1210 te-

1358 1232 1534 1271 stamenti
1551 1232 1692 1269 creavit
1709 1260 1720 1278 ,
1741 1243 1882 1281 nempe
1901 1242 2002 1281 aqua
2020 1257 2031 1276 ,
2061 1226 2145 1264 oleo
2166 1257 2177 1275 ,
2207 1241 2306 1279 pane
2323 1257 2334 1275 ,
2364 1226 2460 1264 lacte
2475 1257 2488 1275 ‚

1359 1285 1394 1323 &
1425 1284 1565 1324 melle:
1609 1294 1767 1337 uterque
1796 1284 1915 1335 igitur
1945 1281 2050 1320 Deus
2089 1279 2214 1319 bonus
2243 1290 2323 1329 est,
2366 1282 2489 1318 immo

1359 1340 1511 1379 nonnisi
1541 1353 1637 1384 unus
1670 1339 1868 1390 utriusque
1888 1336 2097 1374 testamenti
2129 1344 2181 1372 est
2201 1334 2302 1372 Deus
2322 1360 2334 1372 .
2364 1335 2403 1373 ld
2420 1349 2489 1372 au·

1357 1403 1433 1433 tem
1463 1395 1551 1433 satis
1579 1401 1657 1432 erat
1687 1392 1734 1430 ad
1764 1391 1846 1439 ejus
1876 1403 2061 1440 scopum,
2102 1389 2196 1440 quin
2225 1388 2403 1426 subtilius
2431 1403 2488 1426 se-

1357 1455 1525 1487 cerneret
1554 1460 1643 1499 quae
1665 1446 1713 1484 ad
1729 1446 2064 1484 Sacramentorurn
2087 1443 2288 1479 essentiam
2307 1472 2316 1486 ,
2347 1441 2379 1477 ἃ
2398 1455 2488 1493 quas

1360 1502 1407 1540 ad
1437 1504 1686 1540 caeremonias
1714 1499 1897 1537 duntaxat
1930 1494 2170 1548 pertinebant
2191 1495 2242 1533 ’'.
2278 1495 2490 1533 Nonnulla,

1360 1555 1448 1593 aliae
1478 1553 1622 1592 Daltaei
1651 1553 1811 1605 argutiae
1843 1549 1964 1589 videri
1994 1556 2150 1600 possunt
2182 1547 2294 1586 facile
2322 1550 2486 1587 dissolu-

1361 1618 1410 1648 tae
1441 1623 1464 1646 a
1492 1606 1621 1646 Natali
1654 1605 1870 1645 Alexandro
1899 1602 2060 1645 Dissert.
2083 1601 2134 1640 X.
2165 1602 2204 1639 in
2232 1601 2333 1640 Saec.
2362 1603 2414 1640 11.

1416 1662 1482 1715 49.
1510 1662 1689 1699 Ceterum
1737 1657 2038 1711 degustationem
2079 1654 2188 1693 lactis
2208 1685 2219 1703 ,
2261 1655 2453 1705 &xmellis
2476 1686 2487 1702 ,

1360 1715 1470 1766 cujus
1501 1728 1573 1753 non
1613 1713 1738 1753 solum
1781 1711 1960 1751 meminit
1990 1707 2282 1757 Tertullianus,
2324 1710 2388 1749 sed
2418 1710 2488 1749 alii

1360 1771 1474 1808 etiam
1516 1776 1662 1806 veteres
1689 1766 1843 1814 Patres,
1890 1776 1964 1801 non
2005 1775 2084 1801 esse
2127 1763 2323 1814 peculiare
2351 1763 2488 1802 Sacra-

1362 1830 1534 1860 mentum
1553 1852 1564 1870 ,
1594 1821 1657 1860 sed
1687 1820 1805 1861 solam
1835 1818 2107 1857 caeremoniam
2125 1846 2136 1864 ,
2167 1829 2211 1853 ex
2242 1829 2285 1853 eo
2313 1816 2487 1854 luculen-

1359 1884 1414 1915 ter
1443 1877 1616 1924 eruitur,
1655 1875 1756 1927 quod
1787 1873 1856 1911 illa
1897 1871 2038 1909 sensim
2069 1883 2114 1907 ac
2157 1871 2297 1908 sensim
2340 1870 2487 1909 obsole-

1358 1931 1486 1978 verit,
1516 1939 1717 1982 postquam
1734 1926 2059 1980 paedobaptismus
2079 1922 2225 1975 ubique
2241 1922 2422 1973 invaluit,
2452 1924 2486 1960 8:

1357 1985 1441 2024 fere
1483 1984 1642 2022 cessavit
1683 1982 1898 2034 baptismus
1941 1976 2184 2016 adultorum.
2229 1978 2368 2016 Contra
2398 1992 2488 2017 vern

1360 2052 1483 2091 neque
1517 2050 1627 2076 sacra
1670 2037 1824 2082 unctio,
1867 2046 1990 2084 neque
2032 2032 2200 2083 sumptio
2229 2030 2486 2070 Eucharistiae

1354 2100 1580 2140 cessarunt,
1608 2091 1671 2130 sed
1701 2088 1964 2128 tautummodo
1992 2086 2031 2124 in
2059 2086 2309 2138 opportunius
2338 2094 2487 2136 tempus

1355 2146 1474 2185 dilata
1503 2154 1587 2184 sunt
1606 2175 1618 2194 ,
1647 2144 1742 2197 quia
1769 2156 1907 2193 nempe
1934 2138 2110 2178 Ecclesia
2138 2138 2296 2191 quidem
2325 2148 2486 2190 potesta-

1356 2209 1433 2239 tem
1465 2199 1604 2246 habet,
1647 2200 1744 2236 sicut
1774 2194 2023 2239 instituendi,
2066 2194 2119 2230 ita
2148 2193 2263 2229 etiam
2305 2191 2484 2229 abolendi

1359 2256 1478 2301 ritus,
1508 2252 1541 2289 8(
1572 2251 1822 2290 caeremonias
1850 2246 2186 2285 Sacramentornm
2204 2273 2215 2291 ‚
2246 2256 2323 2282 non
2352 2254 2483 2283 autem

1356 2309 1439 2360 ipsa
1467 2306 1743 2351 Sacramenta,
1774 2300 1832 2340 vel
1866 2308 1988 2352 partes
2017 2310 2150 2335 eorum
2179 2297 2429 2336 essentiales.

1413 2362 1479 2399 50.
1508 2359 1584 2396 Ob.
1614 2361 1755 2395 tertio.
1785 2354 1930 2401 Patres,
1959 2350 2354 2405 quiConiirmationis
2375 2366 2483 2390 men-

1358 2415 1498 2453 tionem
1528 2413 1697 2458 saciunt,
1734 2423 1817 2447 eam
1849 2414 2040 2445 recensent
2070 2406 2166 2444 inter
2196 2405 2378 2457 baptismi
2408 2420 2487 2443 ca:-

1357 2468 1575 2506 remonias.
1614 2463 1750 2501 Primo
1779 2463 1884 2500 enim
1913 2458 2112 2498 Cornelius
2142 2457 2244 2510 Papa
2273 2458 2376 2510 apud
2405 2459 2485 2498 Eu-

1357 2521 1507 2559 sebium
1537 2518 1628 2557 Lib.
1649 2517 1719 2556 Vl.
1749 2515 1857 2554 Hist.
1886 2513 2002 2552 Eccl.
2032 2527 2118 2565 cap.
2148 2511 2215 2558 43.
2246 2511 2485 2560 Novati-mo,

1357 2576 1424 2627 qui
1454 2574 1548 2612 dum
1579 2573 1619 2610 in
1660 2569 1802 2609 lectulo
1834 2569 1899 2608 nbi
1931 2567 2010 2619 jam
2041 2566 2122 2618 jam
2165 2566 2372 2604 moriturus
2400 2579 2484 2603 cre-

1358 2628 1542 2675 debatur,
1570 2639 1671 2679 aqua
1701 2624 1877 2676 perfusus
1894 2623 2130 2674 baptismum
2153 2627 2396 2670 susceperat,
2426 2621 2484 2659 vi-

1356 2683 1407 2722 tio
1436 2681 1637 2729 vertebat,
1669 2678 1771 2731 quod
1806 2676 1989 2715 liberatus
2017 2690 2040 2712 a
2069 2673 2204 2711 morbo
2232 2671 2380 2725 reliqua
2409 2685 2483 2711 non

1356 2737 1592 2790 perceperit,
1635 2747 1724 2785 quas
1762 2734 1887 2784 jutta
1932 2729 2251 2767 ecclesitzsticam
2294 2727 2482 2778 regulam.

1358 2793 1506 2842 percipi
1544 2786 1705 2835 dehent,
1748 2798 1873 2836 neque
1901 2783 1953 2822 ob
1982 2781 2181 2834 Episcopo
2223 2784 2484 2833 consignatus

1344 2845 1505 2897 suerit,
1542 2854 1683 2893 nempe
1710 2853 1827 2890 quam
1857 2851 1923 2877 nos
1949 2838 2114 2876 dicimus
2142 2834 2482 2873 confirmationem

1354 2912 1435 2937 non
1463 2895 1679 2948 acceperit3
1723 2894 1757 2931 ἃ
1786 2905 1904 2946 quain
1934 2891 2093 2944 proinde
2122 2889 2276 2928 nonnisi
2305 2887 2482 2926 ecclesia-

1354 2954 1502 2992 sticam·
1521 2949 1789 2989 caeremoniam
1821 2946 2044 2998 reputabat.
2073 2942 2258 2982 Secundo
2284 2955 2387 2994 saepe
2414 2954 2481 2978 an-

1356 3007 1457 3059 tiqui
1486 3004 1611 3043 Patres
1641 3015 1825 3040 manuum
1870 3000 2151 3053 impositionem
2196 3006 2330 3036 vocant
2359 2993 2481 3044 bapti·

1354 3064 1432 3098 smi
1459 3056 1746 3110 perfectionem
1764 3082 1775 3093 .
1811 3055 1878 3093 Sic
1908 3053 2024 3093 babet
2052 3053 2186 3091 Canon
2219 3049 2285 3090 58.
2314 3048 2478 3087 Illiberi-

1354 3121 1467 3152 tanus
1482 3142 1495 3161 ,
1523 3111 1680 3163 jubens,
1710 3109 1947 3162 baptizatum
1965 3123 1987 3146 a
2009 3107 2117 3145 laicis
2136 3107 2174 3144 in
2194 3101 2366 3157 periculo
2379 3112 2478 3138 rnor-

1353 3167 1428 3215 ti3‚
1457 3168 1487 3205 si
1516 3165 1804 3218 supervixerit,
1840 3163 1886 3201 ad
1917 3162 2156 3215 Episcopum
2185 3171 2264 3196 esse
2291 3155 2478 3193 adduct-n·-

1354 3219 1447 3258 dum
1467 3249 1477 3268 ,
1507 3228 1549 3256 ut
1578 3231 1647 3269 per
1677 3230 1826 3255 manus
1855 3219 2146 3268 impositionem
2174 3210 2310 3263 perfici
2338 3213 2477 3254 pom!-

1356 3270 1406 3314 Et
1432 3273 1474 3313 S·
1503 3273 1724 3326 Cyprianus
1750 3273 1790 3312 iu
1818 3269 1945 3322 Epist.
1963 3267 2148 3308 Lxxui.
2175 3265 2221 3304 ad
2242 3260 2479 3320 Jubajanum

2366 3311 2424 3349 di-
