2605 3624
732 66 812 110 DE
847 62 1144 107 MINISTRO
1179 57 1579 106 SACRAMENTI
1613 54 1880 100 ORDINIS.

155 148 398 189 collationem
428 145 666 188 Sam-amenti
696 143 878 189 Ordinis,
915 142 977 179 sed
1007 140 1275 178 Confirmatio-

157 206 238 250 nis3
269 204 366 243 unde
381 202 459 243 ΜΒ.
477 199 740 238 Colbertinum
776 195 914 234 habet:
943 198 1153 245 consignat
1171 192 1275 231 Pres-

156 256 268 308 byter
290 284 300 296 .
330 256 498 294 Ulterius
525 265 621 303 opus
650 251 750 289 illud
779 258 830 286 est
860 246 1126 302 apocryphum
1149 276 1160 294 ,
1190 246 1222 282 ἃ
1253 261 1275 285 a

155 307 228 348 ΙΨ.
258 306 507 348 Benedictinis
535 304 583 342 ad
611 303 757 342 calcem
788 303 900 340 Tomi
926 303 988 340 ΙΙΙ.
1021 300 1204 351 rejectum
1223 324 1234 337 .

209 362 276 400 85.
306 360 481 412 Denique
508 359 715 410 opponitur
743 358 946 396 auctoritas
961 354 1126 392 Concilii
1148 353 1273 392 Nicae-

153 415 195 451 ni
213 442 224 462 ,
255 415 294 451 iu
323 426 400 466 quo
428 422 516 452 teste
546 411 762 463 'Nicephoro
791 410 880 448 Lib.
902 409 1006 446 Vlll.
1037 407 1142 446 Hist.
1160 405 1273 444 Eccl.

153 480 241 517 cap.
265 479 354 518 ¹9„
397 467 567 517 probatae
599 466 750 503 fuerunt
779 473 819 501 ut
849 464 988 500 validae
1018 462 1274 498 ordinationes

155 518 334 568 Meletii,
364 521 432 572 qui
463 520 607 558 ibidem
635 520 777 558 dicitur
807 531 946 555 munus
975 514 1205 568 Episcopale
1225 515 1274 553 si-

152 571 195 611 bi
227 587 422 622 usurpasse
439 600 448 612 .

207 624 275 664 86.
308 626 448 679 Καὶ»,
481 625 682 664 meletium
711 637 845 663 verum
878 623 991 664 fuisse
1012 621 1273 673 Episcopum,

152 677 242 717 licet
271 680 556 718 schismaticum
574 709 584 727 ,
614 681 647 716 &
665 679 828 724 furtive,
857 686 970 727 atque
999 676 1200 727 illegitime
1215 689 1275 712 or·

154 733 354 782 dinatum,
399 744 514 784 utque
542 734 608 785 qui
638 748 658 770 a
687 732 729 770 S.
759 730 866 768 Petro
897 729 1154 767 Alexandrino
1184 727 1276 778 Epi-

152 798 268 839 scopo
312 786 362 825 ob
399 786 625 826 idololatriae
669 799 816 824 crimen
861 783 984 821 fuerat
1026 782 1075 821 ab
1104 781 1277 819 Ecclesia

153 840 288 891 pulsus
308 866 319 878 .

208 892 276 943 87.
304 892 381 931 ob.
410 897 551 931 tertio.
594 891 679 930 Non
710 890 778 930 soli
810 890 1025 942 Episcopi,
1069 888 1131 926 sed
1162 889 1275 925 etiam

153 944 398 998 Presbyteri,
429 956 468 984 nt
496 945 742 992 cardinales,
784 943 976 989 Amnes,
1014 942 1159 994 aliique
1187 954 1277 978 con-

153 999 280 1037 ferunt
300 999 464 1037 Ordines
494 1001 661 1037 minores
677 1028 687 1046 ,
719 1000 838 1036 immo
870 995 901 1031 8<
923 995 1247 1034 Subdiaconatuiu
1265 1021 1275 1032 .

207 1051 275 1090 88.
308 1052 519 1102 Respondet
540 1051 744 1102 Angelicus
774 1053 811 1088 in
829 1049 1028 1100 Supplem.
1057 1058 1194 1100 quaest.
1214 1048 1276 1086 58.

155 1112 228 1143 art.
256 1118 288 1143 1.
318 1106 363 1144 ad
387 1104 425 1143 5.
447 1135 473 1152 ‚‚
494 1105 595 1157 quod
627 1104 728 1156 Papa
751 1133 762 1151 ,
804 1107 871 1155 qui
917 1103 1028 1141 habet
1073 1101 1274 1154 plenitudi-

155 1187 185 1208 „
214 1171 302 1196 nem
320 1160 508 1210 potestatis
524 1157 779 1205 pontificalis,
810 1165 925 1208 potest
954 1157 1188 1194 committere
1204 1168 1278 1192 nou

155 1240 182 1260 „
213 1210 404 1263 Episcopo
441 1227 512 1260 ea,
554 1225 642 1264 quae
671 1212 716 1251 ad
759 1211 977 1262 dignitatem
1009 1204 1278 1261 Episcopalem

155 1294 184 1313 „
215 1266 428 1316 pertinent,
457 1263 665 1304 dummodo
696 1264 759 1303 illa
790 1277 861 1301 non
880 1263 1044 1302 habeant
1076 1261 1278 1300 immedia-

155 1347 183 1366 „
213 1326 289 1355 tam
321 1318 542 1357 relationem
573 1319 618 1357 ad
650 1333 782 1356 verum
814 1330 951 1369 corpus
969 1316 1138 1354 Christi.
1170 1315 1215 1354 Et
1246 1316 1274 1352 i-

154 1399 183 1419 „
211 1371 282 1409 deo
309 1385 354 1410 ex
385 1371 467 1422 ejus
495 1374 761 1411 commissione
790 1370 929 1422 aliquis
958 1369 1141 1408 Sacerdos
1184 1370 1276 1406 sim-

155 1453 182 1472 „
213 1423 301 1477 plex
333 1435 448 1479 potest
476 1427 651 1464 conferre
680 1426 843 1464 minores
867 1424 1044 1471 ordines,
1075 1423 1108 1459 &
1139 1422 1278 1461 confir-

154 1507 184 1526 „
213 1491 321 1516 mare
341 1509 351 1527 ,
382 1492 456 1517 non
487 1479 782 1530 tamerraliquis
811 1490 886 1515 non
906 1477 1117 1522 Sacerdos;
1149 1491 1216 1515 nec
1246 1477 1278 1513 i-

156 1560 183 1578 „
214 1540 338 1570 terum
359 1531 541 1570 Sacerdos
570 1531 732 1583 majores
753 1531 902 1569 ordines
919 1561 929 1579 ,
959 1532 1025 1582 qui
1049 1529 1189 1568 habent
1207 1531 1280 1567 im-

153 1611 181 1632 „
212 1585 419 1624 mediatam
451 1584 672 1623 relationem
701 1586 748 1623 ad
780 1598 916 1636 corpus
944 1584 1114 1632 Christi,
1163 1596 1278 1634 snpra

155 1665 184 1685 ‚,
212 1638 313 1690 quod
356 1639 654 1678 consecrandum
684 1638 788 1689 Papa
816 1650 890 1675 nou
936 1636 1048 1675 habet
1092 1638 1279 1689 majorem

155 1718 182 1738 ‚,
215 1700 433 1740 potestatem
458 1722 468 1740 ‚
496 1706 614 1744 quam
645 1691 810 1743 simplex
838 1691 1019 1729 Sacerdos
1037 1717 1046 1727 .
1069 1691 1089 1706 '²

209 1744 276 1795 89.
306 1745 397 1782 lust.
427 1748 582 1795 primo.
628 1746 699 1782 Cui
743 1746 995 1782 committitur
1038 1742 1279 1796 principale,

154 1806 271 1847 potest
299 1800 487 1836 committi
517 1798 551 1835 ἃ
581 1799 854 1842 accessorium;
884 1797 946 1835 sed
963 1798 1117 1835 Ordinis
1145 1797 1280 1835 Sacra-

153 1858 326 1887 mentum
357 1851 556 1889 ordinatur
585 1852 632 1889 ad
650 1850 929 1890 Eucharistiam
949 1880 959 1898 ,
989 1853 1086 1889 sicut
1115 1863 1282 1889 accesso-

155 1903 259 1940 rium
289 1904 336 1942 ad
369 1905 602 1957 principale3
639 1904 727 1942 cuni
759 1918 847 1956 ergo
875 1904 1058 1942 Sacerdos
1086 1912 1282 1942 consecret

152 1954 442 1996 Eucharistiam
464 1989 474 2007 ,
512 1960 647 2010 poterit
679 1960 758 2009 ipse
789 1959 903 1996 etiam
935 1959 1101 1996 Ordines
1129 1958 1280 1995 confer-

152 2020 222 2047 re.
252 2009 340 2058 Quo
369 2013 484 2050 etiam
515 2021 737 2062 argumento
767 2026 854 2048 usus
883 2020 934 2048 est
954 2011 995 2049 S.
1019 2011 1280 2050 Hieronvmus

152 2062 192 2099 in
213 2065 322 2114 epist.
337 2063 402 2102 De
430 2074 580 2115 septem
601 2064 791 2116 gradibus
806 2063 1004 2102 Ecclesiae
1020 2094 1031 2112 ,
1060 2066 1151 2117 quia
1167 2056 1279 2101 'uem-

154 2129 204 2167 pe
231 2116 318 2166 plus
347 2127 406 2156 est
434 2130 674 2156 consecrare
702 2131 841 2170 corpus
856 2116 1049 2166 Domini,
1077 2130 1200 2169 quam
1217 2130 1280 2154 or-

151 2167 298 2208 dinare
330 2170 555 2211 Clericum.
585 2187 587 2189 ¹

206 2234 274 2274 90.
304 2222 508 2274 Respondit
536 2227 676 2263 iterum
709 2223 914 2275 Angelicns
943 2224 1041 2261 ibid.
1072 2223 1110 2268 4.
1128 2252 1139 2270 ,
1176 2222 1280 2273 quod

155 2279 338 2324 quamvis
353 2276 671 2315 Sacramentum
688 2275 958 2314 Eucharistiae
979 2281 1027 2313 sit
1047 2279 1279 2313 maximum

111 2343 114 2345 ·
157 2327 475 2367 Sacramentum
505 2334 646 2375 in-se‚
689 2340 826 2368 tamen
859 2343 938 2367 non
968 2329 1133 2366 collocat
1164 2333 1204 2365 in
1232 2343 1277 2366 a·

151 2380 262 2430 liquo
288 2382 445 2432 officio,
476 2388 576 2423 sicut
600 2383 762 2422 Ordinis
793 2384 1135 2421 Sacramentum.
1165 2381 1219 2419 Et
1249 2386 1278 2419 i-

152 2433 230 2473 deo
257 2449 339 2474 non
366 2448 425 2476 est
455 2439 594 2476 similis
623 2442 726 2475 ratio
744 2465 754 2475 .
785 2436 954 2490 Epistola
975 2447 1102 2474 autem
1125 2435 1192 2474 illa
1215 2435 1278 2474 De

150 2497 305 2539 septem
331 2489 521 2543 gradibus
536 2492 730 2529 communi
752 2492 982 2529 Criticorum
1013 2488 1160 2542 judicio
1189 2491 1278 2542 reji-

150 2543 251 2580 citur
270 2572 283 2590 ‚
313 2553 353 2582 ut
382 2554 486 2584 tanto
515 2545 680 2583 Doctore
711 2546 863 2595 indigna
881 2572 892 2583 .

209 2607 277 2646 91.
308 2596 400 2635 lust.
429 2597 605 2635 secundo
625 2624 636 2635 .
666 2598 756 2636 Plus
784 2601 894 2637 distat
923 2597 1105 2636 Sacerdos
1134 2612 1154 2634 a
1187 2597 1279 2635 Dia-

153 2659 277 2696 coitO,
315 2662 380 2686 seu
412 2649 470 2687 illi
501 2652 622 2702 magis
652 2654 825 2702 superior
854 2661 933 2700 est,
976 2666 1092 2703 quam
1123 2650 1280 2701 Episco-

155 2714 230 2762 pus
258 2700 308 2739 ab
338 2701 550 2754 Episcopo:
593 2705 656 2742 sed
687 2705 901 2756 Episcopus
931 2715 1048 2756 potest
1084 2718 1282 2742 consecare

153 2753 421 2814 Episcopum:
465 2769 554 2808 ergo
595 2758 628 2794 ἃ
657 2758 839 2797 Sacerdos
881 2761 1016 2811 poterit
1056 2770 1281 2810 promovere

154 2807 374 2846 Diaconum
392 2835 403 2847 .

210 2873 278 2914 92.
309 2859 518 2914 Respondet
537 2862 578 2902 S.
600 2863 770 2904 Thomas
784 2864 831 2902 ad
855 2864 890 2903 5.
908 2895 919 2914 ‚
941 2894 968 2913 „
988 2864 1089 2917 quod
1110 2864 1155 2902 ad
1176 2877 1281 2902 com-

155 2942 183 2962 „
213 2917 492 2954 umnicandum
523 2916 662 2966 alteri,
691 2919 792 2971 qnod
813 2919 901 2970 quis
928 2917 1066 2967 habet,
1099 2931 1170 2956 non
1203 2919 1283 2956 exi-

151 2995 183 3018 „
212 2970 313 3020 gitur
334 2969 456 3025 solum
486 2972 773 3024 propinquitas,
802 2973 864 3011 sed
885 2971 920 3008 &
947 2971 1151 3024 completio
1181 2981 1282 3023 pote—

155 3055 184 3079 „
212 3024 316 3060 statis
335 3048 345 3061 .
389 3022 437 3061 Et
465 3025 556 3076 quia
585 3025 767 3063 Sacerdos
803 3039 878 3063 nou
911 3025 1021 3063 habet
1051 3024 1281 3076 completam

156 3108 185 3129 ³,
215 3085 433 3128 potestatem
463 3078 503 3116 in
535 3077 785 3118 hierarchicis
811 3079 1102 3136 officiisxqtcut
1124 3078 1280 3130 Episco-

157 3162 186 3182 „
217 3144 316 3181 pus,
360 3131 445 3168 ideo
473 3144 547 3170 non
576 3134 770 3184 sequitur,
811 3133 912 3184 quod
942 3144 990 3182 pc.
1014 3143 1057 3169 .-*1
1079 3131 1282 3170 Diaconos

157 3214 187 3236 „
216 3184 366 3232 facere,
395 3186 572 3237 quamvis
602 3185 669 3223 ille
695 3185 787 3223 ordo
806 3187 852 3226 sit
879 3186 954 3222 sibi
976 3185 1281 3236 prapinquior.”

215 3237 283 3289 95.
316 3239 406 3276 lnst.
435 3242 576 3276 tertio.
604 3239 684 3285 Qui
705 3247 823 3291 pote-0
843 3237 994 3288 majus,
1026 3247 1140 3288 potest
1159 3237 1283 3276 &mi-

158 3303 259 3338 num
285 3293 394 3345 atqui
422 3291 588 3346 simplex
616 3291 800 3332 Sacerdas
826 3300 945 3345 potest
972 3303 1220 3342 consecrare,
1248 3291 1283 3330 δι

2319 55 2402 97 203

1344 146 1515 176 sanctum
1547 137 1678 177 Missas
1722 134 1955 174 sacrificium
1986 130 2067 170 Deo
2094 130 2256 180 offerre,
2294 133 2396 184 qnod
2425 146 2464 170 o-

1344 205 1415 243 pus
1444 201 1494 228 est
1523 193 1697 229 omnium
1731 191 1966 226 maximum:
1997 198 2084 236 ergo
2114 187 2184 224 ὄις.

1396 243 1462 294 94.
1495 243 1604 294 Resp.
1630 273 1640 290 ‚
1688 243 1874 292 majorem
1913 254 1989 277 esse
2018 253 2147 277 veram
2177 239 2223 276 de
2255 238 2299 278 iis
2320 268 2331 287 ,
2371 251 2462 292 quae

1342 306 1427 334 suut
1459 299 1495 334 in
1527 297 1656 333 eodem
1679 309 1841 347 genere3
1872 294 1953 331 haec
1984 303 2112 330 autem
2142 293 2217 330 duo
2234 291 2463 331 Sacramen-

1343 358 1380 387 ta
1409 358 1492 387 sunt
1522 350 1560 387 in
1590 350 1737 386 diverso
1764 361 1928 399 genere,
1957 360 2077 397 quia,
2109 354 2147 383 ut
2177 359 2264 383 mox
2295 346 2464 384 vidimus

1342 416 1431 440 cum
1461 401 1503 440 S.
1533 401 1682 439 Thomu
1711 416 1750 439 n.
1772 414 1837 451 90.
1855 430 1865 447 ,
1894 400 2184 438 Sacramentum
2208 399 2464 438 Eucharistiae

1343 469 1423 494 non
1444 455 1609 493 collocat
1627 453 1827 491 hominem
1857 457 1895 489 in
1917 453 2048 501 aliquo
2076 451 2205 500 officio
2227 483 2237 500 ,
2267 457 2364 490 sicut
2383 452 2462 490 Or·

1343 509 1446 547 clt'nis
1476 508 1791 547 Sacramentum
1814 532 1824 544 .
1855 506 1903 543 Et
1932 505 2014 542 hoec
2045 505 2089 543 de
2117 507 2310 544 ordinario
2325 506 2462 546 Sacra·

1343 572 1560 602 mentorum
1593 564 1794 600 ministro.
1823 558 1897 597 Sed
1928 567 2052 608 postea

1397 617 1622 665 Quaeritur,
1665 628 1721 652 an
1751 610 2082 652 extraordinaria
2119 620 2310 661 potestate
2338 612 2406 650 sibi
2436 626 2466 651 a,

1345 669 1537 722 pontifice
1566 669 1754 720 delegata.
1780 670 1900 719 possit
1931 664 2102 714 simplex
2126 664 2337 716 Presbyter
2365 666 2465 704 ‹luos

1343 723 1501 762 ordines
1530 722 1782 761 Diaeicomitus
1800 752 1811 770 ,
1840 721 1889 761 (9
1911 717 2217 770 presbyteratus
2247 717 2465 769 conferre?

1398 779 1465 829 95.
1498 776 1686 830 Respond.
1704 807 1714 825 ,
1745 789 1816 813 non
1843 773 1970 812 deesse
1990 770 2228 821 'I‘heologos,
2259 771 2466 823 &quidem

1344 834 1471 883 magni
1503 831 1691 878 nominis,
1735 828 1931 879 multoque
1962 824 2088 878 plures
2116 825 2359 873 canonistas,
2397 826 2466 878 qui

1346 885 1382 923 id
1426 893 1618 932 asserant,
1644 885 1786 930 ,immo
1815 882 1849 918 &
1878 877 2074 918 nonnullis
2116 880 2319 916 momentis
2363 878 2399 916 id
2428 893 2469 917 se

1346 937 1511 989 probare
1541 951 1645 988 posse
1673 936 1863 974 considant
1885 959 1895 971 .
1926 933 2038 970 Teste
2066 933 2292 983 gravissimo
2322 932 2465 970 isaacio

1348 991 1513 1028 Haberto
1543 993 1582 1028 in
1613 986 1870 1040 Αρχιερέτιιιω
1901 1000 1987 1039 pag.
2023 985 2110 1023 ι68.
2139 990 2320 1023 omnium
2362 995 2468 1022 atati-

1345 1048 1556 1092 quissimus
1573 1074 1584 1092 ,
1613 1043 1679 1093 qui
1712 1041 1781 1079 hac
1802 1043 2021 1078 seutentiam
2044 1040 2233 1086 tenuerit,
2265 1038 2470 1076 fuitCuil·

1346 1097 1428 1135 liel.
1453 1095 1810 1141 Autissiodorensis,
1839 1107 1952 1145 quem
1976 1102 2101 1144 postea
2119 1093 2359 1131 Innocentius
2377 1092 2468 1140 lV.‚

1345 1150 1490 1202 aliique
1520 1165 1594 1187 non
1627 1149 1737 1200 pauci
1768 1147 1816 1184 ab
1847 1147 1975 1184 eodem
1994 1147 2177 1184 nominati
2208 1147 2325 1184 secuti
2356 1155 2468 1193 sunt,

1344 1204 1391 1240 de
1406 1217 1570 1256 quorum
1601 1202 1787 1238 sententiis
1817 1201 1867 1237 ita
1897 1199 1999 1236 laud.
2017 1199 2207 1237 Habertns
2225 1201 2467 1251 pronunciat:

1347 1255 1495 1296 Verum
1518 1256 1602 1294 hcet:
1618 1258 1758 1293 omnia
1774 1283 1783 1299 ,
1814 1261 1854 1289 ut
1869 1257 2042 1304 ingenue
2062 1253 2194 1289 <licam
2213 1281 2224 1299 ,
2254 1253 2361 1289 Aerii
2391 1265 2468 1288 sce-

1343 1311 1430 1349 culo
1451 1314 1684 1349 intuentem
1713 1305 1934 1344 orthodoxo
1962 1309 2113 1343 nemini
2130 1310 2314 1354 cuiquam
2343 1318 2470 1342 venis-

1343 1378 1387 1403 se
1415 1377 1651 1415 persuasum
1683 1359 1834 1399 imbec.
1862 1359 1991 1410 Multo
2020 1359 2146 1411 plnres
2167 1358 2406 1409 Theologos,
2436 1358 2471 1394 δε

1343 1419 1567 1456 Canonistas
1596 1415 1725 1454 laudat
1755 1414 1814 1451 Jo.
1845 1413 2022 1452 Mortuus
2044 1412 2110 1451 De
2137 1415 2264 1450 sacris
2294 1410 2470 1450 ordinat.

1345 1471 1388 1509 P.
1419 1472 1484 1509 Ill.
1516 1470 1708 1509 Excercit.
1738 1467 1807 1505 IV.
1836 1481 1922 1520 cap.
1953 1467 2018 1512 3.;
2055 1467 2121 1519 qni
2155 1475 2277 1516 postea
2314 1479 2398 1516 cap.
2429 1465 2470 1509 4.

1347 1539 1456 1563 num.
1474 1539 1510 1563 2.
1541 1522 1765 1569 concludit,
1796 1524 2070 1558 necessarium
2101 1519 2220 1557 videri
2241 1549 2253 1566 ‚
2281 1518 2472 1556 concede-

1347 1592 1390 1616 re
1410 1579 1680 1617 ecclesiastico
1695 1578 1786 1628 jure
1803 1574 2128 1625 Presliyterorum
2150 1572 2443 1610 ordinationem
2457 1603 2470 1621 ,

1346 1646 1428 1671 non
1457 1632 1573 1670 motio
1590 1631 1864 1668 Ditzconorum
1895 1628 2072 1679 delegari
2101 1640 2214 1678 posse
2236 1656 2247 1674 ,
2276 1639 2358 1663 non
2387 1620 2470 1675 qui-

1348 1686 1440 1724 dem
1469 1687 1636 1735 simplici
1660 1682 1897 1735 Presbytero
1913 1712 1923 1730 ,
1953 1692 1992 1718 ut
2012 1681 2150 1719 docent
2167 1679 2349 1718 authores
2378 1692 2471 1729 εαρ.

1347 1740 1520 1789 proecetl.
1550 1742 1803 1784 enumerati,
1852 1735 1922 1774 sed
1950 1735 2188 1788 Presbytero
2221 1732 2470 1785 Chorepisco-

1347 1803 1465 1844 patus
1495 1793 1691 1841 (lignitate
1719 1799 1889 1828 ornato,

1402 1848 1478 1900 96:
1498 1842 1625 1899 Hujus
1666 1854 1794 1883 antem
1838 1843 2082 1881 eruditissimi
2120 1842 2315 1894 scriptoris
2343 1841 2473 1888 ratio,

1348 1915 1468 1952 quare
1497 1901 1698 1939 auctoritas
1727 1897 1947 1936 conferendi
1978 1898 2218 1934 diaconatum
2238 1925 2249 1942 ,
2293 1907 2337 1932 ac
2368 1907 2472 1944 pres-

1349 1953 1568 2006 byteratum
1612 1953 1779 2003 delegari
1824 1951 1986 2002 potuerit
2013 1948 2306 2000 Chorepiscopis
2335 1951 2350 1997 (
2380 1958 2475 1997 quos

1348 2008 1543 2059 simplices
1572 2006 1815 2058 presbyteros
1856 2004 1970 2041 fuisse
1999 2011 2124 2040 censet
2155 2002 2200 2049 ),
2243 2013 2318 2038 non
2347 2012 2474 2037 autem

1349 2060 1437 2098 aliis
1468 2060 1727 2112 Presbyteris,
1775 2057 1861 2096 haec
1891 2066 1967 2094 est:
2013 2053 2163 2102 Video,
2192 2055 2347 2107 inquit,
2376 2067 2473 2090 stin-

1347 2123 1431 2152 ctos
1461 2113 1603 2153 Patres
1646 2112 1716 2150 hoc
1753 2111 1996 2163 privilegium
2029 2108 2318 2159 Cher-episcopis
2359 2120 2471 2144 asse-

1347 2172 1473 2206 ruisse
1491 2199 1501 2215 ,
1539 2180 1613 2204 nec
1642 2165 1737 2204 illud
1764 2170 1805 2201 in
1834 2174 1983 2202 ceteros
2013 2161 2270 2214 Presbyteros
2288 2191 2298 2208 ‚
2328 2173 2401 2198 nec
2430 2164 2474 2197 in

1347 2222 1454 2258 alitis
1483 2234 1510 2258 a
1534 2220 1825 2270 (Jizorepiscopis
1854 2217 2068 2269 dignitates
2098 2213 2328 2263 diffudisse.
2361 2213 2472 2263 Qua-

1345 2283 1502 2323 propter
1532 2272 1626 2310 illutl
1655 2271 1815 2308 ulterius
1835 2281 2077 2320 prorogare,
2107 2267 2203 2305 mihi·
2223 2268 2360 2319 religio
2388 2275 2471 2305 est.

1347 2324 1561 2364 Nescimus
1579 2356 1589 2372 ,
1627 2338 1684 2362 an
1713 2323 1804 2374 quid
1833 2333 1889 2360 est
1918 2322 2117 2372 peculiare
2146 2325 2186 2358 in
2219 2320 2471 2370 Clzorepisco-

1346 2393 1484 2430 porum
1503 2379 1775 2425 ordinatione,
1805 2381 1962 2414 ratione
1977 2376 2088 2427 cujus
2105 2379 2183 2412 ista
2198 2378 2470 2425 praerogativa

1347 2435 1421 2471 illis
1437 2433 1696 2480 tribueretur,
1726 2432 1813 2469 licet
1831 2428 2068 2468 nullomodo
2097 2438 2228 2467 essent
2258 2425 2470 2479 Episcopi.

1401 2501 1468 2539 97.
1498 2487 1746 2525 Communior
1775 2495 1928 2532 tamen,
1966 2483 2000 2519 &
2030 2484 2085 2520 sin
2116 2484 2244 2520 minus
2274 2481 2472 2533 undequa-

1346 2555 1422 2593 que
1451 2551 1550 2580 certa
1569 2570 1579 2588 ,
1618 2540 1750 2579 saltem
1782 2539 1902 2576 multo
1931 2535 2169 2588 probabilior
2191 2566 2202 2584 ,
2249 2544 2299 2572 est
2328 2543 2476 2572 senten·

1347 2597 1399 2632 tia
1428 2595 1469 2633 S.
1501 2593 1691 2641 Thmnae,
1721 2594 1787 2645 qui
1821 2602 1860 2630 ut
1890 2592 2057 2629 vidimus
2085 2604 2200 2641 supra
2229 2588 2352 2626 n.88.
2382 2601 2472 2625 con-

1347 2648 1446 2686 cedit
1475 2647 1632 2700 quidem
1650 2677 1660 2696 ,
1691 2659 1886 2684 summum
1904 2643 2124 2682 Pontificem
2155 2656 2198 2680 ex
2230 2641 2473 2694 plenitudino

1348 2715 1428 2740 suae
1459 2703 1645 2753 potestatis
1675 2701 1914 2737 committere
1944 2711 2049 2749 posse
2069 2696 2293 2747 Presbytero
2322 2708 2396 2733 nou
2418 2693 2473 2732 E·

1349 2757 1505 2807 piscopo
1534 2769 1577 2792 ea
1595 2785 1606 2803 ,
1635 2767 1724 2806 quae
1754 2753 1801 2790 ad
1832 2751 2100 2802 Episcopalem
2129 2750 2357 2801 dignitatem
2386 2761 2473 2800 per-

1348 2811 1496 2855 tinent,
1527 2809 1589 2846 sed
1619 2816 1748 2860 postea
1776 2807 1902 2844 addit:
1949 2803 2164 2842 dummodo
2191 2803 2264 2841 illa
2290 2815 2372 2841 non
2400 2799 2472 2839 liti·

1349 2862 1467 2901 beant
1499 2860 1780 2899 immediatam
1817 2860 2055 2897 relationem
2085 2856 2141 2896 ad
2168 2869 2301 2894 verum
2331 2867 2472 2905 corpus

1353 2915 1521 2964 Christi,
1551 2914 1767 2966 cujusmodi
1798 2923 1880 2952 sunt
1910 2911 2075 2963 majores
2102 2911 2268 2949 Ordines
2295 2910 2470 2948 diacona-

1350 2979 1407 3008 tus
1425 3001 1435 3018 ,
1473 2984 1515 3008 ac
1547 2968 1829 3021 presbyteratus
1850 2993 1861 3005 .
1909 2966 2098 3018 Angelico
2125 2973 2301 3005 consonat
2328 2962 2369 2999 S.
2398 2961 2469 2998 Bo-

1351 3034 1579 3068 naventura3
1611 3023 1643 3058 8<
1675 3032 1878 3074 utrumque
1905 3020 2027 3058 secuti
2053 3028 2138 3058 sunt
2165 3029 2305 3069 magno
2331 3026 2469 3051 mnne·-

1348 3091 1392 3117 ιο
1420 3076 1642 3116 Scholastici
1665 3101 1676 3114 .
2334 3118 2341 3124 ·

1402 3132 1469 3184 98.
1496 3131 1718 3182 thuidem
1747 3128 1794 3167 ad
1823 3128 2035 3182 oppositam
2056 3127 2269 3178 opinionem
2290 3119 2470 3170 rejicien-

1347 3185 1436 3223 dam
1467 3185 1553 3223 satis
1583 3187 1658 3221 esse
1696 3183 1846 3221 videtur
1874 3182 2043 3233 ejusdem
2087 3178 2250 3215 novitas:
2295 3172 2467 3212 inaudita

1348 3239 1538 3292 siquidem
1570 3238 1640 3275 fuit
1671 3247 1757 3276 aute
1798 3235 1984 3275 saeculum
2007 3231 2141 3276 Xlll.,
2180 3229 2303 3266 immo
2330 3226 2463 3264 eodem

1347 3291 1492 3334 saeculo
1507 3307 1530 3333 a
1543 3291 1690 3334 duobus
1718 3291 1855 3332 sanctis
1874 3286 2055 3328 Ecclesia
2071 3281 2302 3322 Ductoribus
2316 3309 2330 3330 ,
2359 3277 2466 3316 Tho-

2343 3345 2411 3372 ma
