2605 3624
686 137 768 182 DE
802 134 1062 180 NUMERO
1096 133 1650 179 SACRAMENTORUM
1685 138 1752 180 N.·
1777 140 1828 182 L.

103 220 204 274 quod
251 231 394 260 errores
432 214 686 270 quorumdam
717 217 986 267 imperitorum
1023 215 1086 252 toti
1116 215 1216 266 genti

103 275 240 325 injuste
267 271 551 316 adscriberent5
589 267 648 308 vel
678 269 780 320 quod
811 284 832 306 a
861 269 1016 306 testibus
1047 269 1184 320 ignaris
1205 296 1216 314 ‚

103 326 137 363 ἃ
167 326 278 365 facile
303 322 468 364 credulis
513 324 728 361 iunocenter
763 322 911 372 decepti
942 322 1110 359 fuerint.
1151 320 1217 358 Sic

102 380 216 418 etiam
244 377 389 417 nullam
418 391 441 415 a
469 376 578 414 nobis
606 383 772 414 meretur
801 375 919 413 fidem
938 375 1054 414 Jobus
1076 372 1218 412 Ludol-

132 431 231 480 hus,
277 431 367 469 dum
397 430 612 468 testimonio
655 429 782 468 nescio
817 427 930 480 cujus
959 428 1135 480 Gregorii
1167 429 1218 465 A·

100 446 244 536 iiyssini
287 484 469 532 innixus,
512 483 731 530 contendit,
775 496 844 520 nec
881 482 1218 527 Confirmfinuis,

98 549 168 575 nec
197 536 391 576 Extremas
422 537 607 574 unctionis
623 536 871 575 Sacramenta
900 550 922 573 a
951 545 1059 587 gente
1080 534 1219 572 AEthio-

98 589 184 640 pica
213 591 391 642 agnosci.
421 589 604 636 'Putiora‚
634 589 772 640 majori
806 602 850 626 ue
878 588 954 626 fide
983 590 1122 639 digna,
1154 587 1218 624 lia-

96 641 234 681 bemus
262 645 476 682 testimonia
504 643 550 681 de
580 642 657 681 illis
686 603 839 694 poptilis
861 672 871 690 ,
900 644 967 694 qui
986 641 1218 680 Patriarchae

98 694 358 736 Alexandrino
398 696 582 736 Jacobitae
625 696 833 743 obediunt,
881 695 1038 747 ejusque
1082 693 1220 732 liaeresi

98 748 314 789 adhaerent.
343 750 430 788 Jam
460 762 550 789 vero
570 748 804 788 Patriarchas
836 747 1130 794 Alexandrinos,
1163 756 1220 786 ut·

97 810 139 838 nt
168 801 530 856 Monopliysitarum
570 801 761 840 erroribus
789 802 971 848 infectos,
1014 802 1053 838 in
1081 800 1217 838 Sacra-

97 864 312 894 mentorum
343 868 500 894 numero
528 870 550 893 a
578 856 708 894 ceteris
739 853 1001 893 Orientalibus
1040 866 1216 892 commu-

98 909 275 948 itionibus
302 922 377 949 non
419 909 662 961 discrepare,
703 919 818 960 supra
858 915 1047 945 ostensum
1097 916 1148 945 est
1177 922 1213 946 ιι.

97 961 192 1000 225.
222 963 313 1014 (a).
352 961 443 1000 vid.
473 962 548 1000 Leo
579 961 742 1000 Allatius
770 960 860 999 Lib.
883 961 950 998 lll.
981 959 1044 998 De
1073 959 1216 998 Eccle-

98 1016 171 1052 sioe
191 1015 488 1064 Occidentalis,
517 1016 567 1056 (θ’
585 1014 803 1054 Orientalis
830 1023 1020 1066 perpetua
1049 1027 1216 1053 consen-

97 1070 206 1105 sione
232 1081 267 1107 c.
295 1067 354 1107 ι6.

151 1120 242 1167 254.
272 1121 387 1161 Dices
415 1120 589 1160 secundo
606 1148 618 1161 .
647 1122 789 1160 Omnes
807 1150 818 1169 ,
847 1121 915 1173 qui
933 1119 1112 1160 hactenus
1132 1120 1215 1159 lau-

94 1173 172 1213 dati
200 1176 472 1224 suut-Graeci,
502 1190 639 1229 nempe
666 1175 852 1214 Jeremias
881 1174 1099 1213 Patriarclia
1119 1175 1215 1212 Con-

95 1227 335 1281 stantinopol.
348 1259 360 1278 ,
381 1228 526 1282 aliique
543 1237 624 1281 post
641 1230 766 1281 ipsum
784 1258 795 1276 ,
812 1237 918 1266 erant
936 1224 1191 1278 λατινᾶφρονςε
1203 1258 1214 1276 ,

95 1278 168 1319 hoc
195 1291 247 1320 est
275 1283 314 1320 in
343 1291 466 1334 partes
494 1282 719 1321 Latinorum
758 1280 963 1329 inclinati,
1005 1289 1069 1317 aut
1098 1294 1216 1333 pecu-

93 1334 170 1372 niis
198 1337 392 1387 corrupti,
422 1348 588 1388 quorum
619 1335 926 1388 propterea2fides
953 1343 1124 1386 suspecta
1139 1344 1213 1373 est.

94 1385 220 1426 Potius
238 1388 388 1441 cyrillo
418 1389 555 1428 Lucari
584 1389 810 1437 fidendum,
858 1389 926 1440 qui
956 1389 996 1426 in
1025 1402 1092 1425 sua
1120 1388 1213 1427 fidei

92 1440 328 1480 confessione
355 1450 427 1480 art.
462 1443 522 1482 15.
551 1443 780 1481 testabatur:
813 1440 1047 1479 Groecorum
1076 1454 1213 1494 perpe-

93 1499 207 1531 tuam
226 1524 236 1541 ‚
265 1495 583 1535 &constantem
612 1509 698 1534 esse
725 1495 955 1534 doctrinam
974 1525 984 1544 ,
1015 1494 1091 1533 duo
1120 1504 1213 1533 tan-

93 1552 179 1585 tum
198 1546 495 1598 Sacramenta,
526 1549 782 1602 Baptismurn
799 1579 810 1597 ,
838 1549 888 1590 ὠ·
909 1547 1214 1587 Euclzaristiam

92 1610 123 1636 a
150 1612 333 1649 supremo
361 1603 588 1656 legislatore
620 1602 772 1641 Christo
800 1606 962 1641 sancita
985 1629 996 1640 .

145 1653 237 1692 255.
268 1653 380 1706 Resp.
402 1686 414 1702 ,
457 1670 603 1694 meram
646 1655 746 1694 lianc
776 1670 854 1692 esse
896 1655 1211 1702 cavillationem,

89 1718 179 1756 quas
209 1706 316 1744 nullo
334 1709 482 1760 negotio
508 1709 713 1762 dissipatur
733 1734 744 1746 .
787 1707 886 1746 Nam
915 1711 1044 1757 primo
1073 1707 1212 1745 diffici-

91 1755 129 1793 le
165 1758 310 1797 creditu
339 1769 418 1807 est,
466 1770 515 1798 tot
558 1764 774 1812 primarum
816 1761 963 1798 sedium
994 1759 1178 1798 Praesules
1199 1790 1210 1808 ,

93 1807 352 1860 Patriarclias,
377 1811 639 1865 Metropolitas
661 1843 670 1861 ,
699 1813 871 1865 aliosque
887 1813 1096 1865 Episcopos
1118 1814 1211 1850 fuis-

89 1874 130 1899 se
156 1875 285 1902 omncs
316 1866 460 1904 Latinis
502 1866 674 1917 partibus
716 1867 908 1904 addictos.
952 1865 1136 1914 Deinde,
1173 1879 1212 1902 e-

89 1914 215 1952 tiamsi
246 1917 399 1955 fuissent
416 1946 426 1964 ‚
455 1931 532 1956 uon
552 1928 678 1955 tamen
697 1927 914 1970 propterera
943 1919 1147 1957 testimonii
1164 1917 1210 1956 il·

87 1964 213 2004 lorum
243 1968 337 2008 fides
365 1979 536 2017 nutaret,
566 1971 721 2022 quando
748 1979 944 2019 asserunt,
992 1970 1207 2009 Ecclesiam

88 2019 295 2070 Graecam,
330 2023 387 2061 sin
416 2023 542 2060 minus
573 2025 611 2061 in
641 2024 977 2062 Sacramentormn
1006 2023 1172 2077 liturgiis
1193 2054 1204 2073 ,

84 2072 219 2112 saltem
256 2076 296 2113 in
325 2088 456 2114 eorum
487 2089 647 2114 numero
675 2090 764 2115 cum
794 2077 933 2116 Latina
975 2080 1204 2116 convenire.

86 2123 245 2176 Tertio,
273 2130 304 2167 si
335 2129 474 2167 falsum
505 2129 782 2181 perhibuissent
813 2132 1100 2180 testimonium,
1129 2133 1204 2170 mi-

82 2179 210 2218 rabile
237 2190 336 2220 certe
365 2183 487 2230 foret,
528 2196 573 2221 ac
603 2197 700 2234 pene
729 2184 946 2237 prodigium
968 2215 979 2232 ,
997 2185 1102 2223 alios
1130 2199 1205 2223 non

81 2232 331 2274 reclamasse.
371 2237 482 2274 Certe
509 2238 662 2289 quando
689 2236 863 2290 Cyrillus
894 2238 1053 2276 Lucaris
1091 2253 1205 2278 ausus

83 2294 170 2334 est,
211 2290 325 2327 avitae
355 2290 582 2328 Graecorum
612 2290 702 2328 fidei
731 2290 994 2330 Calvinisticas
1023 2291 1201 2344 blasphe-

83 2340 180 2378 mias
206 2341 454 2391 substituere,
491 2355 621 2381 omnes
651 2344 750 2382 facto
778 2346 929 2396 agmine
957 2354 1084 2383 contra
1112 2360 1200 2384 eum

80 2391 393 2444 insurrexerunt,
421 2409 587 2448 eumque
615 2397 760 2446 semel,
802 2408 916 2452 atque
945 2400 1082 2436 iterum
1111 2413 1201 2439 con-

79 2444 335 2487 demnarunt.
372 2449 520 2498 Quidni
550 2452 664 2503 igitur
692 2451 840 2504 aliquid
868 2451 996 2491 simile
1025 2454 1202 2504 contigis-

81 2507 161 2550 set,
189 2501 221 2540 si
248 2501 432 2543 Jeremias
451 2532 463 2552 ,
500 2513 564 2544 aut
593 2504 661 2544 alii
690 2504 922 2544 Patriarchae
938 2535 950 2555 ,
980 2505 1013 2542 δι
1044 2505 1201 2559 Episco-

109 2662 179 2711 „(a)
208 2662 285 2697 Non
313 2664 498 2700 innitimur
524 2662 573 2700 illi
603 2667 705 2702 Fidei
730 2668 958 2713 AEthiopum‚
984 2681 1061 2715 ‹111ae
1088 2671 1199 2704 Lovo-

82 2713 132 2736 ιιι
156 2708 283 2751 prodiit
308 2723 397 2746 anno
419 2714 544 2755 1540„
582 2718 613 2747 δι
640 2723 756 2759 postea
799 2717 929 2750 inserta
963 2726 1016 2750 est,
1049 2715 1200 2750 secundo

79 2747 254 2805 ‘Volusiani
275 2756 451 2801 Hispani-e
469 2763 677 2802 illustratae:
706 2770 825 2806 utpote
852 2774 930 2807 quae
957 2763 1114 2796 absurdis
1131 2785 1140 2803 ‚
1168 2766 1199 2795 &

82 2805 221 2847 ¹¹¹‚ei’2'15
247 2809 316 2851 tota
350 2805 440 2838 ‘lena
464 2816 516 2840 est
533 2829 544 2848 ,
571 2810 602 2839 δε
623 2808 792 2841 tribuitur
810 2808 950 2842 cuidam
971 2810 1202 2854 Traga-Zaa-

82 2840 118 2874 b¹
136 2862 146 2880 2
179 2842 306 2879 homini
334 2851 456 2886 ‹oloso
480 2855 511 2885 &
539 2854 696 2896 insulso,
732 2866 836 2899 quem
864 2856 952 2889 [οι-ιε
979 2869 1045 2889 non
1081 2857 1196 2900 impte

82 2888 296 2939 appellatum
332 2894 434 2930 fnisse
462 2898 612 2933 Bestiam
638 2901 787 2944 Campi,
825 2902 931 2934 refert
969 2901 1168 2946 Ludolplins
1187 2924 1194 2932 .

82 2932 150 2986 Hjc
179 2944 301 2985 ‘autem
328 2939 548 2987 landolphus,
583 2957 785 2991 quanquam
822 2949 876 2981 vir
901 2947 1050 2988 doctus,
1092 2958 1195 2993 atque

80 2979 366 3058 AEtlivopicarum
389 2997 504 3021 rernm
530 2992 684 3034 peritus,
711 3003 811 3026 sectae
842 3004 956 3027 tamen
987 2995 1195 3027 {nither-mae

81 3034 205 3069 ΡΜἿἸ(
223 3039 298 3059 ¹0¹¹s
318 3040 580 3077 praeoccupatus
597 3058 606 3076 ‚
625 3049 742 3072 veram
764 3040 971 3084 lEthiopnm
991 3041 1195 3085 religionem

78 3078 139 3103 ant
167 3083 233 3104 non
263 3076 388 3115 novit,
425 3086 482 3110 aut
521 3092 656 3113 noscere
684 3085 817 3118 noluit.
855 3088 997 3120 Consul.
1026 3088 1197 3121 Eusebius

81 3115 323 3152 Renandonus
366 3121 398 3153 in
426 3122 527 3155 Tom.
551 3125 606 3156 tv.
636 3126 689 3159 De
713 3131 746 3162 Ia
776 3130 967 3175 Perpetua&
1004 3136 1046 3166 de
1075 3137 1108 3167 [ιι
1135 3134 1196 3177 joi

81 3166 156 3213 φο.
187 3165 262 3198 Lib.
281 3167 305 3199 Ι.
332 3178 406 3211 cap.
433 3181 466 3201 ιι
511 3172 541 3202 8(
561 3181 631 3213 seq.
658 3171 738 3205 edit.
763 3177 950 3211 Lansannae
974 3181 1075 3223 1782.
1106 3179 1196 3212 idem

83 3208 256 3251 :iudicium
285 3211 462 3247 lii-endum
489 3224 539 3248 est
565 3214 606 3247 de
632 3216 812 3252 Manu-ino
836 3223 1035 3261 Vevssierio
1059 3227 1090 3259 la
1111 3229 1198 3258 (Iro—

80 3264 119 3285 20
137 3276 148 3294 ,
170 3260 227 3303 qni
257 3258 289 3291 in
320 3272 379 3292 sna
408 3260 569 3294 Historia
596 3263 858 3297 Christianismi
885 3260 1035 3304 indui-nm
1055 3293 1065 3312 ‚
1101 3271 1194 3305 edita

86 3298 190 3344 Hagae
216 3305 392 3339 Comitum
422 3309 522 3350 ¹724·
551 3310 654 3348 ¹¹¹8„
694 3309 836 3342 inc-*rtis
872 3315 1075 3350 testimoniis
1102 3318 1195 3350 inni-

83 3359 149 3384 xus
176 3350 398 3387 Sacramenta
423 3354 705 3389 Confirmationis
724 3377 735 3396 ,
763 3360 794 3390 ἅς
820 3357 1191 3396 Extremae-unctionis

2298 147 2351 196 57

1286 216 1325 266 pi
1354 226 1509 251 suarum
1540 214 1801 253 Ecclesiarnm
1838 218 2049 258 doctrinam
2078 221 2235 260 subdole
2266 224 2407 261 ἰιιιιιιί-

1285 265 1449 305 tassent?
1491 267 1604 314 Quod
1635 281 1723 305 vero
1750 269 1796 305 de
1825 276 2059 322 corruptione
2103 277 2275 326 pecuniis
2306 278 2406 314 facta

1286 320 1407 372 aliqui
1450 330 1590 357 temere
1636 316 1902 371 suspicantur,
1945 333 1984 360 nt
2013 340 2152 366 vanum
2181 329 2366 382 effugium
2389 360 2400 375 ,

1285 374 1520 426 seupotius,
1550 382 1589 410 ut
1606 374 1850 411 mendacium
1882 377 2159 426 putidissimum
2179 412 2189 428 ,
2218 397 2261 420 ac
2292 392 2401 421 teter-

1286 429 1426 466 rimam
1455 425 1690 464 calumniam
1721 436 1966 466 contemnere
1993 429 2174 469 debemus
2204 435 2283 482 (b),

1343 479 1433 518 256.
1463 479 1580 517 Dices
1608 483 1722 517 tertio
1739 506 1749 518 .
1779 480 1821 518 Si
1842 481 2068 520 Graecorum
2091 487 2298 524 testimonio
2319 488 2403 527 haee

1286 535 1537 571 controversia
1567 532 1670 571 finiri
1699 534 1860 582 debeat,
1905 549 1977 573 non
2008 546 2149 587 septem
2180 547 2404 579 tantummo-

1287 585 1360 635 do,
1391 587 1454 624 sed
1486 585 1608 623 multo
1640 586 1752 638 plura
1781 588 2012 626 admittenda
2043 599 2152 628 erunt
2180 590 2403 632 sacramen<

1287 645 1324 676 ta
1343 666 1352 677 .
1381 640 1551 687 Quidam
1583 641 1687 677 enim
1718 653 1850 678 corum
1881 642 1978 679 inter
1997 643 2243 682 Sacramenta
2272 659 2404 684 wime-

1288 693 1424 730 rabant
1453 694 1566 730 etiam
1597 691 1866 731 Professionem
1897 696 2140 746 religiosam.
2181 697 2232 735 lta
2263 699 2300 735 in
2329 702 2406 750 pri·

1288 747 1361 784 mis
1391 747 1598 798 Dionysius
1635 746 1750 797 vulgo
1781 748 2005 800 Areopagita
2049 750 2086 787 in
2116 750 2204 788 Lib.
2237 750 2299 788 De
2327 750 2407 789 Ec-

1287 800 1380 837 cles.
1398 798 1643 837 Hieramhia
1660 825 1671 838 .
1702 801 1756 838 lta
1776 803 1889 839 etiam
1912 801 2123 841 Monachus
2151 804 2285 842 Jobius
2301 835 2310 852 ,
2341 819 2407 843 cu-

1287 852 1348 902 jus
1394 852 1541 891 librum
1585 862 1748 891 recenset
1778 853 1930 893 Pliotius
1975 859 2018 893 in
2046 855 2286 895 Bibliotheca
2312 860 2407 897 Cod.

1286 906 1506 954 CCXXIL,
1550 905 1584 942 &
1619 906 1840 945 Theodorus
1871 908 2042 956 Studita,
2087 910 2120 946 ἃ
2164 911 2334 948 nonnulli
2367 928 2406 950 a·

1284 958 1357 1006 lii3
1399 973 1564 1012 quorum
1593 959 1716 1012 aliqui
1753 961 1927 999 eamdem
1966 962 2178 1014 religiosam
2210 966 2407 1017 professio-

1283 1026 1373 1051 nem
1404 1015 1478 1064 ipsi
1507 1014 1700 1065 Baptismo
1727 1025 2018 1066 compararunt.
2049 1017 2196 1055 Horum
2226 1021 2406 1068 nomina,

1286 1066 1320 1102 8<
1350 1068 1564 1104 testimonia
1593 1065 1747 1104 exhibet
1768 1068 1845 1105 Leo
1866 1067 2028 1107 Allatius
2047 1083 2132 1122 sup.
2163 1070 2266 1109 laud.
2295 1086 2408 1111 num.

1287 1120 1378 1158 255.
1397 1150 1407 1168 ,
1437 1122 1505 1172 qui
1535 1121 1693 1157 Graecos
1724 1121 1861 1158 erroris
1892 1123 2084 1160 manifesti
2117 1124 2187 1162 liae
2216 1125 2262 1162 de
2291 1139 2406 1164 causa

1284 1172 1512 1212 insimulat.
1561 1172 1687 1210 Etiam
1717 1185 1848 1224 preces
1877 1187 1945 1224 pro
1972 1174 2160 1215 defunctis
2190 1177 2304 1215 fuisse
2333 1178 2406 1216 ali—

1283 1227 1437 1278 quando
1465 1225 1742 1264 Sacramenta.
1778 1226 1971 1279 appellata
1990 1258 2000 1276 ,
2043 1229 2225 1268 discimus
2253 1243 2298 1268 ex
2327 1231 2406 1269 Da-

1282 1293 1462 1319 mascene
1490 1279 1639 1318 Studita
1667 1279 1771 1331 apud
1802 1280 2015 1318 Arcudium
2032 1307 2042 1320 .

1338 1333 1431 1384 257·
1463 1333 1577 1384 Resp.
1605 1336 1762 1384 primo,
1793 1346 1865 1372 nou
1896 1332 1959 1372 hic
1987 1336 2136 1386 quaeri,
2165 1349 2214 1374 an
2234 1336 2310 1374 alia
2339 1337 2404 1376 ad-

1282 1385 1358 1425 huc
1386 1387 1636 1426 Sacramenta
1671 1386 1821 1425 admitti
1862 1387 2025 1426 debeant
2055 1399 2193 1441 praeter
2233 1399 2407 1443 septcin5

1280 1441 1327 1479 de
1357 1439 1428 1479 hoc
1456 1441 1561 1479 enim
1591 1454 1745 1494 agemus
1775 1450 1921 1492 postea.
1950 1441 2024 1480 Sed
2054 1445 2404 1494 impraesentiarum

1281 1495 1524 1532 confutamus
1554 1494 1822 1542 Protestantes,
1868 1496 1936 1546 qui
1979 1498 2130 1534 nonnisi
2174 1497 2249 1533 duo
2289 1511 2405 1548 agno-

1282 1557 1422 1596 scunt,
1453 1547 1601 1598 reliqua
1634 1556 1800 1594 temere,
1831 1546 1865 1583 8<
1896 1549 2145 1598 pervicaciter
2175 1550 2403 1600 repudiant.

1281 1601 1340 1638 Ad
1370 1613 1431 1637 eos
1459 1610 1584 1638 autem
1616 1599 1862 1637 revincendos
1889 1602 1975 1637 satis
2005 1610 2059 1639 est
2087 1602 2308 1651 ostendere,
2351 1604 2402 1642 ab

1281 1652 1489 1700 omnibus,
1535 1661 1719 1704 quotquot
1759 1651 1904 1703 ubique
1932 1662 2045 1702 sunt,
2092 1654 2318 1695 Christianis
2349 1672 2406 1695 se-

1279 1713 1383 1756 ptem
1415 1715 1538 1742 nostra
1566 1706 1815 1743 Sacramenta
1843 1705 2024 1744 admitti.
2054 1706 2264 1758 Secunzlo,
2296 1711 2402 1760 ideo,

1279 1759 1405 1809 inquit
1432 1758 1588 1795 Simeon
1620 1756 1968 1797 Thessalonicensis
2009 1773 2096 1813 cap.
2120 1764 2208 1809 52„
2251 1763 2300 1801 ab
2329 1763 2402 1802 ali-

1278 1812 1421 1861 quibus
1450 1811 1563 1848 fuisse
1592 1811 1863 1862 professionem
1884 1811 2100 1863 religiosam
2121 1815 2401 1856 inSacramen-

1279 1865 1324 1900 tis
1354 1872 1614 1911 numeratam,
1644 1865 1736 1916 quia
1765 1864 1990 1903 censebatur
2019 1875 2201 1919 tanquam
2231 1883 2318 1920 pars
2333 1870 2400 1909 Sa-

1277 1919 1463 1955 cramenti
1495 1916 1754 1964 Poenitentiae3
1784 1932 1872 1970 quae
1902 1921 2029 1958 vocari
2059 1922 2149 1959 solet
2172 1921 2402 1974 Baptismus

1277 1968 1497 2008 laboriosus
1512 1984 1526 2007 .·
1558 1971 1657 2009 unde
1687 1970 1721 2007 ἃ
1751 1981 1869 2009 vestes
1898 1971 2181 2014 Monachorum
2211 1977 2402 2028 appellari

1273 2033 1552 2063 consueverunt
1582 2033 1705 2062 vestes
1734 2024 2006 2064 Poenitentiae.
2044 2026 2178 2080 Aliqui
2207 2028 2398 2081 hyperbo-

1274 2075 1349 2114 lice
1378 2078 1495 2116 locuti
1523 2087 1636 2126 suut,
1667 2087 1707 2116 ut
1736 2078 1855 2117 vitam
1872 2079 2129 2119 Monasticam
2147 2112 2158 2129 ,
2187 2085 2310 2135 quoad
2333 2097 2397 2135 po-

1273 2139 1416 2180 terant,
1453 2130 1744 2180 collaudarent,
1792 2131 2009 2184 cujusmodi
2052 2134 2197 2174 similia
2227 2139 2399 2175 encomia

1274 2183 1389 2222 facile
1419 2194 1471 2223 est
1500 2187 1668 2238 reperire
1711 2187 1971 2237 etiam‚.apud
2001 2187 2183 2235 Latinos3
2234 2200 2271 2227 ut
2301 2190 2398 2228 illud

1271 2238 1424 2276 celebre
1451 2239 1596 2277 dictum
1627 2239 1858 2278 Theoderici
1887 2240 2167 2280 Cantuariensis
2195 2243 2234 2280 in
2252 2241 2395 2282 Poentt.

1269 2290 1320 2330 de
1356 2290 1525 2343 profess.
1555 2292 1762 2331 Monach:
1781 2307 1820 2331 n.
1843 2306 1908 2340 2.,
1954 2295 2225 2345 professionem
2256 2295 2391 2334 Mona-

1267 2346 1400 2383 sticam
1431 2360 1508 2383 esse
1535 2345 1753 2383 secundum
1784 2345 2020 2394 Baptisma,
2059 2347 2108 2386 (ἶ)
2136 2351 2275 2385 omnia
2303 2362 2394 2399 pec-

1269 2408 1367 2436 cata
1397 2403 1438 2435 in
1467 2399 1537 2436 illa.
1566 2398 1717 2445 deleri,
1756 2403 1854 2436 sicut
1884 2402 1925 2436 in
1954 2398 2186 2449 Baptistn05
2215 2415 2302 2453 quae
2325 2416 2393 2455 per

1270 2453 1597 2504 exaggerationem
1628 2451 1775 2503 prolata
1805 2466 1909 2501 esse,
1939 2465 2051 2490 nemo
2080 2466 2154 2491 uon
2186 2455 2362 2506 intelligit
2380 2482 2392 2494 .

1325 2507 1417 2546 238.
1447 2504 1578 2544 Preces
1607 2518 1677 2557 pro
1703 2505 1893 2545 defunctis
1913 2535 1925 2554 ‚
1960 2519 2049 2559 quae
2080 2505 2282 2547 soleminer
2312 2510 2394 2548 Deo

2282 2563 2340 2600 of-

1268 2666 1358 2713 apnd
1384 2668 1513 2703 multas
1539 2675 1657 2714 gentes
1682 2667 1878 2703 Orientales
1905 2680 1973 2703 non
1991 2667 2113 2702 haberi
2133 2667 2277 2704 fidenter
2303 2672 2390 2705 serl-

1292 2725 1336 2749 3η
1353 2739 1361 2747 .

1266 2727 1288 2760 P
1317 2763 1363 2800 (ὁ)
1398 2760 1570 2795 Audiatur
1611 2761 1767 2795 breviter
1795 2763 1895 2807 Hugo
1919 2763 2064 2796 Grotius
2100 2775 2142 2797 ex
2169 2764 2389 2798 calvinianis

1268 2807 1628 2848 Remonstrantibns,
1654 2809 1713 2852 qni
1744 2809 1776 2841 in
1806 2810 2035 2842 lji'aecussione
2062 2809 2235 2843 Rioeeiani
2263 2812 2389 2853 Apolo-

1267 2860 1376 2897 getici
1405 2855 1448 2888 Τ.
1472 2855 1530 2887 lV.
1558 2857 1711 2899 Operum
1737 2868 1813 2900 pag.
1840 2857 1921 2904 (ῥδι.
1950 2856 2121 2888 Sumenda
2146 2865 2226 2896 est,
2252 2857 2390 2901 inquit,

1264 2901 1430 2935 Ecclesia
1455 2905 1586 2943 gra-21,
1612 2914 1675 2933 non
1701 2904 1829 2944 qualem
1856 2915 1898 2935 ex
1927 2915 1984 2934 sno
2011 2907 2125 2945 capite
2142 2903 2307 2946 Cyrillus
2327 2916 2387 2935 nu·-

1263 2960 1323 2991 per
1349 2944 1506 2981 inductus
1531 2951 1642 2990 pretio
1667 2948 1884 2991 confinxerat
1905 2970 1915 2988 ,
1943 2950 2006 2981 sed
2025 2951 2138 2993 ‹lualis
2164 2958 2217 2982 est
2245 2963 2385 2987 reuera,-

1265 2997 1393 3039 ‹Jnalem
1420 2995 1516 3027 nobis
1534 2995 1697 3027 erlahent
1724 3000 1855 3038 scripta
1881 2995 2034 3027 Jeremlae
2050 3016 2061 3035 ‚
2094 3001 2134 3028 ω’
2159 2997 2301 3030 decreta
2326 3009 2388 3028 nu-

1263 3053 1324 3084 per
1341 3041 1445 3085 sacta
1465 3063 1476 3082 ,
1514 3040 1718 3074 patriarcha
1746 3041 1929 3075 liutherum
1955 3046 2050 3074 caetui
2077 3045 2282 3086 praesademe
2310 3049 2383 3076 &c-

1265 3089 1431 3121 Ceterum
1460 3089 1494 3120 in
1522 3087 1678 3120 Ecclesia
1705 3090 1828 3122 Graeca
1856 3090 1986 3128 fuisse,
2023 3091 2054 3120 &
2084 3101 2156 3121 esse
2183 3089 2299 3122 omnia
2325 3091 2388 3121 Sa-

1266 3143 1445 3167 cramenta
1472 3142 1587 3166 nostr-1
1616 3143 1780 3178 recepta,
1805 3136 1908 3168 multi
1936 3135 1994 3168 alii
2019 3134 2226 3168 Heterodoxi
2255 3137 2305 3168 vel
2335 3136 2386 3166 in·-

1264 3181 1326 3213 viti
1369 3181 1468 3212 fateri
1495 3179 1690 3213 debuerant
1712 3203 1722 3220 ‚
1758 3189 1795 3214 nt
1821 3183 1930 3214 Mart.
1957 3182 2102 3214 Crusius
2141 3184 2174 3213 in
2212 3181 2312 3225 epist.
2341 3178 2381 3212 ad

1265 3226 1470 3269 Cliytraum
1492 3248 1502 3266 ‚
1542 3229 1572 3259 8<
1599 3228 1693 3260 Elias
1722 3228 1876 3272 Vejelins
1907 3226 1959 3260 De
1994 3227 2159 3261 hodierna
2196 3237 2381 3271 grac-amca·

1265 3273 1454 3313 Ecclesia,
1491 3275 1549 3317 qui
1582 3283 1695 3307 tamt-n
1733 3287 1772 3306 u:
1800 3276 1909 3307 victas
1935 3286 2059 3307 manns
2086 3272 2167 3306 dznt
2189 3295 2198 3312 ‚
2238 3272 2378 3319 &linter

1261 3321 1402 3352 Gra-cos
1439 3329 1601 3354 accusant
1617 3341 1628 3361 ,
1663 3318 1756 3365 qnod
1781 3322 1824 3355 ab
1849 3321 1942 3355 avita
1966 3320 2145 3366 majorum
2170 3327 2309 3352 snorum
2337 3319 2378 3346 n-

1258 3364 1300 3400 de
1324 3365 1568 3400 discesserint.
