2605 3624
234 115 319 143 210

172 193 238 216 7770
270 180 404 214 frustra
426 175 588 212 citantur
617 171 796 226 quaedam
812 169 906 209 Mss.
939 170 1122 208 Anastasii
1142 170 1285 208 Biblio-

175 231 329 269 itu-carii
349 259 359 277 ,
388 243 475 280 quae
508 226 650 265 nullius
680 225 856 277 ponderis
885 239 961 262 esse
991 233 1168 276 possunt,
1196 239 1285 262 cum

172 285 373 323 manifeste
403 289 638 334 repugnent,
685 292 760 316 non
790 277 910 316 solum
941 278 1119 316 omuibus
1155 278 1287 315 editio-

173 338 314 384 nibus,
362 335 423 373 sed
453 334 633 372 omnibus
664 334 776 370 etiam
806 331 1023 378 veteribus,
1072 331 1105 367 ἃ
1133 332 1288 382 optimae

174 400 273 427 nota}
301 388 523 434 codicibus,
554 389 593 424 in
623 386 765 438 quibus
794 398 862 422 nec
893 384 977 422 vola
1007 393 1084 432 est,
1128 398 1197 421 nec
1227 398 1289 421 ve-

172 445 327 494 stigium
358 441 473 492 liujus
490 439 673 478 fulmlosae
697 439 857 490 Papissae
877 468 886 485 ‚
918 439 950 474 S<
980 437 1098 474 Leoni
1130 436 1196 474 lv.
1225 437 1289 473 de-

173 498 306 534 functo
347 508 447 533 anno
476 495 569 532 555.
598 493 816 531 immediate
847 491 1033 529 sufficitur
1073 489 1290 526 Benedictus

174 550 242 587 lll-
273 549 370 595 Quae
400 549 620 586 immediata
650 548 833 583 successio
854 544 1010 590 inultis,
1041 542 1291 592 gravissimis-

173 617 249 655 que
278 603 362 640 aliis
394 601 549 639 testibus
578 599 853 644 confirmatur,
887 606 921 633 ut
948 597 1044 646 Lupi
1069 595 1167 631 Abb.
1201 593 1291 629 Fer-

173 657 351 695 rariensis
393 655 514 706 Epist.
542 654 629 692 105,
672 653 717 688 ad
762 652 886 701 ipsum
918 648 1159 685 Benedictum
1193 646 1257 682 lll.
1281 675 1290 691 ,

175 709 314 747 Adonis
345 708 570 746 Viennensis
602 708 638 742 iu
674 703 892 746 Chronico,
932 699 1142 737 Annalium
1174 699 1291 735 Beru-

174 764 374 803 nianoruni
395 792 404 809 ,
445 759 640 809 lieginonis
674 755 771 792 ΑΜ).
803 753 1060 800 Prniniensis,
1092 751 1292 789 Hincmari

177 815 390 853 Rememsis
423 812 655 861 Archiepisc.
686 807 756 844 ἃς.
787 806 884 853 &c.,
934 815 972 843 ut
1001 804 1154 843 nullum
1187 818 1292 855 pror—

175 884 238 906 sus
268 868 504 917 relinquatur
533 860 780 900 intervallum
811 861 992 911 temporis
1021 871 1090 910 pro
1119 857 1294 896 fabulosa

175 920 325 972 Pdpissa
357 919 418 967 (iz)
437 943 447 954 .

234 974 320 1024 139.
352 970 508 1010 Accedit
549 969 692 1007 invicta
722 966 790 1005 illa
836 966 1129 1012 demonstratio,
1177 978 1294 1016 quam

173 1039 247 1064 non
279 1028 328 1063 ita
358 1024 506 1076 pridem
525 1052 534 1070 ,
565 1021 709 1060 scilicet
738 1032 838 1058 anno
873 1019 1014 1070 1749„
1055 1018 1185 1055 Romae
1215 1019 1295 1055 edi-

175 1081 230 1117 ‹lit
260 1080 319 1118 vir
348 1077 653 1122 eruditissimus,
699 1087 816 1126 quem
848 1086 951 1110 sacra
983 1085 1154 1123 purpura
1184 1084 1294 1108 orna-

173 1143 256 1170 tum
289 1145 422 1183 magno
466 1128 633 1181 reipubl.
677 1126 874 1164 litterariae
905 1127 1045 1163 damno
1081 1125 1164 1162 dira
1195 1137 1295 1161 mors

177 1188 346 1238 eripuit,
374 1183 560 1235 Josepbus
580 1183 814 1232 Garampius
845 1181 883 1217 in
906 1179 1063 1216 Dissert.
1095 1177 1158 1215 De
1179 1191 1295 1213 num—

172 1252 241 1277 mo
269 1246 490 1288 argenteo,
522 1240 561 1274 in
591 1248 669 1287 qua,
699 1235 812 1285 plura
833 1232 887 1270 <ch
907 1231 1147 1284 Pontificum
1177 1230 1295 1268 histo-

173 1296 279 1330 riam
309 1285 594 1329 illustrandam
613 1319 623 1336 ,
652 1287 887 1328 &Joonnoe
904 1285 1081 1335 I'npissoe
1098 1283 1294 1336 sabulum

173 1344 438 1389 refellenslznz
468 1343 748 1394 proferuntur.
792 1342 832 1377 ln
865 1355 907 1377 ea
934 1341 1036 1376 enim
1067 1352 1206 1376 novum
1239 1351 1295 1375 ro-

172 1391 248 1438 bur
277 1399 451 1436 additum
481 1406 532 1433 est
553 1394 819 1444 chronologico
848 1400 1097 1444 argumento,
1128 1403 1204 1442 quo
1233 1391 1297 1427 de·-

173 1460 429 1497 monstratur,
478 1449 596 1487 Leoni
627 1447 694 1484 lV.
726 1446 948 1484 Immediate
977 1445 1198 1482 successisse
1228 1444 1297 1481 Be-

174 1505 368 1542 nedictum
399 1504 464 1541 ΙΙΙ.
487 1532 497 1551 ,
541 1510 580 1540 ut
608 1499 738 1539 nullus
765 1500 926 1537 sceuicae
956 1498 1015 1536 illi
1045 1497 1210 1549 Papissae
1241 1496 1296 1534 lo-

173 1571 240 1596 cus
269 1558 382 1596 suerit
399 1583 409 1595 .
728 1569 731 1571 ’

237 1611 323 1657 1411.
357 1609 488 1648 Tertio
529 1608 606 1646 duo
653 1606 804 1658 allegati
843 1605 1050 1651 Historici‚
1098 1603 1298 1642 Marianus

173 1663 334 1713 Scottis,
364 1664 396 1700 8<
427 1663 543 1701 Mart.
574 1661 759 1709 Poionus,
803 1660 921 1697 fidem
951 1657 1115 1697 aliorum
1145 1659 1296 1695 testium

172 1719 408 1757 ‚labefactare
437 1730 510 1754 non
541 1723 718 1768 possunt,
760 1714 852 1765 quia
881 1712 995 1750 ambo
1026 1711 1145 1749 multo
1174 1720 1296 1762 poste-

177 1774 296 1811 riores
325 1780 434 1816 sunt3
465 1771 613 1822 primus
633 1770 737 1806 enirn
766 1768 877 1804 anuis
913 1766 1000 1817 175.
1032 1774 1111 1816 post
1141 1765 1299 1802 Benedi-

174 1834 279 1864 ctum
311 1826 375 1863 lll.
405 1834 514 1862 natus
543 1831 620 1868 est3
668 1821 763 1859 alter
805 1833 894 1858 veto
923 1818 1044 1857 multo
1081 1819 1264 1870 posterius
1286 1843 1297 1855 .

177 1879 383 1917 Praeterea
414 1878 607 1928 utriusque
628 1875 776 1914 codices
805 1874 920 1912 fuisse
936 1872 1151 1910 adulterina
1181 1884 1299 1910 manu

179 1933 357 1979 vitiatos,
386 1944 459 1968 non
491 1931 616 1968 inanis
645 1928 812 1980 suspicio
840 1936 920 1974 est,
965 1939 1056 1963 cum
1087 1925 1211 1978 aliqui
1240 1938 1299 1962 re-

177 1986 375 2038 periantur
405 1992 478 2020 tota
507 1982 577 2019 bac
607 1981 740 2018 fabula
768 1988 962 2018 carentes.
992 1978 1169 2016 Demum
1200 1979 1237 2016 in
1255 1991 1298 2015 u-

178 2048 316 2089 troque
346 2036 539 2087 Scriptore
569 2047 636 2071 nec
665 2046 816 2084 pauca,
860 2046 930 2069 nec
960 2032 1060 2068 levia
1088 2040 1210 2069 errata
1238 2031 1302 2068 de-

181 2089 498 2144 preliendunti‘ir,
546 2087 744 2139 praecipue
786 2098 876 2122 vero
925 2085 966 2122 in
997 2084 1165 2121 Martino
1195 2083 1303 2121 Polo·

179 2146 272 2189 ni03
302 2156 417 2194 quern
446 2144 476 2178 si
506 2141 735 2186 audiamus,
765 2140 881 2176 etiam
913 2137 1066 2175 credere
1093 2137 1303 2188 oportebit,

179 2198 364 2236 Joannam
385 2225 395 2243 ,
425 2193 549 2231 adbuc
579 2191 776 2244 puellam,
807 2190 972 2228 Athenas
1002 2191 1272 2240 commigrasse
1292 2219 1304 2237 ,

179 2259 221 2289 ut
249 2250 306 2288 ibi
348 2250 387 2286 in
417 2249 521 2285 omni
550 2246 794 2284 scientiarum
837 2256 974 2294 genere
1016 2243 1303 2288 institueretur5

180 2317 271 2343 cum
300 2312 426 2341 tamen
455 2301 618 2339 sciamus
648 2313 692 2336 ea
720 2305 829 2335 aetate
851 2297 1013 2335 Athenas
1044 2296 1158 2333 fuisse
1178 2296 1305 2333 omni-

182 2372 231 2396 no
259 2357 417 2395 desertas
435 2385 445 2402 ,
484 2363 525 2392 ut
552 2354 618 2392 vix
647 2359 855 2404 superesset
884 2351 1130 2401 antiquarum
1159 2348 1305 2387 schola-

182 2422 271 2450 rum
303 2409 514 2447 memoria.
569 2406 770 2458 Oportebit
800 2404 959 2442 ulterius
987 2402 1169 2450 credere,
1207 2402 1304 2441 banc

183 2465 388 2504 foeminatn
420 2461 551 2499 Romae:
600 2459 756 2512 publice
803 2459 1001 2504 docuisse,
1049 2470 1094 2493 ac
1133 2456 1305 2494 celebres

182 2518 386 2563 Magistros
415 2516 453 2551 in
483 2515 559 2552 suis
576 2513 822 2551 Auditoribus
851 2511 1112 2556 nisimerasse,
1143 2518 1305 2547 tantam-

185 2559 471 2624 t1iie⁹4ioctriiiae
501 2569 646 2605 frimam
677 2566 749 2604 sibi
779 2566 992 2616 acquivisse
1011 2593 1021 2610 ,
1067 2571 1105 2600 ut
1134 2564 1172 2600 in
1205 2563 1304 2601 Petri

186 2625 404 2662 eanredrain
428 2630 556 2674 postea
585 2620 696 2659 evehi
718 2620 925 2657 meruerit.
956 2616 1132 2653 Demum
1163 2630 1207 2654 ex
1238 2631 1304 2655 ne-

186 2678 302 2717 fando
329 2690 418 2713 cum
448 2688 515 2713 suo
556 2673 742 2711 familiari
769 2671 975 2709 concubitu
1010 2670 1140 2707 filium
1170 2683 1303 2708 conce-

188 2733 312 2781 pisse,
341 2730 375 2766 &
403 2743 492 2766 cum
522 2729 570 2765 ad
590 2728 820 2766 Lateranum
850 2732 1047 2776 pergeret,
1078 2725 1116 2760 in
1146 2722 1304 2774 publica

188 2784 252 2823 via
286 2785 388 2821 inter
415 2781 629 2821 Ecclesiam
659 2780 700 2819 S.
724 2779 938 2817 Clementis
957 2808 969 2827 ,
1014 2776 1051 2813 δε
1096 2775 1303 2815 Colisaeum

242 2961 288 2996 (a)
317 2955 416 2991 Nihil
442 2956 569 2998 legitur
593 2955 634 2989 de
659 2957 793 2990 Joanna
818 2954 961 2999 papissa
988 2954 1023 2986 in
1052 2951 1186 2985 duobus
1211 2959 1312 2984 vetu-

194 3004 359 3038 stissimis
384 3000 560 3034 codicibus
576 3023 586 3040 ,
611 3004 739 3045 quibus
765 3003 982 3035 Muratorius
1009 3011 1091 3032 usus
1117 3005 1168 3030 est
1195 2998 1228 3029 in
1249 3010 1311 3032 sua

194 3050 344 3084 editione
369 3048 543 3082 Anastasii
561 3070 569 3078 .
596 3048 693 3080 Nihil
719 3050 754 3080 in
783 3048 930 3080 Lunensi
948 3069 958 3087 ‚
983 3049 1014 3078 δε
1041 3046 1076 3078 in
1095 3045 1310 3085 Veronensi,

195 3097 257 3142 qni
283 3095 351 3127 duo
391 3093 525 3128 codices
550 3095 655 3125 coaevi
692 3095 754 3137 ipsi
785 3094 967 3127 Anastasio
1004 3098 1236 3136 reputantur.
1284 3092 1311 3123 li

197 3154 282 3174 vero
306 3140 503 3182 rarissimi,
528 3140 587 3183 qui
613 3151 689 3171 eam
715 3140 869 3173 fabulam
894 3139 1074 3171 continent
1095 3158 1106 3177 ‚
1129 3136 1252 3169 multis
1276 3149 1312 3170 a-

197 3189 255 3222 liis
281 3195 414 3222 scatent
442 3187 646 3226 erroribus,
672 3193 709 3218 ut
728 3185 901 3218 contemni
928 3196 1068 3228 prorsus
1093 3192 1312 3216 mereantur.

245 3236 293 3274 (b)
325 3234 375 3265 De
403 3233 527 3266 fictitio
564 3231 630 3265 boc
654 3239 759 3276 partu
783 3229 950 3262 videndus
977 3231 1068 3262 inter
1093 3230 1177 3262 alios
1201 3229 1312 3262 Flori-

199 3278 350 3314 mondus
378 3278 580 3313 Remundus
599 3300 610 3320 ,
635 3289 739 3322 quem
766 3275 869 3310 Card.
898 3276 1066 3308 lJaronius
1091 3274 1134 3307 ad
1160 3286 1214 3306 an.
1232 3277 1314 3310 853.

198 3325 284 3361 dicit
300 3347 311 3368 ‚
336 3326 385 3361 sie
410 3334 589 3362 monstrum
614 3326 704 3360 illud
727 3328 739 3365 <
761 3325 904 3359 Joannae
930 3321 1078 3366 Papissae
1104 3326 1116 3363 )
1142 3321 1314 3367 confecis-

1019 91 1284 135 DISSERT.
1309 93 1429 136 VIII.
1463 91 1591 136 CAP.
1615 91 1671 135 V.

1354 171 1499 223 prolem
1522 172 1737 223 peperisse,
1767 169 1801 205 8:
1832 177 1920 208 tunc
1944 169 2065 208 solum
2096 170 2211 210 fuisse
2241 170 2471 209 foemineum

1355 225 1437 276 ejus
1466 238 1596 262 sexum
1617 224 1833 271 detectum,
1862 226 1956 275 quin
1985 235 2095 262 antea
2111 236 2224 262 nemo
2253 224 2312 262 vel
2344 238 2387 261 ex
2417 224 2473 261 lo-

1354 278 1496 330 quela,
1526 276 1587 313 vel
1617 288 1661 312 ex
1693 274 1827 323 vultu,
1858 277 1915 314 vel
1945 290 1989 314 ex
2019 277 2106 316 alvo
2136 280 2405 315 intumescente
2433 292 2474 315 zt-

1357 331 1481 381 liquid
1510 330 1555 366 de
1584 338 1660 365 tam
1691 327 1851 365 solemni
1881 330 2076 369 mendacio
2096 333 2306 383 suspicatus
2335 331 2474 374 fuerit3

1357 397 1446 434 quae
1478 383 1608 418 onmia
1637 393 1712 418 nec
1740 383 1848 428 pueri
1877 381 2065 432 credent,
2100 389 2177 423 nisi
2205 388 2269 437 qut⁴
2297 382 2481 422 nondum

1357 447 1440 472 cere
1468 435 1654 471 lat-untur
1683 432 1740 482 (b)
1759 459 1769 470 .
1914 449 1917 450 ⁷

1418 487 1505 531 141.
1536 486 1721 537 Sigeberti
1738 484 1926 524 Chronico
1940 485 2039 523 banc
2055 487 2101 524 de
2121 489 2264 529 Joanna
2291 491 2477 529 laciniam

1358 549 1520 578 assutam
1551 540 1665 576 fuisse
1685 567 1696 586 ,
1739 553 1827 591 quae
1856 553 1947 577 cum
1974 541 2284 582 antecedentibus
2312 546 2476 582 minime

1358 592 1521 631 cohaeret
1539 621 1549 639 ,
1579 601 1696 629 certos
1726 605 1789 629 nos
1811 593 1899 630 facit
1921 594 2046 644 ipsum
2065 593 2251 644 Sigeberti
2280 598 2477 648 1111111ος14-

1360 645 1480 698 plnum
1500 675 1510 692 ,
1557 645 1658 696 quod
1690 647 1727 683 in
1755 645 2019 683 Cemblaceusi
2049 645 2282 685 Mon-asterio
2311 663 2478 688 asserva.-

1360 708 1442 736 tum
1464 699 1625 736 Miraeus
1656 697 1771 749 legit,
1802 698 1835 733 8<
1866 699 2013 749 publici
2042 698 2139 750 juris
2168 701 2285 748 fecit,
2315 704 2408 752 quin
2437 717 2478 740 a·

1361 752 1486 804 liquid
1515 752 1561 788 de
1592 751 1662 788 hac
1684 751 1826 789 fabella
1856 753 1911 789 ibi
1933 753 2145 791 inveniatur
2163 779 2173 790 .
2203 754 2327 790 Ceteri
2356 763 2480 804 poste-

1359 807 1478 843 riores
1508 819 1546 842 re
1578 806 1735 843 minime
1764 807 1979 843 examinata
2001 835 2012 854 ‚
2057 804 2225 844 alioruin
2261 807 2485 844 auctoritate

1364 859 1583 898 innocenter
1611 859 1758 909 decepti
1789 867 1899 904 sunt3
1946 873 2184 911 quamquam
2223 858 2332 897 multi
2363 859 2483 897 fidem

1362 925 1439 949 non
1470 911 1670 950 indubiam
1720 910 1939 962 hujusmodi
1978 913 2186 950 narrationi
2233 926 2271 949 se
2300 911 2485 950 adhibere

1364 964 1629 1003 declararunt.
1661 965 1737 1002 Hos
1767 967 1860 1002 inter
1889 966 2064 1003 audi-atur
2092 966 2132 1004 S.
2150 965 2384 1014 Antoninus,
2414 968 2483 1017 qui

1364 1027 1563 1070 postquam
1586 1017 1655 1055 hac
1676 1017 1801 1069 plirasi
1827 1033 1913 1056 usus
1929 1027 1982 1056 est
1998 1048 2008 1065 ,
2040 1018 2081 1056 St
2098 1032 2230 1058 verum
2241 1017 2351 1070 fuit,
2381 1018 2485 1070 quod

1364 1072 1473 1123 fulgo
1503 1070 1671 1118 (licitur,
1701 1071 1848 1109 subdit:
1882 1071 2111 1110 Vincentius
2140 1085 2283 1110 tamen
2315 1077 2327 1121 (
2360 1072 2485 1110 Bello-

1364 1126 1532 1164 vaceusis
1563 1125 1611 1173 )‚
1649 1125 1697 1164 ὅ)
1727 1124 1786 1163 J0.
1816 1124 1864 1163 de
1896 1125 2093 1163 Columna
2121 1126 2218 1164 nibet
2247 1125 2295 1164 (Ze
2325 1124 2394 1163 lioc
2424 1138 2486 1164 re-

1350 1177 1499 1228 jerunt
1516 1205 1526 1215 .

1424 1232 1509 1277 ¹42·
1539 1231 1598 1269 Ex
1639 1230 1788 1269 duabus
1817 1233 1970 1279 statuis,
2019 1232 2190 1270 Romana
2209 1263 2219 1281 ,
2268 1232 2301 1268 ἃ
2331 1231 2489 1271 Senensi

1363 1284 1458 1322 nihil
1491 1298 1639 1336 prorsus
1667 1285 1750 1322 erui
1780 1294 1897 1336 potest
1926 1286 1972 1323 ad
2002 1285 2306 1323 confirmandam
2345 1285 2487 1322 anilem

1364 1338 1546 1376 fabellam
1577 1347 1652 1375 tam
1685 1337 1785 1375 male
1815 1352 2043 1389 procusam.
2077 1338 2244 1377 Romana
2275 1340 2378 1375 euim
2408 1351 2484 1375 uon

1365 1392 1660 1444 repraesentabat
1690 1391 1920 1429 muliebrem
1953 1393 2119 1440 faciem,
2157 1406 2200 1429 ac
2233 1406 2396 1443 puerum
2427 1405 2487 1428 re-

1364 1459 1453 1482 cens
1483 1453 1610 1482 natum
1629 1475 1638 1493 ,
1676 1447 1811 1497 pannis
1842 1445 2053 1483 involutum
2073 1476 2082 1493 ,
2131 1446 2191 1485 vel
2222 1446 2269 1483 ab
2302 1444 2488 1482 uberibus

1365 1498 1589 1550 pendentem
1609 1528 1618 1545 ,
1651 1508 1687 1534 ut
1705 1511 1850 1535 necesse
1866 1499 2065 1537 videbatur
2082 1529 2092 1546 ,
2122 1499 2185 1536 sed
2206 1500 2329 1550 potius
2350 1496 2489 1535 Etlini-

1363 1566 1455 1589 cum
1484 1551 1722 1589 Sacerdotem
1754 1565 1828 1589 uua
1858 1565 1947 1589 cum
1979 1565 2097 1604 puero
2126 1553 2173 1589 cul
2202 1566 2309 1589 aram
2331 1565 2489 1602 pergen-

1367 1613 1466 1649 tem3
1497 1605 1569 1642 fuit
1589 1613 1714 1641 autem
1743 1619 1764 1641 a
1785 1604 1897 1656 Siyto
1926 1605 1977 1642 V.
2007 1605 2183 1652 sublata,
2213 1607 2305 1656 quia
2325 1617 2489 1650 novum,

1365 1657 1398 1694 8<
1420 1658 1591 1695 latiorem
1611 1687 1621 1703 ,
1651 1670 1768 1709 quam
1790 1659 1902 1694 sterni
1922 1666 2123 1695 curaverat
2142 1688 2151 1704 ,
2182 1659 2285 1695 viam
2304 1658 2491 1708 impedie-

1365 1711 1427 1748 bat
1446 1737 1456 1748 .
1489 1711 1545 1748 De
1575 1710 1650 1748 alia
1679 1711 1835 1748 Senensi
1867 1710 1966 1748 nihil
1988 1711 2122 1748 mirari
2152 1710 2281 1757 subit,
2312 1723 2400 1746 cum
2421 1710 2490 1747 ob-

1365 1765 1483 1802 scuris
1513 1763 1590 1802 illis
1621 1763 1855 1813 temporibus
1884 1763 1998 1802 facile
2035 1763 2174 1801 artifici
2196 1793 2207 1811 ,
2255 1763 2416 1814 aliisque
2445 1763 2490 1801 de

1368 1820 1523 1856 veritate
1554 1816 1669 1868 hujus
1700 1817 1866 1855 historice
1896 1817 2115 1867 persuaderi
2148 1817 2337 1868 potuerit.

1427 1872 1514 1917 145.
1545 1871 1658 1918 Quod
1687 1884 1777 1909 vero
1818 1871 1970 1908 additur
1997 1871 2045 1908 de
2087 1871 2172 1909 sede
2213 1872 2456 1908 stercoraria
2478 1899 2491 1918 ‚

1368 1939 1433 1963 seu
1461 1925 1652 1977 perforata
1695 1924 1742 1962 ad
1771 1937 1902 1962 sexum
1933 1923 2127 1962 Pontificis
2173 1922 2452 1976 explorandum
2477 1953 2489 1970 ,

1369 1979 1634 2016 commentitia
1681 1977 1816 2015 fabula
1844 1987 1896 2014 est
1925 1977 2034 2015 alteri
2082 1977 2225 2015 fabulae
2256 1977 2409 2023 addita3
2456 1976 2492 2012 8(

1370 2033 1424 2069 sic
1456 2040 1493 2068 ut
1521 2031 1573 2068 ait
1602 2030 1827 2069 Prudentius
1856 2032 1894 2069 in
1925 2030 2178 2082 Symmacho

1469 2161 1480 2173 .
1511 2161 1522 2173 .
1553 2161 1563 2174 .
1595 2134 1746 2172 Ezbula
1775 2139 1916 2173 crescit

1425 2188 1498 2226 Ex
1515 2192 1644 2226 atavis
1660 2188 1862 2238 quondam
1878 2189 1986 2227 male
1999 2198 2130 2239 coepta
2146 2219 2157 2237 ,
2187 2188 2329 2227 deinde
2349 2191 2492 2226 secutis

1429 2241 1599 2279 Tradita
1627 2241 1887 2292 temporibus,
1917 2246 2091 2294 serisque
2120 2241 2320 2295 nepotibus
2347 2251 2494 2281 aucta.

1373 2349 1422 2387 Et
1450 2348 1496 2386 de
1525 2347 1597 2387 hac
1614 2347 1747 2386 fabula
1762 2349 1849 2387 satis
1865 2379 1876 2398 ,
1905 2364 2023 2403 quam
2040 2349 2151 2389 modo
2173 2348 2375 2388 defendere
2395 2349 2498 2400 ipsos

1370 2401 1615 2440 Protestantes
1645 2402 1761 2454 pudet
1791 2403 1848 2453 (c)
1867 2428 1878 2440 .

1425 2456 1575 2504 Quaerit
1603 2464 1729 2507 postea
1758 2455 1797 2494 S.
1831 2455 2000 2494 Thomas
2028 2455 2135 2494 laud.
2169 2465 2304 2508 quaest.
2327 2455 2392 2506 59.
2422 2462 2494 2492 art.

1374 2522 1411 2547 2.
1430 2540 1440 2557 ,
1471 2518 1603 2546 utrum
1632 2511 1767 2559 pueri,
1796 2508 1846 2548 (θ’
1875 2518 2061 2547 carentes
2088 2522 2160 2547 usu
2187 2512 2356 2547 rationis
2378 2507 2495 2546 Ordi-

1372 2576 1444 2602 nes
1471 2566 1622 2613 possint
1649 2565 1845 2610 suscipere
1861 2560 1886 2597 Ρ

1431 2617 1522 2662 144.
1552 2615 1764 2666 Respondet
1785 2623 1908 2652 autem
1938 2614 1998 2653 his
2013 2615 2164 2653 verbis:
2195 2644 2222 2663 „
2254 2614 2493 2661 Dicendum,

1371 2698 1399 2717 „
1428 2670 1529 2721 quod
1559 2681 1625 2720 pet·
1654 2669 1857 2719 pueritiam
1875 2698 1886 2716 ,
1934 2668 1968 2705 &
1996 2667 2092 2706 alios
2120 2669 2313 2716 defectus,
2349 2668 2495 2720 quibus

1370 2751 1399 2771 „
1428 2722 1573 2760 tollitur
1603 2735 1690 2759 usus
1720 2722 1901 2770 rationis,
1940 2730 2143 2773 praestatnr
2172 2722 2493 2773 impedimentum

1371 2804 1399 2825 2,
1429 2777 1561 2815 actui.
1590 2776 1639 2814 Et
1669 2775 1752 2813 ideo
1778 2776 1910 2814 omnia
1939 2775 2007 2814 illa
2033 2775 2308 2824 Sacramenta,
2335 2788 2426 2827 quae
2456 2788 2497 2812 a-

2276 2858 2306 2878 „
2335 2838 2441 2867 ctum

1378 2965 1416 2985 se
1433 2973 1443 2992 ‚
1471 2959 1505 2984 ut
1523 2951 1717 2985 Novatores
1741 2953 1867 2995 pudeat
1881 2972 1892 2992 ,
1917 2964 1982 2996 ‹711ae
2002 2954 2215 2996 scripserunt
2228 2973 2239 2992 ‚
2263 2953 2318 2985 vel
2331 2953 2498 2984 somnias·

1379 3012 1416 3032 se
1435 3021 1443 3029 .
1487 2999 1592 3030 Porro
1618 2997 1710 3030 laud.
1737 2997 1939 3031 Remnndus
1982 2997 2075 3031 bunc
2118 2999 2289 3031 insulsum
2314 2996 2496 3042 cujusdam

1377 3045 1592 3077 versiculum
1619 3045 1752 3084 refert,
1775 3057 1880 3088 quem
1910 3045 1945 3077 in
1972 3043 2092 3078 odium
2110 3046 2354 3079 Romanorum
2381 3041 2495 3076 Ponti-

1378 3091 1484 3125 ficum
1509 3091 1685 3135 aliquibus
1711 3090 1897 3124 decantare
1921 3091 2083 3135 placebat

1473 3183 1567 3227 Papa
1589 3191 1687 3228 puter
1707 3192 1842 3227 patrum
1869 3182 2015 3229 Papissa
2036 3186 2172 3229 peperit
2195 3191 2348 3229 partum·

1430 3281 1478 3317 (c)
1507 3270 1603 3311 Inter
1643 3277 1728 3310 alios
1754 3288 1832 3310 eam
1871 3277 2096 3323 exploserunt·
2121 3273 2234 3310 David
2259 3269 2458 3306 Btondellus
2479 3291 2490 3311 7

1381 3323 1554 3365 (ἐι-011115,
1594 3323 1740 3360 Vossius
1753 3344 1766 3365 ,
1807 3325 1956 3361 Camero
1972 3345 1985 3368 ‚
2009 3322 2224 3360 Borxomius
2240 3341 2253 3363 ‚
2278 3317 2498 3355 Lindenbor·
