2605 3624
489 95 568 150 DE
603 102 993 148 INTENTIONE
1028 102 1302 146 MINISTRI
1337 103 1890 155 SACRAMENTORUM
1913 142 1924 154 .

63 194 264 239 postquam
294 183 455 223 Romani
484 183 676 221 Pontificis
694 182 769 229 ,ἁ
799 182 907 218 totius
938 180 1124 220 Ecclesiae
1140 194 1180 218 o-

63 241 241 279 raculum
269 239 440 277 auditum
470 245 520 273 est
542 264 554 282 ‚
594 236 719 272 omm's
761 233 911 271 sublata
951 234 1022 270 fuit
1051 236 1181 286 dispu-

61 293 165 331 tandi
188 322 199 340 ‚
227 290 261 328 ἀ
288 288 569 329 contradicendi
597 286 753 326 libertas
770 313 780 324 .
812 287 916 323 ldem
949 288 1067 338 potuit
1088 301 1179 325 con-

61 348 202 397 tingere
230 346 270 382 in
300 334 372 381 liae
412 341 649 394 quaestione,
697 354 747 378 an
784 339 924 378 valeret
967 340 1178 392 baptismus

61 399 244 445 mimice,
270 395 306 432 ἃ
335 393 505 434 illusorie
525 392 686 433 collatus
702 422 714 441 ,
743 406 859 444 quam
881 393 921 430 S.
948 393 1088 431 Doctor
1110 406 1178 446 pro

61 450 240 502 singulari
269 462 337 487 sua
365 447 548 485 modestia
587 446 794 484 indecisam
839 447 1021 498 reliquit,
1064 461 1178 499 expe-

60 512 167 542 ctans
183 531 194 550 ,
222 500 256 538 Be
274 499 482 554 implorans
503 500 598 539 illud
616 499 800 537 Ecclesiae
818 500 1016 539 oraculum
1036 530 1046 548 ‚
1075 501 1179 552 quod

58 555 206 595 tandem
233 553 340 594 Deus
367 554 572 592 concedere
613 554 785 604 dignatus
826 562 896 594 est.
944 553 1178 607 Quanquam

59 608 175 648 verba
203 607 246 647 S.
275 609 478 660 Augustini
507 606 729 658 diligentius
759 607 1041 655 examinando,
1081 607 1178 646 mihi

57 669 260 714 appareat,
293 660 459 700 dubium
489 659 548 699 illi
578 668 706 699 natum
738 654 854 698 suisse‘
878 661 924 697 de
953 659 1080 698 valore
1109 660 1177 699 Sa-

58 717 271 763 cramenfi,
317 722 454 753 attenta
480 714 675 752 dumtaxat
722 712 895 752 mirabili
938 714 1177 764 suscipientis

56 770 303 808 conversione
323 798 334 817 ,
363 767 398 805 &
427 767 502 806 fide
519 797 529 815 ,
561 776 710 819 propter
738 779 855 818 quain
884 765 1031 809 dubitat
1050 766 1090 804 S.
1108 766 1176 805 l'a—

57 829 141 870 ter,
183 835 232 860 an
261 837 284 860 a
312 822 505 860 communi
535 820 666 872 regula
696 821 734 857 in
773 818 994 870 hujusmodi
1023 820 1174 859 casibus

57 875 364 913 extraordinariis
391 873 582 912 discedere
610 880 821 924 oporteret.

115 929 206 980 259.
235 927 368 980 Neque
397 940 486 966 vero
512 927 597 978 quis
628 935 788 977 urgeat,
832 925 888 962 ibi
908 926 1175 977 ⁴Augustinum

57 981 219 1034 probare
235 978 692 1032 baptismutnjitllaciter
711 979 840 1016 datum
859 1008 869 1026 ,
900 977 934 1014 &
954 989 1150 1031 acceptum
1164 1007 1174 1018 .

58 1034 144 1073 Non
175 1036 358 1085 inquam3
387 1031 583 1084 fizllaciae
611 1033 714 1069 enim
745 1033 898 1068 nomine
928 1044 1002 1069 non
1034 1032 1175 1071 intelli-

54 1089 109 1139 git
137 1085 265 1138 jocum
287 1115 298 1134 ‚
328 1085 388 1124 vel
419 1085 631 1124 irrisionem
659 1084 926 1133 sacramenti,
956 1086 1019 1123 sed
1050 1088 1174 1138 potius

55 1138 338 1179 simulationem
367 1138 485 1187 fidei,
528 1152 667 1190 nempe
697 1138 872 1176 fraudem
902 1150 1062 1186 eornm,
1106 1142 1174 1192 qui

57 1205 95 1230 se
122 1191 329 1231 catholicos
350 1191 564 1244 fingebant3
595 1206 682 1239 seu,
714 1201 752 1229 ut
781 1191 950 1244 loquitur
978 1191 1019 1230 S.
1040 1191 1173 1241 Pater,

56 1258 148 1284 cum
175 1246 224 1287 <9-
252 1244 418 1284 tradens
438 1275 449 1294 ‚
492 1245 542 1286 (9⁶
569 1248 770 1295 accipiens
800 1246 1019 1297 fallaciter
1046 1255 1173 1298 agunt

55 1301 97 1347 in
125 1303 212 1350 ipsa
241 1302 392 1337 unitate
419 1298 638 1337 catholica.
679 1297 791 1338 Unde
818 1298 1041 1348 concludit,
1071 1300 1174 1351 quod

53 1354 86 1390 si
117 1361 241 1404 postea
270 1352 425 1392 fallacia
460 1353 668 1405 prodatur,
715 1365 834 1390 nemo
870 1356 1007 1402 repetit
1050 1353 1176 1406 bapti-

57 1419 140 1444 sma
156 1435 166 1453 ‚
195 1405 264 1443 sed
278 1415 348 1444 aut
376 1405 767 1444 excommunicando
782 1410 940 1456 punitur
960 1406 1030 1444 illa,
1051 1410 1174 1445 simu-

57 1458 180 1506 latio,
210 1468 279 1497 aut
307 1458 529 1511 poenitendo
557 1468 756 1498 sanatur.
802 1459 872 1497 Vel
903 1461 1018 1497 etiam
1037 1458 1172 1511 falla-

54 1515 156 1560 ciae,
185 1511 218 1548 &
247 1513 511 1551 simulationis
539 1514 693 1552 nomine
721 1512 909 1552 intellexit
942 1513 1172 1565 Augustinus

54 1560 217 1618 pravuui
247 1567 460 1619 recipientis
488 1567 606 1606 finem
629 1597 639 1615 ,
671 1574 708 1604 ut
737 1567 767 1604 si
797 1565 962 1606 Gentilis
985 1597 995 1615 ,
1025 1565 1086 1605 vel
1106 1567 1173 1606 Ju-

52 1619 160 1657 daeus
189 1618 312 1668 lucri,
343 1619 640 1672 vetambitiouis
669 1619 834 1658 stimulis
855 1620 1089 1672 baptismum
1108 1634 1173 1671 pe-

53 1679 126 1720 tat,
155 1671 189 1708 ἃ
217 1673 406 1723 accipiat,
440 1686 532 1710 cum
563 1673 761 1710 intentione
792 1672 886 1710 illud
916 1674 1172 1723 suscipiendi,

51 1725 154 1775 quod
185 1726 221 1762 in
251 1723 422 1763 Ecclesia
450 1725 587 1770 datur3
629 1725 806 1777 quamvis
849 1739 918 1762 nec
948 1725 1172 1763 Sacramen-

55 1784 137 1814 tum
166 1777 318 1825 credat,
349 1791 416 1816 nec
443 1777 676 1820 Sacramenti
706 1776 882 1815 effectum
913 1778 976 1826 (a)
995 1804 1006 1816 .

111 1828 202 1873 240.
234 1828 368 1868 Dices.
405 1830 509 1868 Idem
539 1831 580 1868 S.
612 1830 843 1882 Augustinus
872 1830 960 1868 Lib.
984 1832 1048 1868 Ill.
1079 1844 1171 1869 con-

53 1891 119 1920 να
151 1881 405 1920 Cresconium
433 1897 518 1935 cap.
549 1882 587 1921 8.
617 1883 862 1921 Sacramenta
890 1895 1086 1936 comparat
1113 1899 1164 1922 se-

53 1935 182 1982 mini,
222 1936 323 1987 quod
351 1939 578 1987 operarium
606 1936 764 1987 quidem
806 1938 948 1987 exigit,
997 1938 1059 1974 sed
1089 1950 1168 1988 qua

51 1995 186 2026 mente
213 1996 418 2039 operetur,
445 2001 527 2043 qua
555 1987 704 2027 laboret
724 1992 939 2027 intentione·
955 2018 965 2036 ‚
996 2002 1071 2029 non
1101 2004 1167 2028 cu·

51 2049 158 2080 ratur
177 2066 189 2079 .

108 2094 199 2141 241.
229 2093 341 2148 Resp.
361 2125 373 2144 ‚
423 2094 676 2148 Augustinum
708 2096 763 2134 ibi
792 2109 867 2134 non
897 2095 1003 2149 loqui
1034 2098 1080 2136 de
1108 2097 1168 2136 in-

48 2148 213 2187 tentione
243 2149 440 2197 ministri,
480 2150 544 2188 sed
572 2149 695 2188 solum
725 2149 772 2187 de
801 2149 972 2201 ejusdem
1003 2150 1102 2198 fide,
1133 2149 1167 2187 St

52 2202 244 2240 sanctitate
260 2231 271 2250 ‚
300 2215 415 2254 quam
435 2203 658 2242 Cresconius
678 2204 851 2255 exigebat
871 2215 880 2240 :
907 2204 941 2239 ἃ
957 2205 1049 2255 quia
1078 2204 1168 2242 sub-

52 2254 132 2292 tilis
151 2253 214 2292 hic
234 2254 426 2294 Donatista
453 2254 706 2299 similitudine
719 2256 842 2305 coloni
874 2257 1047 2295 utebatur
1065 2284 1074 2302 ‚
1102 2261 1168 2308 qui

55 2307 213 2345 nonnisi
228 2306 395 2359 fidelis,
424 2308 474 2349 ἴθ’
502 2308 669 2362 diligens
697 2313 917 2361 quoeritur,
945 2311 1042 2348 unde
1071 2311 1171 2348 iufe-

54 2359 184 2408 rebat‚
213 2361 328 2400 etiam
357 2364 398 2398 in
427 2361 694 2400 Sacramento
722 2361 908 2413 baptismi
936 2367 1095 2401 nonnisi
1112 2364 1172 2417 fi-

57 2411 213 2462 delem,
255 2414 305 2455 <9-
327 2412 595 2467 justissimum
623 2421 850 2466 operarium
880 2415 1173 2462 adhibendum;

54 2465 97 2505 S.
126 2465 266 2505 Doctor
302 2468 434 2507 eadem
476 2469 728 2508 similitudine
763 2479 897 2518 utens,
941 2470 1174 2522 reponebat,

53 2518 383 2560 sacramentorum
410 2522 589 2561 effectum
616 2536 691 2561 non
729 2524 944 2577 dependere
972 2524 1022 2562 ab
1052 2525 1175 2562 inten-

55 2573 156 2611 tione
184 2574 380 2624 ministri,
410 2577 735 2629 quemadmodum
765 2578 815 2616 ab
845 2579 1046 2615 intentione
1074 2577 1176 2616 colo-

57 2625 100 2662 ni
129 2638 199 2664 non
226 2628 359 2677 pendet
388 2629 536 2668 fructus
563 2632 718 2668 seminis
738 2660 749 2678 ,
792 2631 857 2668 sed
885 2631 934 2668 ab
972 2631 1090 2682 ipsius
1119 2631 1182 2669 sed

61 2677 176 2716 minis
204 2680 362 2729 virtute,
392 2681 425 2718 ἃ
446 2698 468 2721 a
497 2683 692 2721 fertilitate
722 2691 832 2721 terrae
855 2710 866 2722 .
893 2684 994 2722 Cum
1024 2684 1095 2722 hoc
1117 2693 1172 2722 ta-

59 2741 148 2768 men
174 2738 269 2781 stat,
309 2735 583 2786 perfectionem
611 2736 849 2777 sacramenti
878 2737 992 2776 etiam
1035 2738 1085 2776 ab
1115 2739 1172 2776 in-

58 2783 220 2821 tentione
248 2787 410 2825 ministri
440 2790 626 2841 pendere.

117 2833 207 2880 242.
234 2837 310 2876 Ob.
338 2844 450 2878 tertio
470 2867 484 2881 .
516 2843 558 2881 S.
586 2843 748 2882 Joannes
775 2843 1064 2896 Chrysostomus
1094 2844 1171 2882 Ho-

61 2885 173 2927 milia
192 2887 331 2929 XCVI.
357 2893 399 2931 in
426 2893 484 2933 Jo.
514 2894 627 2936 Tom.
646 2895 752 2936 V-lll.
782 2906 886 2936 utens
927 2897 1103 2952 exemplo
1131 2912 1172 2936 a·

114 3044 162 3078 (a)
191 3040 334 3074 Cardin-
355 3041 520 3079 Norisius
546 3047 580 3080 in
599 3047 776 3084 Vindiciis
803 3052 1072 3096 Augustinianis
1097 3065 1173 3099 cap·

61 3086 123 3121 lV.
150 3092 182 3129 9.
211 3099 242 3130 7.
269 3089 395 3122 merito
422 3092 586 3125 Antonin.
619 3095 815 3129 Mor-airzein
845 3104 855 3135 (
883 3110 941 3131 sen
967 3100 1021 3132 Jo.
1047 3101 1176 3134 Marti-

62 3144 194 3166 nonum
220 3139 231 3172 )
263 3134 510 3178 reprehendit,
533 3138 592 3181 qui
619 3147 656 3171 ut
686 3141 871 3184 Augustini
898 3145 1026 3178 sarnam
1051 3144 1177 3178 'decur-

62 3186 180 3219 taret,
206 3181 368 3224 scripsit,
392 3193 470 3215 eum
496 3184 697 3224 dubitasse,
722 3198 795 3218 num
808 3188 992 3231 baptismus
1019 3195 1094 3224 sine
1121 3195 1175 3223 in-

66 3229 215 3258 tentione
241 3228 343 3259 datus
368 3240 426 3270 per
446 3230 586 3275 jocum,
623 3234 664 3262 (θ’
691 3234 850 3264 irrisorie
877 3237 1009 3268 validus
1036 3240 1109 3275 sit,
1134 3248 1175 3269 ae

69 3275 240 3321 sem-uisse
265 3277 508 3316 expectandam
533 3288 610 3308 esse
636 3278 896 3318 revelationem,
920 3289 1093 3324 antequam
1121 3289 1176 3314 ta-

69 3316 116 3347 lis
141 3318 385 3361 rebaptizetur.
415 3323 488 3365 lpse
515 3334 597 3356 vero
610 3321 769 3355 Nor-isius
790 3332 914 3366 putat,
938 3327 1175 3371 Augustinum

182 3362 418 3420 Gazzaniga
451 3367 579 3409 Theoi.
610 3367 721 3410 Tom.
751 3367 858 3412 Vlll.

2221 134 2235 159 t
2252 141 2269 160 ’.’
2285 137 2296 160 t

1248 183 1342 219 sinae
1375 180 1529 222 Balaam
1550 214 1560 231 ,
1591 185 1632 222 St
1655 216 1664 232 ,
1697 190 1817 239 inquit
1836 220 1846 237 ‚
1876 190 1974 228 bruti
2002 204 2096 242 ore,
2126 194 2175 236 (t).
2205 200 2359 246 impuri*

1251 234 1389 286 lingua.
1418 247 1575 286 propter
1604 240 1795 288 improbos
1817 243 1972 282 Jmtaem
2003 250 2017 297 (
2051 248 2150 286 Deus
2181 251 2194 296 )
2223 263 2363 299 operit-

1248 296 1309 324 tus
1338 297 1395 324 esc
1413 319 1424 336 ‚
1454 293 1577 327 multo
1607 295 1737 342 magis
1758 304 1910 342 propter
1939 311 2002 333 νος
2032 298 2127 338 bene
2159 314 2334 342 moratos
2353 336 2362 349 ,

1246 343 1407 378 etiamsi
1435 342 1664 381 sacerdotes
1693 343 1912 383 admodum
1951 352 2100 389 scelesti
2140 359 2244 403 siut,
2287 371 2362 394 sua

1245 398 1385 432 omnia
1413 398 1614 450 perficiet,
1651 397 1701 437 (ἶ)
1732 402 1857 435 mittet
1889 400 2076 449 Spiritum
2105 418 2288 446 sanctum

1245 445 1385 496 Neque
1415 450 1615 501 Angelus,
1646 463 1772 501 neque
1802 452 2076 498 Archangetus
2104 463 2143 493 in
2165 464 2209 496 iis
2228 492 2238 507 ,
2267 477 2358 512 quoe

1246 514 1274 538 ιι
1304 500 1391 538 Deo
1419 502 1520 540 data.
1548 512 1666 551 sunt,
1709 505 1857 554 aliquid
1899 502 2056 553 efficere
2098 519 2218 556 potest
2237 543 2246 558 ‚
2289 516 2358 553 ςρςζ

1246 553 1388 603 Pater,
1417 557 1466 596 (⁶)-
1498 555 1642 604 mlius,
1671 557 1903 607 &Spiritus
1933 569 2097 597 sanctus
2123 569 2263 601 ouium,
2291 582 2314 603 a
2332 569 2363 604 i-

1246 610 1478 647 ministraut
1496 637 1507 648 .
1550 609 1746 648 Sacerdos
1774 624 1863 648 vero
1891 612 2072 663 linguam
2110 628 2226 653 suam
2256 631 2362 655 cmm.

1245 661 1416 710 modat,
1461 676 1632 700 manum
1672 669 1856 717 porrigit.
1901 664 2041 715 Neque
2070 671 2176 704 enim
2209 671 2364 721 justum

1246 723 1327 763 est,
1357 725 1398 752 ut
1426 727 1581 767 propter
1601 717 1764 755 alterius
1794 718 2087 768 irnprobtmtwn
2118 722 2195 769 illi,
2225 728 2288 772 qui
2307 726 2364 776 fi-

1245 767 1338 805 (lem
1367 779 1458 806 sunt
1487 771 1740 819 amplexati,
1771 775 1811 808 in
1831 771 2022 823 symbolis
2043 774 2182 812 salutis
2212 786 2362 814 novtroe

1245 820 1511 861 laederentur.
1555 822 1666 861 Nihit
1694 825 1807 875 igitur
1836 841 1856 862 a
1886 826 2220 866 Sat-ramentorum
2253 832 2367 868 inini-

1244 876 1328 913 stris
1357 878 1473 927 exigit
1489 876 1778 929 Clu-ysostomus
1795 908 1806 925 ,
1836 892 1951 930 quam
1970 878 2137 932 linguam
2157 911 2166 929 ‚
2196 896 2274 934 qua
2293 886 2366 921 for-

1246 941 1308 966 ma
1338 930 1578 981 proferatur,
1609 930 1643 966 8(
1675 944 1831 968 manum
1855 962 1865 979 ,
1895 946 1971 984 qua
2002 935 2215 985 porrigatur
2247 946 2364 974 mate-

1244 981 1328 1026 τίεις
1360 983 1608 1021 intentionem
1637 994 1764 1021 autem
1795 997 1870 1022 non
1890 986 1999 1023 inodo
2022 987 2171 1035 reticet,
2201 989 2263 1027 sed
2281 989 2363 1041 pla-

1242 1047 1290 1071 ne
1320 1034 1488 1074 excludit
1519 1036 1692 1087 exemplo
1721 1038 1839 1075 asinae
1872 1038 2054 1086 Balaam,
2105 1042 2142 1078 in
2173 1055 2250 1091 qna
2278 1043 2369 1080 nni-

1242 1085 1282 1125 la
1312 1103 1389 1127 esse
1419 1099 1562 1140 poterat
1604 1091 1790 1127 intentio·
1830 1091 1897 1128 His
1927 1092 2071 1131 similia
2107 1091 2221 1132 liesbet
2251 1095 2367 1133 isido-

1243 1152 1306 1179 rus
1337 1141 1522 1181 Pelusiota
1555 1143 1706 1180 Lih.11.
1738 1145 1927 1195 epist.57·
1987 1178 1992 1183 .

1301 1194 1394 1240 245.
1428 1195 1566 1246 Hesp„
1614 1196 1654 1233 S.
1685 1195 1888 1234 Doctorem
1919 1198 1964 1235 de
1994 1201 2214 1238 necessitate
2245 1203 2366 1240 inten-

1247 1248 1360 1286 tionis
1391 1261 1434 1285 eo
1464 1248 1536 1286 loci
1567 1261 1640 1285 non
1663 1247 1795 1300 loqui,
1825 1251 1916 1300 quia
1949 1251 1987 1288 id
2016 1252 2099 1302 ejus
2129 1266 2264 1303 scopus
2293 1269 2368 1294 nou

1247 1301 1442 1352 exigebat.
1474 1300 1664 1353 Populum
1685 1303 1790 1339 enim
1820 1301 2040 1342 hortabatur
2069 1305 2117 1341 ad
2148 1306 2276 1344 debita
2307 1321 2369 1344 re-

1244 1355 1426 1392 verentiae
1455 1354 1584 1393 officia
1612 1354 1867 1394 sacerdotibus
1898 1358 2011 1395 etiam
2041 1356 2156 1395 malis
2185 1359 2370 1399 exhiben-

1240 1407 1311 1452 da;
1339 1409 1431 1459 quia
1448 1410 1562 1446 etiam
1579 1407 1639 1446 illi
1668 1418 1756 1446 sunt
1785 1409 1951 1448 ministri
1973 1411 2045 1448 Dei
2065 1441 2076 1458 ‚
2105 1424 2269 1463 quorum
2293 1413 2368 1452 lin-

1241 1474 1342 1511 gua,
1372 1461 1406 1497 ἃ
1436 1475 1552 1499 manu
1581 1462 1697 1499 utitur
1727 1462 1830 1500 Deus
1859 1463 1906 1501 ad
1938 1464 2114 1508 symbola
2143 1465 2272 1503 salutis
2297 1480 2365 1503 no-

1241 1513 1301 1551 bis
1331 1514 1574 1553 exhibenda.
1604 1514 1738 1566 Neque
1768 1515 1887 1553 officit
1917 1510 2138 1567 exemplum
2160 1520 2277 1555 asinae
2295 1519 2368 1556 Ba-

1243 1566 1344 1604 laam
1368 1592 1378 1604 .
1409 1567 1490 1605 Hoc
1521 1568 1623 1605 enim
1644 1581 1733 1606 cum
1762 1566 1895 1618 aliqua
1914 1570 2143 1607 restrictione
2173 1573 2368 1623 accipien-

1241 1619 1333 1656 dum
1362 1633 1467 1667 esse,
1510 1621 1592 1672 ipsa
1620 1634 1712 1658 sana
1754 1622 1850 1657 ratio
1892 1623 2021 1659 suadet
2042 1652 2051 1670 ,
2091 1622 2196 1660 salva
2225 1637 2367 1677 nempe

1242 1673 1479 1723 proportione
1502 1702 1511 1719 ‚
1541 1686 1630 1724 quae
1659 1682 1713 1711 est
1734 1703 1745 1721 ‚
1776 1672 1810 1708 8<
1839 1688 1916 1713 esse
1945 1675 2057 1713 debet
2086 1677 2187 1714 inter
2207 1677 2364 1716 ordina-

1242 1725 1318 1761 rios
1349 1725 1421 1762 Dei
1451 1726 1642 1764 ministros
1663 1756 1673 1774 ,
1717 1727 1858 1764 ratione
1881 1758 1892 1775 ,
1928 1727 1962 1763 &
1994 1728 2167 1767 libertate
2190 1739 2361 1778 utentes,

1240 1776 1274 1812 ὃς
1304 1777 1459 1815 brutum
1489 1778 1635 1817 animal
1656 1809 1667 1826 ‚
1705 1792 1782 1831 quo
1811 1780 1858 1817 ad
1887 1782 2153 1821 ostendendam
2182 1796 2289 1822 suam
2320 1798 2364 1822 o-

1239 1832 1528 1882 mnipotentiam
1560 1830 1793 1870 semel.usus
1809 1842 1860 1870 cst
1883 1833 1984 1871 Deus
2003 1860 2013 1872 .
2045 1835 2124 1872 Nec
2153 1836 2266 1874 aliter
2280 1852 2363 1875 sen-

1237 1885 1282 1920 sit
1312 1884 1474 1921 lsidorus
1503 1883 1716 1932 pelusiota,
1746 1887 1816 1937 qui
1847 1885 2061 1925 luculenter
2080 1888 2227 1926 ibidem
2257 1904 2368 1929 suam

1237 1944 1402 1974 mentem
1433 1938 1555 1988 aperit
1577 1968 1588 1985 ‚
1617 1937 1773 1976 dicens:
1802 1938 1868 1987 ls,
1898 1944 1962 1990 qui
1992 1944 2172 1979 initiatur
2193 1973 2203 1990 ,
2234 1956 2363 1993 quan-

1236 1997 1322 2026 tum
1351 1989 1406 2027 ad
1432 1990 1633 2028 salutaria.
1662 1990 1847 2043 symbola
1875 2003 2057 2045 spectac,
2101 2008 2156 2034 ex
2184 1996 2366 2048 improb.»

1235 2042 1457 2082 sacerdotis
1485 2047 1565 2081 cita.
1594 2044 1703 2082 nullo
1731 2044 1884 2083 damno
1912 2047 2110 2096 afficitur.
2139 2081 2148 2090 .

1293 2096 1385 2142 244.
1414 2096 1490 2135 Ob.
1506 2108 1668 2148 quarto.
1699 2099 1944 2138 Innocentius
1961 2102 2028 2139 IV.
2061 2103 2099 2140 in
2116 2116 2203 2156 cap.
2218 2103 2363 2155 Siquis

1235 2162 1401 2201 puerum
1418 2152 1457 2189 iu
1479 2151 1546 2189 111.
1576 2151 1850 2191 Decretalium
1867 2153 1916 2192 de
1933 2153 2138 2207 Baptismo
2158 2187 2170 2205 ,
2200 2157 2250 2198 ἐν
2278 2159 2367 2209 ejus·

1237 2201 1438 2251 effectibus
1471 2204 1555 2243 haec
1585 2205 1727 2244 habet:
1756 2204 1850 2245 ‚Non
1879 2217 1937 2246 esc
1966 2214 2243 2248 necessarium
2263 2210 2366 2260 quozi

1239 2257 1448 2307 baptizans
1476 2262 1578 2296 sciat
1595 2289 1606 2307 ,
1636 2259 1727 2310 quid
1747 2264 1796 2298 sit
1817 2260 2005 2300 Ecclesia
2021 2293 2031 2310 ‚
2061 2276 2151 2312 quae
2169 2262 2367 2313 baptizat,

1240 2315 1326 2362 quis
1354 2310 1575 2362 baptizatus
1592 2342 1602 2360 ‚
1631 2314 1682 2353 (9⁶
1710 2313 1814 2351 uncle
1839 2318 1888 2351 sic
1906 2344 1916 2361 ,
1945 2327 2020 2352 nec
2048 2315 2151 2365 quod
2176 2326 2291 2367 gerat
2321 2319 2366 2352 in

1241 2373 1402 2411 mente,
1435 2363 1586 2415 jacere
1628 2365 1730 2415 quod
1757 2365 1870 2417 facit
1901 2365 2120 2412 Ecclesia;
2167 2364 2291 2406 imrrio
2330 2371 2367 2405 si

1241 2421 1489 2456 contrarium
1517 2427 1672 2469 gereret
1701 2423 1743 2456 in
1772 2427 1933 2467 mente,
1963 2421 2112 2458 scilicet
2142 2435 2219 2458 uon
2248 2420 2367 2472 facc-

1241 2484 1285 2509 re
1307 2501 1316 2518 ,
1345 2469 1447 2520 quod
1463 2469 1578 2522 jacit
1598 2470 1786 2509 Ecclesia.
1804 2502 1813 2518 ‚
1844 2471 1914 2510 sed
1942 2481 2082 2512 tamen
2099 2474 2211 2526 jacit
2229 2468 2246 2522 ,”
2270 2479 2365 2526 qui..)

1230 2523 1425 2577 sormam
1454 2533 1609 2572 sermt,
1640 2523 1894 2563 nihilominus
1923 2525 2143 2577 baptizatus
2173 2536 2259 2566 esc.

1300 2577 1393 2623 245.
1425 2576 1565 2629 Resp.‚
1611 2577 1874 2616 Turrettinum
1894 2609 1905 2627 ,
1947 2582 2014 2632 qui
2047 2580 2116 2618 hoe
2146 2590 2367 2633 argumento

1243 2640 1373 2670 contra
1401 2643 1460 2668 eos
1491 2632 1629 2678 utitur,
1660 2631 1761 2669 mala
1790 2631 1867 2669 fide
1896 2636 2148 2685 suppressisse
2181 2635 2294 2671 verba
2311 2649 2366 2672 se-

1241 2685 1397 2736 quentia
1425 2683 1599 2734 ejusdem
1629 2684 1863 2724 Innocentii:
1902 2685 2132 2725 Dummodo
2162 2687 2364 2738 baptizzre

1240 2741 1423 2775 minister
1452 2736 1666 2782 intendat;
1695 2738 1835 2791 quibus
1864 2737 1997 2777 saltem
2019 2751 2212 2779 externam
2245 2743 2361 2779 mini-

1240 2792 1306 2829 stri
1337 2792 1581 2829 intentionem
1603 2793 1788 2843 requirit,
1818 2805 1906 2842 qnae
1938 2806 2013 2838 non
2045 2793 2220 2842 ludicre,
2252 2795 2285 2830 8<
2308 2794 2367 2831 lu-

1237 2844 1335 2882 sorie
1351 2874 1362 2892 ‚
1390 2845 1453 2882 sed
1470 2846 1566 2882 serio
1583 2853 1694 2882 totam
1711 2858 1790 2882 rem
1810 2855 1985 2896 peragam
2014 2846 2115 2898 qnod
2145 2849 2232 2886 satis
2248 2856 2301 2885 est
2317 2848 2364 2885 ad

1238 2897 1481 2936 catholicum
1495 2898 1631 2950 dogma
1646 2906 1777 2936 contra
1798 2897 2004 2938 Haereticos
2024 2902 2138 2940 nostri
2160 2902 2233 2939 aevi
2260 2910 2368 2938 tuen·

2186 2954 2280 2992 dum
2302 2980 2313 2992 .

1243 3053 1382 3087 nomine
1399 3053 1557 3098 fallacia
1578 3075 1589 3094 ,
1626 3053 1681 3086 vel
1709 3055 1940 3088 simulationis
1968 3066 2035 3088 non
2070 3055 2284 3089 intellexi÷5e
2309 3053 2368 3087 de-

1245 3102 1378 3134 fectum
1405 3101 1608 3134 intentionis
1634 3099 1806 3141 faciendi,
1852 3099 1944 3146 qnod
1973 3102 2052 3135 facit
2083 3102 2237 3135 Ecclesia
2261 3123 2270 3139 ,
2309 3097 2367 3132 sexi

1244 3145 1421 3181 detectum
1447 3146 1523 3180 fidei
1540 3168 1550 3187 ‚
1575 3158 1633 3180 seu
1661 3145 1879 3182 credulitatis
1907 3146 1947 3180 de
1971 3159 2007 3180 re
2023 3171 2033 3189 ,
2061 3150 2094 3179 ἃ
2111 3146 2367 3181 effectuSacx-a-

1244 3193 1354 3226 muni
1375 3215 1387 3234 ,
1411 3194 1471 3237 qui
1498 3202 1550 3226 est
1576 3193 1809 3227 sanctificatio
1834 3195 1959 3227 animae
1986 3205 2047 3238 per
2073 3195 2192 3236 grati-e
2221 3192 2363 3225 infusio-

1244 3249 1353 3279 nem,
1392 3248 1431 3273 nt
1457 3240 1485 3272 si
1513 3239 1590 3284 quis
1616 3239 1768 3272 Gentilis
1795 3241 1898 3273 vellet
1935 3240 2106 3284 baptizari
2133 3240 2177 3272 ob
2204 3238 2364 3271 lucrum>

1242 3281 1420 3321 diceretur
1434 3286 1568 3332 fallaci
1595 3290 1706 3322 animo
1731 3283 1774 3319 ad
1798 3286 2015 3332 baptismum
2041 3283 2226 3321 accedere·

1779 3375 1829 3419 16
