2605 3624
947 67 1026 111 Dr:
1062 31 1510 110 ctiAnAcTEnss.
2082 96 2093 114 ,

68 163 225 209 vitans,
268 167 357 210 quoe
370 153 429 208 fit
455 149 674 191 secundam
702 160 870 186 carnem
889 177 899 194 ,
937 147 986 187 dy
1015 160 1088 197 ego
1117 146 1182 185 tibi

71 219 147 254 vim
178 210 516 265 regeneranonis,
546 216 636 254 quoe
652 202 708 255 fit
738 200 1184 249 secundumanimam,

70 276 296 318 exponam:
322 260 459 310 ubique
486 258 619 296 ‹lit-tna
649 259 723 302 vis,
753 256 802 295 (ν’
819 253 1005 302 efficacia
1035 258 1186 290 incom-

70 315 332 374 prehensibllis
359 322 444 362 est,
485 311 672 362 nullaque
701 309 759 347 rel
786 312 942 346 ratione
959 338 970 357 ,
1012 307 1069 346 vel
1097 316 1188 346 arte

65 373 259 426 explicari
285 374 410 417 potest
427 391 438 403 .

119 426 210 476 409.
240 421 340 460 Hinc
383 427 482 458 recte
512 419 563 456 ita
605 417 753 456 monuit
783 415 1043 454 catechismus
1075 414 1184 452 Rom.

66 478 107 518 P.
136 477 184 516 ll.
213 489 300 528 cap.
326 486 359 512 1.
390 487 499 511 num.
522 485 585 523 27.
609 502 633 519 „
654 472 742 516 Quo
771 480 898 507 autem
945 478 1054 521 pacto
1084 476 1184 506 tanta

67 560 94 582 ‚‚
122 543 180 568 res
201 558 212 577 ‚
241 527 276 565 &
303 536 380 565 tam
409 526 652 564 admirabilis
684 538 750 576 per
779 524 1074 561 Sacramentum
1104 522 1185 559 effi-

65 614 91 634 „
120 584 268 629 cicitur,
311 590 352 619 ut
394 579 719 632 quemadmodum
764 578 959 628 Augustini
1004 577 1184 613 sententia

65 666 93 687 „
121 634 358 675 celebratum
387 643 468 681 est,
511 646 620 683 aqua
649 644 788 680 corpus
826 639 997 681 tangat,
1039 632 1088 669 (9⁴
1119 641 1185 665 cor

62 719 89 739 ,‚
118 687 283 737 abluat,
321 688 357 726 id
386 688 544 740 quidem
577 686 746 724 humana
777 685 921 720 rationo
943 713 952 723 ,
983 691 1095 734 atque
1126 685 1184 718 in-

62 773 90 793 „
119 743 328 793 telligentia
343 739 614 793 comprehendi
647 750 722 775 non
752 744 898 788 potest.
928 736 1185 773 Conssitutum

63 826 91 846 „
121 796 222 834 enim
252 809 329 834 esse
355 794 467 832 debet
488 823 500 841 ,
541 791 690 829 nullam
728 803 811 827 rem
851 787 1070 826 sensibilem
1100 802 1186 827 sua-

66 879 94 899 „
123 859 185 902 pte
215 859 350 887 natura
378 862 421 886 ea
451 847 488 885 vi
519 843 717 897 praeditam
767 857 845 880 esse
866 873 877 891 ,
921 853 958 879 ut
989 852 1188 894 penetrare

68 933 95 952 „
124 904 171 941 ad
199 904 368 941 animam
384 906 497 953 queat
513 925 524 936 .
555 899 602 936 At
623 897 712 935 fidei
731 895 877 934 lumine
896 898 1157 946 cognoscimus
1173 926 1184 944 ,

69 986 96 1006 „
125 955 392 1006 omnipotentis
420 951 494 990 Dei
524 952 702 990 virtutem
733 949 991 988 Sacramentis
1035 951 1154 986 inesse
1172 980 1183 998 ,

68 1038 95 1059 ‚‚
124 1022 200 1060 qua
229 1008 267 1046 id
296 1006 488 1052 efficiant,
526 1004 626 1058 quod
657 1018 723 1042 sua
753 1005 791 1041 vi
823 1017 880 1041 res
910 1004 1002 1054 ipsae
1035 1013 1186 1040 natura-

61 1091 90 1111 „
119 1061 172 1098 les
201 1069 380 1113 praestare
405 1067 483 1096 non
515 1067 665 1110 possunt
687 1057 730 1095 ''.
761 1056 819 1095 Ex
838 1057 906 1095 hac
936 1065 1063 1093 autem
1083 1057 1185 1093 inex·

55 1112 234 1164 plicabili
265 1114 404 1152 virtute
431 1111 667 1164 producendi
691 1112 852 1162 gratiam
876 1140 887 1159 ,
916 1123 1034 1162 quam
1064 1111 1185 1148 sancti

57 1166 182 1206 Patres
211 1167 384 1206 tribuunt
412 1165 699 1213 Sacramentis,
741 1177 885 1202 novum
914 1173 1184 1215 argumentum

56 1219 260 1259 desumunt
289 1220 528 1267 Tliomistae,
560 1226 601 1256 ut
628 1218 810 1267 credaut,
841 1218 972 1255 eadem
1004 1230 1076 1255 non
1101 1230 1186 1253 mo-

59 1274 200 1312 raliter
229 1282 399 1322 tantum,
428 1273 492 1312 sed
511 1271 675 1325 physice
703 1285 781 1309 esse
810 1271 1187 1309 causasinstrumen-

59 1327 152 1366 tales
179 1329 313 1380 gratie-e
331 1353 342 1366 .
372 1327 473 1366 Nam
502 1325 574 1364 hoc
593 1325 803 1364 secuudum
820 1354 831 1374 ,
862 1338 933 1362 non
955 1332 1083 1362 autem
1106 1325 1186 1376 pri-

59 1393 170 1420 mum
201 1390 254 1420 est
282 1379 465 1420 humanae
507 1378 772 1432 intelligentiae
813 1377 1189 1430 incompreheusibi-

61 1433 98 1473 le
128 1435 216 1486 (a).

113 1488 274 1537 Quaeres
301 1486 502 1536 secundo,
531 1488 644 1540 cujus
664 1490 824 1540 generis
853 1489 901 1524 sit
929 1489 1067 1539 gratia
1087 1486 1188 1535 illa,

65 1553 155 1593 quoe
183 1545 224 1579 in
253 1540 534 1580 Sacramentis
562 1539 808 1593 confertur?

113 1595 207 1642 410.
237 1593 352 1647 Resp.
381 1599 508 1646 primo
536 1596 576 1633 in
605 1595 755 1632 duobus
782 1593 1066 1641 sacramentis,
1094 1605 1184 1644 quae

54 1647 237 1687 dicuntur
265 1656 534 1696 mortuorum,
564 1646 670 1685 scilet
687 1647 906 1698 BaptismO,
936 1645 969 1680 &
990 1645 1185 1682 Poeniten-

60 1702 142 1750 tia,
184 1701 350 1739 conferri
378 1702 541 1754 gratiam
570 1699 807 1738 habitualem
825 1729 836 1747 ,
879 1698 913 1735 δι
943 1698 1185 1737 sanctifican-

61 1762 167 1802 tem,
242 1768 290 1792 ua
319 1753 494 1794 homines
536 1762 644 1791 autea
682 1762 924 1804 peccatores,
969 1752 1002 1788 &
1034 1751 1184 1789 inimici

62 1806 166 1855 Dei,
213 1769 310 1846 gunt
337 1807 457 1859 justi,
487 1807 520 1843 8(
552 1807 790 1858 adoptionem
823 1805 994 1843 filiorum
1025 1805 1097 1842 Dei
1129 1818 1186 1842 re·

59 1859 236 1913 cipiunt,
264 1874 354 1912 quae
383 1862 501 1913 gratia
530 1861 670 1898 dicitur
696 1863 852 1910 prima.
882 1858 1071 1905 Quamvis
1099 1871 1188 1896 con-

61 1914 208 1965 tingere
236 1923 379 1966 potest,
411 1922 452 1951 ut
480 1914 594 1950 etiam
627 1911 711 1950 liaec
739 1913 815 1950 duo
843 1912 1090 1950 Sacramenta
1118 1923 1190 1959 per

62 1965 253 2005 accadens
281 1979 357 2004 non
387 1967 596 2018 producant
624 1962 800 2015 primam
830 1965 1018 2016 gratiam,
1049 1965 1110 2002 sed
1128 1977 1187 2002 se-

56 2019 266 2058 cunilam.
312 2019 356 2059 Si
384 2021 489 2058 enim
519 2018 634 2057 homo
661 2018 813 2057 adultus
841 2018 996 2057 accedat
1025 2019 1072 2056 ad
1103 2017 1188 2056 haec

64 2073 142 2112 duo
168 2073 417 2112 Sacramenta
457 2073 540 2126 jam
578 2071 808 2124 justificatus
837 2085 906 2124 per
942 2081 1070 2110 actum
1096 2085 1188 2124 per-

63 2127 175 2165 fectae
203 2128 464 2176 contritionis,
494 2125 528 2163 ἃ
557 2125 778 2174 charitatis,
807 2134 899 2164 tunc
913 2127 1074 2178 gratiam
1091 2126 1188 2164 reci·

66 2182 146 2233 piet
173 2179 476 2220 sanctificantem
493 2210 506 2230 ,
534 2194 610 2219 non
637 2183 812 2230 primam
832 2209 843 2229 ,
872 2193 949 2231 qua
969 2178 1048 2231 jam
1080 2193 1185 2218 exor-

64 2242 175 2272 natus
202 2241 255 2272 est
275 2263 287 2282 ,
315 2234 379 2272 sed
408 2233 631 2273 secundam
648 2263 658 2282 ,
688 2247 752 2272 seu
782 2246 923 2272 novum
953 2235 1088 2285 gratiae
1117 2232 1185 2271 ha-

63 2284 222 2325 bitualis
248 2296 521 2339 augmentum,
550 2286 658 2338 juxta
685 2286 785 2325 illud
817 2287 937 2339 Apoc.
965 2286 1095 2325 XXll.
1121 2300 1182 2325 ιι.

67 2337 144 2390 Qui
166 2341 300 2392 justus
326 2349 413 2389 est,
449 2339 693 2394 justificetur
728 2339 883 2379 adhuc.
927 2340 1038 2379 Hanc
1067 2342 1183 2379 etiam

59 2393 279 2435 secundam
294 2396 456 2446 gratiam
476 2395 677 2434 conferunt
697 2393 774 2433 alia
790 2394 1037 2432 Sacramenta
1055 2422 1064 2439 ,
1095 2406 1184 2447 quae

63 2445 240 2486 dicuntur
267 2451 462 2498 vivorum,
504 2449 596 2502 quia
625 2449 672 2486 ad
703 2448 771 2487 illa
799 2448 914 2500 digne
942 2449 1186 2500 suscipienda

61 2502 273 2552 requiritur
298 2510 412 2540 status
438 2505 573 2555 gratiae
600 2500 810 2541 habitualis
830 2527 842 2539 .

116 2553 211 2597 4η.
240 2554 345 2594 Fieri
362 2565 488 2594 tamen
509 2565 652 2609 potest,
681 2568 756 2607 per·
771 2554 962 2593 accidens
978 2585 988 2604 ,
1010 2563 1048 2593 ut
1069 2549 1185 2594 etiain

66 2601 310 2647 Sacramenta
338 2610 516 2648 vivorum
552 2610 746 2648 conferant
787 2612 966 2659 primam
993 2611 1156 2661 gratiam
1173 2636 1185 2648 .

69 2654 170 2696 Nam
195 2658 354 2700 Sanctus
381 2661 552 2702 Thomas
581 2662 620 2702 5.
649 2662 692 2701 Ρ.
720 2672 856 2715 quaest.
893 2675 958 2715 79.
987 2673 1059 2701 art.
1079 2663 1117 2702 5.
1147 2678 1190 2702 a·

59 2716 177 2760 ῬΘΜ
199 2710 331 2763 docet,
359 2715 650 2755 Sacramentum
670 2715 928 2755 Eucharistiae
956 2719 1108 2769 operari
1130 2731 1188 2755 re-

69 2773 290 2824 lrusstonem
319 2771 462 2818 peccati
479 2772 532 2809 *in
553 2783 597 2807 eo
613 2801 625 2820 ,
653 2772 721 2823 qui
738 2769 908 2817 eiusdem
931 2772 1074 2822 peccati
1095 2784 1187 2809 con-

68 2821 278 2874 ³⁰¹²'²f²‘²''²
296 2846 307 2864 2
333 2821 383 2860 <9⁶
409 2821 604 2870 affectum
631 2837 714 2862 non
743 2823 886 2862 habet:
904 2823 1019 2875 forte
1048 2828 1155 2862 enim
1178 2856 1189 2872 ‚

69 2866 201 2905 ³1¹bd¹t
218 2896 230 2916 2
256 2873 382 2918 Primo
408 2887 488 2913 non
504 2877 590 2928 fuit
604 2877 847 2927 sufficienter
861 2881 1053 2916 contritus
1074 2893 1090 2923 ,·
1119 2877 1190 2917 sed

121 3030 182 3083 fa).
206 3027 440 3064 Doctissiinus
465 3032 502 3064 P.
517 3033 622 3068 Leur.
640 3037 732 3071 Berti
759 3039 837 3073 Lib.
856 3041 976 3075 XXX·
1002 3040 1058 3074 De
1068 3039 1188 3074 Theol-

65 3072 234 3127 »ἕλῃ-ΨΑ
260 3087 335 3120 cap.
352 3088 408 3129 29.
436 3081 649 3113 enumeratis
662 3093 725 3125 pro
749 3085 850 3118 solita
875 3098 935 3120 sua
961 3088 1101 3120 solertia
1121 3109 1132 3128 ‚
1158 3091 1190 3119 ἅτ

64 3119 272 3154 seruditione
295 3133 404 3156 varus
420 3145 431 3163 ‚
454 3127 485 3156 δι
511 3126 632 3158 multis
658 3126 916 3172 'Plieologomm
941 3134 1191 3177 opinionibus,

75 3174 222 3217 §matur
262 3167 472 3211 ostendere,
505 3172 731 3205 Sacramenta
765 3184 838 3206 esse
873 3188 996 3211 causas
1018 3181 1190 3222 phy-sicas

78 3215 362 3248 :nstnimentales
388 3218 510 3260 gratiae
528 3242 540 3260 ‚
574 3230 642 3251 non
670 3226 786 3250 tamen
823 3221 976 3255 directas
999 3234 1038 3258 ιιι
1057 3218 1198 3259 'insti-n-

74 3265 198 3291 menta
224 3261 397 3296 artificum
424 3271 532 3303 sunt5
576 3263 633 3297 sed
662 3266 854 3298 endirez-ras
870 3287 880 3304 ,
905 3270 1081 3310 quomodo
1104 3273 1198 3315 agri-

78 3301 162 3337 colae
183 3315 268 3343 eunt
286 3319 398 3344 eausa
423 3319 581 3356 segetum
594 3332 606 3353 ‚
633 3311 716 3356 quia
739 3323 783 3345 ea
802 3311 962 3355 faciunt,
983 3315 1112 3358 quibus
1136 3329 1196 3361 po—

2259 65 2316 116 δή

1252 143 1386 180 devote
1408 173 1417 190 ,
1461 143 1510 181 (ἰν
1540 151 1762 178 reverenter
1792 143 1989 180 acce-'lens
2019 150 2276 192 consequetur
2303 155 2372 190 prr

1252 196 1323 233 hoc
1353 195 1665 233 Sacramentum
1694 200 1872 245 grafium
1903 196 2129 244 charitatis,
2159 210 2248 246 φατε
2277 208 2370 232 car:-

1254 253 1452 287 trudonem
1496 248 1699 300 perficiet,
1742 248 1791 287 <9⁰
1821 260 2092 286 rernm-nimirum
2127 253 2305 297 peccati.
2338 250 2370 286 l-

1255 303 1341 340 dem
1372 303 1502 340 asserit
1535 301 1738 351 tingi-cus
1767 300 1813 336 de
1842 301 2085 337 Sacramento
2103 303 2371 340 Confirmatio-

1255 358 1311 394 nis
1343 357 1379 394 5.
1402 355 1442 393 l’.
1473 364 1608 408 qua-st.
1633 368 1696 405 72.
1726 362 1797 391 art.
1816 368 1852 404 7.
1882 352 1928 390 ad
1961 366 1996 390 2.
2029 356 2227 404 inquit-ns:
2257 356 2297 393 St
2326 369 2372 393 ‹i-

1254 410 1365 459 quuc's
1395 408 1553 446 adultus
1583 412 1623 445 in
1669 416 1832 456 peccato
1877 410 2079 451 existens,
2128 420 2237 458 cujus
2279 422 2373 445 πωπ-

1253 467 1465 501 3εἱειιτὶιῐηι
1497 475 1574 498 nou
1607 461 1717 499 Ῐιιιῶεἰ
1742 475 1753 504 ;
1790 460 1846 497 t'el
1875 464 1906 496 si
1937 463 2061 496 etium
2092 472 2170 496 non
2199 468 2374 509 perfici-e

1252 521 1443 554 contritus
1471 515 1663 561 accedat,
1693 512 1909 550 ‹lammah›
1938 526 2017 550 non
2038 507 2372 565 jictusaccinlat,

1253 584 1323 621 per
1351 573 1533 622 gratiam
1577 569 1767 606 collatam
1799 572 1839 605 ιή
1869 566 1942 603 hoc
1971 566 2241 604 Srtcrametito
2282 581 2374 603 con-

1252 634 1434 674 sequetur
1463 627 1741 661 remissionem
1784 630 2066 670 peccatorum.
2111 620 2375 671 Eamdemque

1253 678 1463 716 doctrinam
1495 678 1607 715 tradit
1635 677 1680 713 de
1702 675 1882 713 Extrema
1903 674 2090 712 Unctioue
2121 675 2159 712 in
2180 674 2245 712 iv.
2278 674 2376 711 Dist.

1257 731 1404 769 Xtht.
1435 740 1572 784 quaest.
1594 744 1627 768 1.
1657 739 1726 768 art.
1746 742 1782 768 2.
1812 730 2043 781 quaestiunc.
2074 742 2105 766 1.
2139 730 2261 780 Atque
2291 726 2374 764 liaec

1255 784 1432 836 Angelici
1465 786 1646 822 sententia
1665 814 1676 832 ,
1718 784 1777 820 sin
1808 784 1935 820 minus
1967 782 2218 833 undequaque
2248 790 2377 827 certa,

1254 838 1604 877 contradicentibus
1627 836 1845 888 -aliquibus
1875 835 2080 887 Theologis
2097 865 2107 882 ,
2151 835 2281 872 saltem
2312 834 2377 871 ad-

1254 893 1410 930 modum
1437 891 1650 944 probabilis
1679 904 1728 929 est
1751 920 1762 938 ,
1793 900 1871 929 tum
1902 899 2055 942 propter
2084 891 2173 927 tanti
2204 889 2378 927 Doctoris

1253 947 1519 996 gravissimam
1551 947 1842 991 auctoritatem,
1881 952 1959 981 tum
1992 945 2105 982 etiam
2135 952 2289 995 propter
2318 954 2379 980 ra-

1254 1001 1400 1048 tiones,
1429 1014 1524 1051 quas
1553 999 1763 1036 'I'homistae
1795 997 1954 1034 afferunt
1975 1023 1987 1034 .

1311 1053 1405 1097 412.
1434 1054 1510 1092 Sed
1538 1061 1678 1104 praeter
1709 1051 1806 1089 lianc
1837 1052 1997 1102 gratiam
2041 1049 2343 1088 sanctificantem
2363 1078 2379 1096 ⁸,

1254 1117 1402 1144 certum
1430 1115 1515 1154 est,
1545 1120 1565 1142 a
1595 1104 1754 1156 singulis
1783 1104 2038 1142 Sacramentis
2065 1105 2231 1141 conferri
2260 1102 2379 1141 aliam

1257 1161 1421 1210 gratiam
1439 1190 1450 1207 ,
1493 1171 1583 1210 quae
1612 1158 1752 1196 dicitur
1781 1156 2131 1204 Sacramentalis,
2173 1170 2262 1208 quae
2285 1186 2296 1203 ,
2339 1164 2381 1192 ut

1256 1215 1379 1265 inquit
1409 1213 1450 1251 S.
1480 1212 1651 1250 Thomas
1673 1211 1710 1250 5.
1741 1209 1783 1248 P.
1812 1218 1947 1262 quaest.
1972 1211 2036 1247 52.
2065 1219 2135 1248 art.
2159 1223 2225 1257 2.,
2267 1207 2380 1245 addit

1254 1279 1372 1318 super
1397 1270 1578 1318 gratiam
1599 1267 1866 1304 communiter
1895 1263 2070 1311 dictam,
2099 1264 2279 1311 &super
2308 1265 2381 1298 vir-

1256 1328 1386 1368 tutes,
1418 1321 1466 1361 (9³
1495 1319 1605 1358 dona
1635 1318 1838 1370 quoddam
1867 1317 2041 1356 divinum
2071 1317 2296 1364 auxilium,
2326 1313 2382 1353 ad

1256 1374 1577 1425 consequendum
1607 1372 1865 1411 Sczcramenti
1883 1372 2021 1424 finem
2039 1397 2050 1409 .

1311 1429 1405 1475 415.
1438 1429 1616 1466 Diversos
1657 1428 1832 1465 omnium
1863 1426 2197 1464 Sacramentorum
2226 1421 2380 1460 effectus

1255 1483 1308 1521 ita
1336 1481 1554 1520 Concilium
1587 1479 1852 1518 Florentinum
1883 1479 2073 1529 exposuit:
2095 1507 2122 1524 „
2141 1477 2296 1528 Septem
2312 1475 2381 1513 Sa-

1313 1544 1595 1573 cramentorum
1626 1534 1752 1584 prima
1782 1533 1955 1584 quinque
1983 1531 2030 1568 ad
2068 1530 2306 1581 spiritualem
2340 1543 2382 1566 u-

1258 1618 1284 1636 „
1315 1587 1594 1638 uiuscujusque
1639 1586 1804 1623 hominis
1834 1586 1874 1623 in
1917 1585 2039 1635 seipso
2082 1584 2381 1635 perfectionem,

1255 1671 1281 1689 „
1310 1641 1386 1678 duo
1417 1640 1553 1678 ultima
1582 1640 1628 1677 ad
1658 1640 1768 1677 totius
1797 1637 1981 1676 Ecclesiae
2012 1639 2212 1687 regimen,
2250 1634 2383 1674 multi-

1255 1724 1280 1743 „
1311 1694 1636 1747 plicationemque
1679 1692 1848 1730 ordinata
1885 1701 1999 1729 sunt.
2042 1690 2111 1728 Per
2142 1691 2384 1741 Baptismum

1254 1778 1280 1797 „
1313 1749 1414 1786 enim
1444 1747 1694 1798 spiritualiter
1722 1746 1956 1783 renascimur
1977 1774 1988 1792 ,
2019 1757 2087 1795 per
2113 1744 2382 1781 Confirmatio-

1256 1831 1283 1850 „
1313 1815 1399 1839 nem
1429 1812 1616 1852 augemur
1644 1799 1684 1837 in
1713 1800 1861 1850 gratia,
1891 1798 1926 1835 ἃ
1957 1797 2184 1835 roboramur
2213 1798 2252 1833 in
2281 1796 2383 1842 fide;

1312 1856 1433 1892 renati
1463 1863 1590 1891 autem
1609 1883 1620 1901 ,
1650 1853 1683 1889 ἃ
1715 1854 1879 1891 roborati
1910 1853 2103 1890 nutrimur
2132 1851 2275 1888 divinae
2308 1850 2384 1887 Eu-

1257 1938 1283 1957 „
1314 1908 1505 1947 charistiae
1536 1906 1747 1945 alimonia.
1795 1905 1907 1954 Quod
1935 1907 1965 1943 si
1997 1918 2066 1957 per
2101 1913 2301 1956 peccatum
2333 1918 2385 1941 εε-

1258 1992 1284 2011 ‚,
1314 1962 1544 2014 gritudiuein
1576 1961 1810 1999 incurrimus
1831 1962 1995 2007 animae,
2029 1972 2095 2010 per
2111 1957 2382 1996 Paenitentiam

1259 2046 1285 2065 „
1315 2014 1565 2068 spiritualiter
1584 2027 1792 2061 sanamur5
1822 2011 2070 2064 spiritualiter
2087 2014 2201 2050 etiam
2221 2042 2230 2059 ,
2253 2010 2285 2046 ἃ
2302 2023 2383 2047 cor-

1255 2101 1282 2120 „
1312 2068 1494 2122 pot-aliter
1524 2071 1539 2119 (
1569 2076 1682 2122 prout
1723 2069 1866 2106 animae
1909 2066 2061 2119 expedit
2091 2067 2106 2115 )
2139 2079 2207 2118 per
2249 2064 2384 2102 Extre-

1257 2154 1285 2174 „
1313 2137 1420 2161 mam
1453 2122 1708 2162 Unctionem.
1751 2121 1821 2159 Per
1858 2121 2047 2160 Ordinem
2090 2132 2179 2159 vero
2208 2117 2383 2156 Ecclesia

1257 2206 1287 2228 „
1313 2177 1576 2228 gubernatur,
1620 2176 1654 2213 &
1684 2174 1966 2228 multiplicatur
1995 2172 2271 2225 spiritualiter3
2314 2184 2381 2222 per

1254 2261 1283 2280 „
1313 2230 1613 2270 Matrimonium
1657 2228 1905 2281 corporaliter
1946 2235 2131 2277 augetur.
2153 2225 2174 2240 ''
2196 2224 2243 2262 Et
2282 2232 2382 2262 certe

1252 2298 1585 2338 supervacaneum
1616 2283 1770 2330 fuisset,
1809 2291 1884 2329 tot,
1915 2280 1949 2316 &
1977 2281 2128 2317 diversa
2155 2277 2384 2316 Sacramen-

1252 2347 1288 2378 ta
1317 2353 1339 2377 a
1368 2338 1451 2377 Deo
1481 2338 1666 2383 instituti,
1696 2336 1725 2373 si
1756 2335 1930 2373 eamdem
1960 2334 2122 2384 gratiam
2152 2330 2381 2369 Sacramen-

1252 2392 1367 2431 talem
1397 2392 1527 2429 onmia
1555 2389 1800 2428 conferrent.
1832 2388 1931 2426 Vide
1946 2389 2049 2425 dicta
2078 2386 2255 2437 superius
2275 2398 2382 2422 num.

1255 2445 1347 2497 278.
1379 2444 1425 2483 Et
1454 2444 1518 2483 hic
1549 2445 1696 2496 primus
1725 2451 1803 2489 est,
1834 2440 1868 2477 8<
1895 2438 2084 2493 generalis
2115 2439 2289 2476 omnium
2311 2438 2380 2476 Sa-

1252 2508 1534 2538 cramentorum
1564 2495 1744 2534 effectus.
1773 2495 1887 2533 Nunc
1921 2493 2127 2532 dicendum
2162 2500 2213 2529 est
2242 2491 2290 2529 de
2322 2491 2378 2529 al-

1254 2562 1333 2592 tero
1360 2551 1497 2590 effectu
1527 2563 1601 2590 non
1628 2550 1827 2597 omnium,
1856 2548 1919 2586 sed
1949 2548 2065 2586 trium
2086 2546 2282 2583 dumtaxat
2314 2557 2378 2582 no-

1254 2621 1314 2648 vae
1344 2605 1437 2658 legis
1461 2604 1801 2646 sacramentorum
1818 2633 1831 2653 ,
1858 2615 1999 2655 nempe
2025 2600 2073 2640 de
2100 2598 2326 2639 Charactere
2342 2623 2355 2637 .

1257 1566 1283 1584 >>

1257 1884 1283 1904 >>

2246 2920 2332 2961 CA-

1258 3039 1335 3074 sitis
1353 3038 1446 3071 Dens
1472 3035 1532 3070 dat
1557 3034 1732 3079 segetibus
1761 3033 2016 3067 incrementum
2033 3051 2045 3072 ,
2071 3033 2102 3063 ἃ
2119 3027 2279 3063 medicus
2295 3039 2383 3073 pcr-

1257 3087 1375 3130 rigens
1402 3084 1539 3117 infirmo
1557 3080 1855 3116 medicamentum
1881 3091 1984 3113 cansa
2009 3087 2060 3111 est
2081 3076 2381 3112 instrumentalis,

1258 3131 1317 3166 sed
1344 3130 1515 3164 indirecta
1541 3128 1725 3167 sanitatis3
1763 3138 1841 3171 quae
1865 3125 1935 3160 duo
1960 3125 2118 3169 exempla
2144 3132 2224 3156 sunt
2251 3123 2284 3153 S.
2312 3121 2382 3170 Αιι-

1260 3178 1393 3223 gustini
1421 3177 1576 3211 Lib-IX.
1604 3174 1659 3208 De
1676 3175 1806 3208 Genesi
1834 3175 1880 3207 acl
1899 3176 1971 3207 litt.
1997 3183 2072 3216 cap.
2098 3170 2150 3203 15.
2179 3170 2244 3201 Hic
2271 3167 2379 3208 expli-

1243 3223 1362 3258 >candi
1391 3222 1518 3258 modus
1544 3223 1586 3255 iis
1612 3234 1680 3255 non
1704 3220 1934 3265 displicebit,
1972 3228 2009 3251 ιιι
2036 3229 2138 3256 reor,
2174 3215 2233 3258 qui
2260 3214 2380 3244 Sacra-

1262 3281 1380 3304 menta
1407 3282 1480 3303 esse
1517 3280 1638 3302 causas
1676 3269 1800 3314 gratiae
1840 3263 2087 3300 tantummodo
2119 3260 2267 3296 morales
2301 3264 2381 3288 cum

1263 3317 1425 3352 scotistis
1451 3314 1641 3351 defendunt
1661 3336 1671 3346 .
