2605 3624
276 84 330 136 74

209 163 364 200 diutino
382 186 391 196 .
441 157 570 194 Postea
598 168 688 193 vero
717 153 877 203 multae,
921 154 954 191 ἃ
987 155 1167 207 implexae
1198 171 1332 196 occur-

208 227 290 252 runr
324 212 551 265 qzimiiones
571 225 592 247 a
613 209 857 247 Scholasticis
889 211 1084 258 excitatae,
1115 224 1210 262 quas
1239 225 1333 250 non-

203 270 276 304 nisi
309 267 474 304 breviter
505 264 762 302 indicabimus
783 294 793 311 ,
826 273 863 300 nt
894 272 1068 314 tempus,
1099 278 1142 301 ac
1172 263 1334 315 diligen-

201 322 294 358 tiam
327 330 494 357 nostrum
526 320 564 356 in
594 317 705 356 rebus
728 318 942 355 utilioribus
966 317 1231 368 impendamus
1247 319 1334 369 (a).

260 374 421 421 Quceres
449 375 603 423 primo,
634 375 673 408 itz
703 386 777 422 quo
806 375 886 408 sim
915 375 963 407 sit·
981 379 1157 419 natura,
1187 373 1245 409 rel
1273 387 1332 410 es-

201 432 337 465 sentia.
365 427 612 465 characteris
642 422 1005 463 S‹zcr.zmentulc's?

256 482 349 527 462.
368 481 478 533 Hesp.
497 511 506 529 ,
537 480 742 518 admodum
773 478 930 515 difficile
960 491 1037 516 esse
1068 478 1105 516 id
1135 485 1238 516 certo
1266 480 1331 517 de-

201 538 431 584 terminare,
460 548 551 572 cum
582 535 678 571 inter
705 547 743 570 se
764 531 874 570 valde
894 532 1105 583 discrepent
1134 532 1330 571 scholasti-

201 590 237 626 ci
268 590 476 636 Doctores,
506 600 671 639 quorum
703 586 917 636 praecipuas
946 588 1148 624 sententias
1179 586 1240 624 hic
1271 601 1329 624 re—

199 643 368 681 feremus
386 670 396 681 .
425 643 559 681 Scotus
588 642 626 678 iu
658 640 726 677 IV.
759 639 854 676 Dist.
873 638 940 675 Vl.
970 649 1106 690 quaest.
1128 653 1190 677 10.
1219 639 1328 689 vult,

199 696 460 735 characterem
490 708 561 733 uon
582 706 658 731 esse
678 694 752 731 nisi
774 691 995 730 relationem
1016 693 1227 745 quamdam
1249 707 1329 732 rea-

197 749 276 788 lem
299 752 527 787 extrinsecus
542 750 684 786 animae
700 747 988 794 advenientem,
1018 745 1122 786 velut
1150 746 1329 785 effectum

197 804 464 842 Sacramenti.
495 804 592 840 Cum
623 803 727 838 euim
758 798 956 838 character
970 800 1119 838 dicatur
1140 805 1328 853 signnm,

197 859 352 908 siguum
381 867 507 894 autem
529 856 574 892 sit
595 856 688 906 quid
710 853 914 893 relativum
945 854 994 892 ad
1024 867 1105 892 rem
1135 855 1328 906 siguifica-

196 920 297 959 tam,
329 910 471 961 colligit
494 910 638 946 Doctor
666 907 845 956 subtilis,
875 907 1137 948 characterem
1164 921 1242 947 non
1270 923 1328 947 es-

196 979 261 1012 se,
292 966 363 1001 nisi
396 964 618 1001 relationem
650 962 821 1000 realem.

248 1018 341 1062 465.
375 1017 578 1055 Durandus
608 1017 646 1055 iu
677 1016 746 1055 IV.
776 1016 876 1054 Dist.
906 1015 975 1054 IV.
1005 1031 1073 1069 qu.
1109 1029 1143 1055 1.
1172 1031 1194 1055 a
1223 1015 1328 1056 Scoti

197 1074 379 1110 sententia
409 1072 447 1109 in
476 1084 518 1108 eo
539 1071 706 1118 recedit,
736 1070 836 1123 quod
869 1070 960 1109 velit
988 1071 1248 1109 characterem
1268 1072 1327 1108 ni-

192 1125 251 1162 hil
282 1140 360 1163 esse
390 1124 518 1173 reale,
546 1124 611 1162 sed
640 1122 759 1162 solam
790 1122 1013 1162 relationem
1043 1126 1227 1172 rationis,
1261 1139 1327 1162 seu

193 1179 542 1218 denominationem
556 1187 754 1217 externam
772 1210 783 1228 ,
813 1191 881 1230 per
911 1193 1031 1231 quam
1062 1178 1176 1216 homo
1205 1179 1326 1230 depu-

192 1242 294 1270 tatur
323 1234 370 1271 ad
399 1232 548 1285 aliquid
577 1233 767 1284 agendum
785 1263 796 1281 ‚
831 1231 891 1272 vel
922 1233 1209 1284 recipiendum:
1253 1233 1325 1270 sic-

191 1288 368 1325 uticum
400 1286 585 1337 Princeps
624 1285 795 1338 aliquem
838 1286 992 1338 deputat
1035 1287 1082 1324 ad
1121 1285 1323 1334 officium,

191 1339 254 1379 vel
285 1342 570 1379 nummismatis
599 1339 771 1378 valorem
800 1349 939 1391 anget,
980 1339 1082 1378 nihil
1126 1340 1227 1378 reale
1269 1341 1324 1378 eis

190 1395 363 1439 consert3
407 1394 470 1431 sed
499 1393 922 1432 uudam.extrinsecam
966 1394 1218 1442 relationem,
1262 1393 1322 1431 vel

191 1447 564 1485 denominationem:
594 1445 679 1482 haec
709 1448 810 1484 enim
840 1447 1034 1498 explicant
1062 1447 1221 1499 quidem
1249 1447 1324 1485 ali-

187 1515 305 1552 quem
333 1509 462 1538 actum
491 1511 536 1536 ex
559 1507 663 1549 parte
684 1497 900 1550 Principis:
929 1500 1081 1538 nullam
1101 1510 1231 1537 tamen
1260 1501 1319 1538 in-

188 1556 392 1592 trinsecam
423 1553 672 1592 mutationem
701 1552 741 1590 in
772 1561 950 1600 moneta,
994 1554 1055 1591 vel
1098 1553 1137 1590 in
1168 1553 1324 1590 homine

188 1609 392 1660 deputato.
425 1608 484 1645 Ab
515 1606 586 1644 hac
615 1606 799 1644 sententia
828 1619 903 1644 non
922 1608 1082 1644 omnino
1095 1620 1133 1642 se
1149 1604 1323 1643 alienum

189 1664 330 1700 fatetur
360 1661 589 1701 Dominicus
618 1659 708 1700 Soto
739 1660 781 1698 in
811 1659 881 1698 IV.
911 1660 1011 1699 Dist.
1041 1660 1071 1698 Ι.
1113 1667 1252 1712 quaest.
1282 1658 1322 1706 4.

189 1726 261 1755 art.
280 1730 317 1754 2.

242 1769 336 1816 464.
368 1769 446 1808 Alii
461 1767 557 1807 alias
572 1768 764 1806 iniverunt
792 1767 899 1816 vias,
929 1776 969 1805 nt
999 1767 1198 1806 essentiam
1227 1765 1319 1805 cha-

185 1825 344 1862 racteris
372 1821 663 1861 Sacramentalis
691 1823 1020 1870 determinarent,
1065 1834 1227 1873 eamque
1270 1822 1319 1859 ad

186 1877 348 1930 aliquod
390 1877 734 1929 praedicamentum
777 1876 1028 1920 reducerent3
1071 1885 1112 1912 ut
1155 1883 1209 1912 tot
1237 1878 1317 1912 sint

186 1934 425 1978 sententiae,
455 1939 545 1981 quot
573 1933 731 1980 capita,
760 1928 1055 1981 suppucletthue
1074 1932 1254 1966 omnium
1274 1941 1317 1965 o-

186 1989 366 2039 piniones
395 1996 632 2022 recensere:
675 1997 720 2020 eo
752 1986 1002 2032 potissimum
1020 2013 1031 2031 ,
1075 1982 1178 2034 quod
1207 1995 1314 2033 quoe-

186 2043 262 2078 stc'o
291 2048 350 2078 est
377 2042 420 2076 in
448 2038 655 2076 visceribus
683 2036 990 2089 Metuplzysices
1018 2036 1202 2074 abstrusa
1219 2066 1230 2083 ,
1263 2036 1312 2076 <9⁴

187 2093 274 2132 ideo
303 2088 706 2139 cunctismolestior,
737 2104 860 2143 quam
895 2089 1098 2143 Theologz's
1126 2102 1314 2127 necessa-

186 2151 279 2185 ria.
329 2147 459 2185 Verba
492 2155 576 2185 sunt
616 2144 779 2184 celebris
815 2145 975 2197 Hispani
1005 2144 1191 2195 Theologi
1228 2156 1314 2181 mox

186 2201 362 2240 laudati.
390 2200 468 2239 ‚Nos
497 2201 544 2238 iis
573 2199 839 2252 praetermissis
868 2198 989 2238 solam
1007 2198 1183 2251 Magistri
1199 2198 1314 2236 nostri

183 2255 410 2294 senteutiam
441 2253 725 2306 explicabimus
741 2279 752 2290 .

242 2309 335 2355 465.
364 2308 632 2346 Sanctissimus
661 2316 786 2345 noster
800 2305 1015 2358 Praeceptor
1044 2307 1082 2346 5.
1105 2305 1146 2344 Ρ.
1176 2314 1313 2359 quaest.

185 2363 341 2402 63.a.·t.
359 2374 395 2400 2.
427 2363 559 2414 ponit,
589 2360 851 2400 characterem
881 2375 958 2399 esse
986 2357 1227 2413 spiritualem
1248 2373 1315 2413 po-

185 2424 382 2455 testatem:
412 2415 513 2467 quod
544 2415 678 2466 probat
698 2417 738 2455 in
758 2429 909 2467 argum.
926 2446 937 2464 ,
967 2414 1037 2453 sed
1058 2426 1221 2463 contra,
1255 2428 1315 2452 ra-

185 2473 287 2509 tione
317 2467 608 2522 philosophica3
637 2471 729 2521 quia
748 2469 956 2508 secuudum
974 2468 1251 2521 Philosophum
1267 2468 1315 2506 ll.

186 2523 323 2563 Ethic.
353 2524 425 2560 tria
454 2530 536 2560 sunt
568 2523 605 2559 in
634 2523 789 2570 anima,
819 2525 1015 2574 potentia,
1059 2522 1239 2571 habitus,
1276 2521 1310 2558 ὃς

217 2579 339 2623 assi03
375 2575 572 2615 character
600 2584 727 2613 autem
756 2589 881 2627 neque
916 2579 1040 2628 passio
1069 2586 1150 2626 est,
1188 2589 1311 2629 neque

185 2594 367 2671 iiabitus:
396 2643 484 2681 ergo
512 2629 622 2667 debet
651 2629 729 2668 esse
758 2630 923 2682 potentia
941 2656 951 2668 .
980 2630 1066 2669 Non
1087 2641 1138 2669 est
1159 2632 1311 2684 passio,

187 2686 281 2737 quia
311 2684 394 2721 haec
424 2685 499 2722 cito
516 2685 676 2733 transit,
707 2683 901 2723 character
931 2693 1057 2721 autem
1087 2694 1138 2722 est
1168 2684 1312 2722 indele-

187 2738 308 2778 hilis.
352 2738 436 2776 Non
464 2746 516 2776 est
546 2736 726 2787 habitus,
769 2739 864 2790 quia
905 2737 1034 2777 nullus
1077 2737 1232 2776 habitus
1262 2746 1315 2776 est

186 2791 409 2832 indifferens
438 2792 485 2830 ad
515 2791 686 2841 bonum,
715 2791 776 2830 vel
806 2793 854 2830 ad
882 2792 1057 2838 maluin;
1097 2791 1315 2831 charactere

188 2855 317 2886 autem
347 2854 464 2898 potest
491 2847 688 2898 quisuti,
717 2847 816 2885 bene
834 2877 845 2896 ,
873 2846 935 2887 vel
966 2846 1089 2886 male:
1132 2859 1221 2898 ergo
1249 2859 1318 2898 po-

189 2909 305 2939 tentia
322 2926 333 2938 .

244 2952 337 3000 466.
366 2953 410 2991 In
439 2965 597 3005 corpore
624 2963 751 2993 autem
780 2954 934 2994 articuli
975 2953 1048 2993 hoc
1077 2954 1181 2993 idem
1210 2952 1319 2994 evin-

239 3120 290 3156 (α)
323 3115 420 3161 Quid
439 3117 526 3147 enim
538 3114 637 3161 juvat
651 3136 661 3154 ,
688 3113 802 3160 inquit
817 3115 1038 3150 doctissimus
1052 3114 1089 3147 P.
1107 3115 1195 3148 Ren.
1208 3113 1322 3157 Hyac.

195 3164 377 3198 Drouven.
406 3162 485 3195 Lib.
514 3162 538 3194 l.
566 3160 624 3193 De
648 3175 684 3193 re
710 3175 853 3196 sacram.
880 3176 955 3208 cap.
985 3173 1038 3196 12.
1055 3183 1065 3202 ,
1093 3183 1117 3201 ‚‚
1138 3159 1180 3194 ad
1205 3159 1324 3192 defen-

191 3232 222 3252 3,
246 3213 379 3244 sionem
403 3208 568 3242 catholici
594 3206 766 3252 dogmatis
807 3210 1030 3254 importune,
1069 3211 1099 3240 δι
1136 3206 1178 3240 ad
1211 3209 1325 3240 ravim

197 3279 226 3298 2,
251 3269 361 3302 usque
389 3256 424 3289 in
450 3254 668 3289 scholasticis
694 3256 1007 3289 exercitationibus
1022 3255 1209 3300 quaeritare
1235 3254 1325 3286 sitne

176 3324 222 3345 ·2‚
251 3303 436 3338 character
463 3301 687 3342 substantia,
729 3303 785 3334 vel
812 3301 997 3343 accidens,
1035 3314 1096 3335 ens
1122 3302 1237 3340 reale,
1264 3308 1324 3333 aut

193 3373 222 3393 2,
247 3351 423 3387 rationis?
465 3349 597 3384 Utrum
622 3349 659 3383 in
694 3348 968 3396 praedicamento
1002 3348 1127 3385 debeat
1160 3347 1325 3384 collocari

1089 76 1360 121 DISSERT.
1392 77 1426 121 Ι.
1461 76 1590 121 CAP.
1623 78 1727 122 XII.

1400 158 1450 196 cit
1479 167 1705 209 argumento
1734 155 1966 210 theologico:
2009 159 2102 211 quia
2132 188 2159 207 ‚,
2190 158 2434 198 Sacramenta
2463 174 2530 200 no-

1404 241 1429 260 „
1460 225 1518 249 vae
1540 213 1633 263 legis
1651 213 1878 264 imprimunt
1896 212 2158 253 characterem
2175 243 2186 261 ,
2217 214 2441 264 inquantum
2465 228 2533 266 per

1404 294 1430 313 „
1461 280 1503 302 ea
1532 267 1760 317 deputantur
1790 265 1959 304 homines
2001 267 2047 304 ad
2078 265 2227 304 cultum
2257 268 2359 315 Dei,
2403 281 2536 305 secun—

1404 348 1431 367 „
1461 319 1554 357 dum
1586 321 1701 357 ritum
1731 319 1950 357 christianae
1982 320 2176 372 religionis
2271 320 2436 359 Divinus
2466 335 2535 358 au-

1404 402 1430 420 „
1463 381 1538 410 tem
1568 373 1691 410 cultus
1721 375 1886 411 consistit
1915 372 1976 411 vel
2007 376 2046 412 in
2077 374 2296 425 recipiendo
2324 373 2453 426 aliqua
2475 375 2533 412 di-

1402 455 1429 473 „
1461 426 1575 470 vina,
1606 425 1666 463 vel
1698 426 1735 463 in
1766 427 1946 471 tradendo
1974 426 2087 465 aliis.
2136 428 2196 466 Ad
2228 437 2434 480 utrumque
2464 443 2532 466 au-

1400 508 1426 527 „
1457 487 1530 515 tem
1564 479 1701 516 horum
1731 480 1939 530 requiritur
1981 483 2162 526 qua-edam
2207 483 2398 533 potentia:
2443 496 2533 522 nain

1400 561 1426 580 „
1457 532 1505 570 ad
1535 532 1761 570 tradendum
1791 531 1942 584 aliquid
1975 529 2060 572 aliis
2097 536 2305 586 requiritur
2347 535 2532 588 quaedain

1399 615 1425 634 „
1455 587 1621 637 potentia
1651 587 1807 630 activa‚·
1837 587 1884 623 ad
1913 588 2180 638 accipiendum
2211 599 2338 627 autem
2371 591 2534 642 requiri-

1398 668 1425 687 „
1456 648 1516 676 tur
1546 640 1713 691 potentia
1743 640 1889 691 passiva
1909 665 1920 677 .
1969 639 2015 678 Et
2046 642 2129 678 ideo
2159 641 2356 680 character
2387 644 2533 695 impor-

1398 721 1426 740 „
1457 701 1508 730 tat
1538 693 1747 744 quamdam
1786 695 1991 744 potentiam
2035 693 2276 744 spiritualem
2314 696 2534 734 ordinatam

1398 775 1425 795 ,‚
1454 748 1501 784 ad
1532 762 1601 794 ea,
1633 761 1721 799 quae
1753 756 1838 785 sunt
1867 748 1992 786 divini
2021 747 2183 784 cultus'’
2203 774 2215 785 .

1451 799 1546 851 467.
1578 800 1706 840 Postea
1737 802 1775 838 in
1806 815 1904 853 resp.
1945 801 1992 839 ad
2025 800 2062 838 5.
2094 799 2235 839 refellit
2277 800 2372 839 duas
2416 815 2532 855 snpra

1401 853 1538 892 relatas
1567 857 1769 906 opiniones
1789 854 1890 893 Scoti
1910 885 1919 902 ,
1951 854 1983 890 8(
2007 855 2182 892 Duraudi
2200 885 2210 901 ,
2241 856 2308 906 qui
2338 854 2532 894 characte-

1399 908 1450 946 ris
1481 918 1658 946 natnram
1688 910 1726 946 in
1755 908 1835 946 sola
1864 908 2044 946 relatione
2077 910 2308 959 intrinseca,
2347 919 2412 947 aut
2449 919 2531 948 tan-

1394 963 1594 1000 tummodo
1622 964 1834 1001 extrinseca
1864 963 2122 1014 reponebant,
2153 964 2350 1014 inquiens:
2395 993 2423 1012 „
2455 963 2529 1000 Re-

1394 1044 1422 1064 „
1453 1014 1570 1064 latio,
1613 1030 1702 1068 quae
1733 1017 1961 1068 importatur
1991 1017 2030 1054 in
2060 1017 2216 1054 nomine
2246 1018 2344 1067 signi
2363 1047 2373 1066 ,
2417 1030 2531 1070 opor-

1400 1098 1425 1118 ,‚
1454 1078 1532 1117 tet,
1569 1070 1670 1122 quod
1700 1084 1816 1123 supra
1844 1070 2002 1122 aliquod
2030 1071 2241 1108 fundetur.
2288 1070 2434 1109 Relatio
2464 1085 2532 1109 an-

1394 1152 1420 1171 „
1453 1132 1528 1161 tem
1560 1123 1676 1176 hujus
1705 1125 1803 1175 signi
1823 1154 1833 1170 ,
1877 1124 1979 1176 quod
2011 1133 2064 1162 est
2093 1124 2290 1161 character
2310 1154 2321 1172 ,
2365 1138 2436 1162 non
2468 1138 2534 1176 po-

1395 1206 1422 1226 „
1451 1185 1516 1215 test
1548 1178 1702 1216 fundari
1734 1178 1956 1216 immediate
1985 1190 2100 1229 super
2131 1179 2332 1215 essentiam
2362 1180 2533 1227 animae,

1393 1260 1422 1281 „
1452 1234 1544 1282 quia
1573 1234 1626 1270 sic
1657 1232 1878 1270 conveniret
1906 1232 2012 1269 omni
2032 1233 2172 1268 animae
2193 1230 2448 1270 naturaliter.
2479 1231 2528 1269 Et

1393 1313 1420 1332 ,‚
1451 1285 1535 1322 ideo
1563 1293 1735 1336 oportet,
1765 1284 1915 1336 aliquid
1937 1286 2024 1336 poni
2047 1287 2086 1323 in
2108 1285 2262 1332 anima,
2278 1286 2405 1337 vsuper
2426 1285 2530 1337 quod

1394 1367 1421 1386 „
1452 1339 1632 1377 fundetur
1662 1338 1746 1376 talis
1768 1338 1926 1376 relatio:
1958 1338 1991 1373 δι
2022 1337 2092 1376 hoc
2122 1348 2173 1376 est
2203 1341 2361 1376 essentia
2392 1338 2530 1376 chara-

1394 1420 1420 1439 „
1449 1395 1583 1438 cteris:
1628 1394 1727 1430 unde
1756 1406 1829 1430 non
1858 1392 2075 1444 oportebit,
2114 1392 2216 1444 quod
2246 1393 2291 1428 sit
2324 1394 2370 1428 in·
2393 1405 2531 1443 genere

1394 1474 1420 1493 „
1451 1446 1676 1495 relationis,
1706 1447 1803 1484 sicut
1833 1447 1992 1497 quidam
2022 1454 2258 1498 posueruut.
2307 1443 2363 1481 Et
2393 1458 2530 1483 rursus

1393 1527 1420 1546 „
1451 1499 1506 1537 αλ
1536 1500 1575 1546 4.
1604 1500 1837 1547 Character,
1868 1503 2020 1551 inquit,
2060 1499 2173 1537 habet
2213 1500 2400 1537 rationem
2430 1500 2532 1550 signi

1392 1579 1419 1598 2,
1451 1567 1519 1604 per
1547 1555 1873 1606 comparationem
1910 1554 1957 1591 ad
1987 1553 2280 1591 Sacramentum
2320 1553 2530 1602 sensibile,

1392 1633 1420 1652 „
1451 1619 1473 1642 a
1502 1619 1580 1657 quo
1609 1609 1877 1659 imprimitur,
1900 1607 1971 1650 ,sed
2000 1607 2214 1644 secundum
2243 1620 2282 1644 se
2311 1607 2528 1645 considera-

1391 1685 1419 1707 „
1449 1667 1510 1695 tus
1540 1658 1654 1696 habet
1683 1661 1870 1698 rationein
1901 1659 2146 1712 principii''.

1446 1711 1541 1757 466.
1571 1712 1854 1751 Similitudines
1896 1722 2025 1750 antem
2068 1712 2326 1763 deputationis
2369 1713 2416 1749 ad
2459 1712 2532 1750 ali-

1391 1779 1508 1817 quem
1540 1767 1802 1818 magistratum
1821 1796 1830 1814 ,
1862 1765 1924 1804 vel
1954 1767 2282 1804 determinationis
2312 1765 2455 1804 valoris
2483 1767 2528 1805 in

1387 1821 1584 1868 nummis,
1622 1821 1657 1857 δε
1686 1821 1776 1860 aliae
1807 1818 1923 1871 hujtts
1950 1821 2100 1872 generis
2136 1819 2231 1857 nihil
2263 1820 2448 1858 evincunt
2478 1819 2529 1858 ad

1386 1886 1469 1911 rem
1499 1884 1685 1912 nostram:
1715 1875 1800 1911 ideo
1828 1876 1934 1912 enim
1967 1874 2052 1912 haec
2082 1887 2153 1911 non
2183 1882 2267 1911 sunt
2297 1875 2371 1911 nisi
2402 1882 2528 1911 exter-

1384 1940 1445 1964 nae
1475 1927 1657 1979 quaedam
1687 1927 1914 1974 relationes,
1943 1926 2005 1966 vel
2036 1928 2385 1975 denominationes,
2429 1927 2527 1979 quia.

1384 1979 1567 2032 Princeps
1596 1994 1673 2018 non
1716 1980 1818 2019 valet
1859 1979 2008 2032 aliquid
2046 1981 2299 2018 intrinsecum
2339 1980 2485 2018 homini
2509 2011 2522 2030 ,

1380 2033 1443 2074 vel
1473 2047 1634 2072 nummo
1664 2035 1914 2085 imprimere:
1945 2035 2043 2072 bene
2073 2034 2256 2072 autemid
2279 2044 2396 2085 potest
2413 2035 2520 2073 Deus

1380 2089 1646 2140 omnipotens:
1685 2088 1940 2139 quamobrem
1970 2088 2170 2125 character
2200 2088 2249 2125 ab
2280 2101 2324 2125 eo
2355 2090 2517 2139 impres-

1381 2155 1443 2180 sus
1472 2155 1603 2181 veram
1633 2141 1767 2179 tribuit
1799 2141 1947 2179 homini
1977 2143 2187 2193 potentiam
2216 2142 2263 2179 ad
2285 2155 2343 2179 res
2364 2143 2519 2180 divinas

1382 2195 1442 2234 vel
1473 2196 1740 2246 accipiendas,
1770 2194 1832 2234 vel
1861 2194 1948 2234 aliis
1976 2196 2201 2244 tradendas;
2232 2209 2320 2248 quae
2349 2197 2521 2248 potentia

1383 2258 1435 2287 est
1464 2248 1709 2288 indelebilis.
2349 2277 2354 2280 -

1439 2303 1532 2356 469.
1564 2303 1752 2341 Observat
1782 2304 1936 2355 insuper
1966 2303 2108 2343 Doctor
2137 2311 2208 2342 art.
2231 2302 2292 2351 5.,
2323 2302 2521 2342 characte-

1383 2371 1464 2395 rem
1505 2357 1833 2396 Sacramentalem
1868 2368 1953 2396 'esse
1995 2358 2214 2410 specialiter
2257 2357 2524 2396 characterem

1383 2410 1555 2460 Christi,
1585 2414 1678 2464 quia
1707 2410 1821 2449 homo
1851 2426 1919 2465 per
1948 2411 2210 2450 characterem
2238 2412 2441 2464 deputatur
2469 2410 2521 2450 ad

1383 2466 1647 2517 recipiendum
1665 2496 1676 2514 ,
1707 2466 1766 2504 vel
1797 2467 2025 2504 tradendum
2054 2465 2140 2505 aliis
2169 2481 2213 2503 ea
2231 2497 2242 2515 ,
2283 2480 2372 2518 quae
2406 2466 2522 2517 perti-

1384 2529 1476 2558 nent
1505 2521 1552 2558 ad
1581 2519 1728 2558 cultum
1761 2520 1857 2558 Dei:
1889 2528 1986 2558 totus
2016 2529 2145 2558 autem
2176 2521 2270 2558 ritus
2298 2520 2522 2556 christianae

1379 2573 1572 2624 religionis
1587 2575 1780 2612 derivatur
1794 2590 1817 2612 a
1838 2574 2056 2612 Sacerdotio
2072 2573 2212 2613 Christi
2234 2588 2244 2619 3
2275 2572 2308 2608 ἃ
2326 2572 2410 2609 ideo
2427 2571 2520 2609 cha-

1379 2637 1500 2665 racter
1515 2628 1813 2667 Sacramentalis
1831 2627 2046 2681 specialiter
2062 2637 2115 2666 est
2135 2626 2489 2679 character-Christi
2504 2650 2525 2668 n

1381 2681 1491 2719 Unde
1508 2681 1706 2733 Apostolus
1729 2697 1760 2720 1.
1781 2684 1868 2721 Cor.
1892 2681 1959 2720 IV.
1987 2695 2019 2719 1.
2042 2681 2263 2731 inquiebat:
2292 2679 2357 2717 Sic
2387 2693 2459 2717 nos
2475 2693 2515 2718 e·

1381 2738 1560 2774 xistimet
1589 2733 1734 2782 homo,
1763 2745 1803 2772 ut
1834 2740 2039 2773 ministros
2071 2732 2214 2771 Christi
2232 2763 2243 2781 ,
2280 2734 2330 2773 (9-
2359 2733 2518 2785 dispen-

1386 2797 1542 2828 satores
1571 2792 1855 2840 mysteriorum
1878 2787 1955 2825 De‘i
1971 2814 1981 2825 .
2011 2787 2100 2825 Jesu
2120 2797 2247 2826 autem
2267 2786 2418 2825 Christo
2447 2800 2521 2826 non

1387 2842 1569 2894 competit
1599 2841 1742 2881 habere
1772 2841 2032 2880 characterem
2051 2872 2061 2890 ,
2101 2851 2139 2878 ut
2169 2843 2248 2892 ipse
2276 2841 2318 2880 S.
2349 2841 2518 2883 Thomas

1387 2898 1493 2935 docet
1529 2904 1599 2933 art.
1622 2895 1659 2933 5.
1677 2925 1688 2942 ,
1732 2899 1826 2945 quia.
1861 2895 2035 2932 Christus
2065 2894 2180 2932 imber
2210 2896 2375 2946 plenam
2404 2896 2516 2945 spiri-

1386 2950 1509 2989 tualts
1537 2948 1752 2988 sacerdotii
1779 2958 2018 3000 potestatem
2035 2963 2048 2988 .·
2090 2950 2140 2991 ἔθ’
2175 2959 2353 3002 potestas
2379 2959 2516 3037 sclzcer-

2392 3013 2460 3037 (o-

1392 3133 1418 3154 ‚‚
1442 3093 1596 3154 directe,
1623 3121 1790 3158 tanquam
1817 3124 1948 3158 genus,
1982 3121 2042 3148 aut
2067 3113 2222 3158 species,
2256 3109 2311 3141 vel
2337 3106 2510 3143 indirecte

1392 3181 1419 3201 ,‚
1445 3168 1581 3193 tantum
1598 3182 1608 3200 ,
1648 3164 1680 3193 &
1704 3159 1907 3202 reductive,
1949 3170 1985 3194 ut
2011 3159 2139 3204 ajunt?
2180 3158 2274 3189 Sitne
2304 3156 2427 3187 relatio
2454 3156 2519 3188 uli-

1393 3228 1419 3248 „
1443 3218 1511 3251 qna
1535 3208 1659 3246 realis,
1700 3220 1742 3240 an
1786 3206 2027 3241 denominatio
2054 3216 2139 3249 pure
2164 3203 2360 3236 extrinseca
2379 3225 2388 3243 2
2430 3215 2470 3235 an
2497 3213 2514 3249 β

1393 3275 1421 3295 ‚,
1445 3255 1622 3287 contrario
1648 3266 1701 3286 res
1730 3254 1917 3287 absoluta?
1961 3254 2003 3287 Et
2040 3250 2190 3296 denique
2225 3249 2270 3284 ad
2307 3260 2414 3295 quam
2440 3259 2516 3294 spe-

1392 3322 1420 3343 „
1447 3301 1536 3338 ciem
1560 3301 1744 3347 qualitatis
1768 3300 1967 3347 pertineat?
