<?xml version="1.0" encoding="UTF-8"?>
<!DOCTYPE html PUBLIC "-//W3C//DTD XHTML 1.0 Transitional//EN"
    "http://www.w3.org/TR/xhtml1/DTD/xhtml1-transitional.dtd">
<html xmlns="http://www.w3.org/1999/xhtml" xml:lang="en" lang="en">
 <head>
  <title>
</title>
<meta http-equiv="Content-Type" content="text/html;charset=utf-8" />
  <meta name='ocr-system' content='tesseract 3.04.00' />
  <meta name='ocr-capabilities' content='ocr_page ocr_carea ocr_par ocr_line ocrx_word'/>
</head>
<body>
  <div class='ocr_page' id='page_1' title='image "./fratrispetrimari08gazzuoft/fratrispetrimari08gazzuoft_0087.png"; bbox 0 0 2605 3624; ppageno 0'>
   <div class='ocr_carea' id='block_1_1' title="bbox 1020 20 2348 95">
    <p class='ocr_par' dir='ltr' id='par_1_1' title="bbox 1020 20 2348 95">
     <span class='ocr_line' id='line_1_1' title="bbox 1020 20 2348 95; baseline 0.014 -31"><span class='ocrx_word' id='word_1_1' title='bbox 1020 20 1099 64; x_wconf 79' lang='lat' dir='ltr'>DE</span> <span class='ocrx_word' id='word_1_2' title='bbox 1135 23 1532 68; x_wconf 55' lang='lat' dir='ltr'>cautiorem.</span> <span class='ocrx_word' id='word_1_3' title='bbox 2304 58 2348 95; x_wconf 77' lang='lat'>7.</span> 
     </span>
    </p>
   </div>
   <div class='ocr_carea' id='block_1_2' title="bbox 68 98 1218 2669">
    <p class='ocr_par' dir='ltr' id='par_1_2' title="bbox 68 98 1218 2669">
     <span class='ocr_line' id='line_1_2' title="bbox 98 98 1215 159; baseline -0.007 -13"><span class='ocrx_word' id='word_1_4' title='bbox 98 105 254 146; x_wconf 71' lang='lat' dir='ltr'>Panum</span> <span class='ocrx_word' id='word_1_5' title='bbox 285 105 428 159; x_wconf 85' lang='lat' dir='ltr'>judicio</span> <span class='ocrx_word' id='word_1_6' title='bbox 455 101 655 142; x_wconf 85' lang='lat' dir='ltr'>definitum</span> <span class='ocrx_word' id='word_1_7' title='bbox 687 100 779 145; x_wconf 75' lang='lat' dir='ltr'>suit3</span> <span class='ocrx_word' id='word_1_8' title='bbox 809 98 915 137; x_wconf 84' lang='lat' dir='ltr'>aliud</span> <span class='ocrx_word' id='word_1_9' title='bbox 939 99 1150 156; x_wconf 75' lang='lat' dir='ltr'>subtilius,</span> <span class='ocrx_word' id='word_1_10' title='bbox 1180 101 1215 138; x_wconf 74' lang='grc' dir='ltr'><strong>ἃ</strong></span> 
     </span>
     <span class='ocr_line' id='line_1_3' title="bbox 93 152 1216 209; baseline -0.002 -15"><span class='ocrx_word' id='word_1_11' title='bbox 93 163 283 201; x_wconf 62' lang='lat' dir='ltr'>curiosius</span> <span class='ocrx_word' id='word_1_12' title='bbox 310 158 550 209; x_wconf 69' lang='lat' dir='ltr'>investigare,</span> <span class='ocrx_word' id='word_1_13' title='bbox 593 166 773 206; x_wconf 82' lang='lat' dir='ltr'>quaenam</span> <span class='ocrx_word' id='word_1_14' title='bbox 804 154 849 191; x_wconf 89' lang='lat' dir='ltr'>sit</span> <span class='ocrx_word' id='word_1_15' title='bbox 881 152 995 204; x_wconf 64' lang='lat' dir='ltr'>hujus</span> <span class='ocrx_word' id='word_1_16' title='bbox 1023 155 1118 204; x_wconf 80' lang='lat' dir='ltr'>signi</span> <span class='ocrx_word' id='word_1_17' title='bbox 1149 169 1216 192; x_wconf 81' lang='lat' dir='ltr'>na-</span> 
     </span>
     <span class='ocr_line' id='line_1_4' title="bbox 96 207 1216 264; baseline -0.007 -12"><span class='ocrx_word' id='word_1_18' title='bbox 96 223 181 252; x_wconf 87' lang='lat' dir='ltr'>tura</span> <span class='ocrx_word' id='word_1_19' title='bbox 237 213 270 250; x_wconf 73' lang='grc' dir='ltr'><strong>ἃ</strong></span> <span class='ocrx_word' id='word_1_20' title='bbox 300 215 336 249; x_wconf 88' lang='lat' dir='ltr'>iu</span> <span class='ocrx_word' id='word_1_21' title='bbox 364 224 439 264; x_wconf 86' lang='lat' dir='ltr'>qua</span> <span class='ocrx_word' id='word_1_22' title='bbox 467 210 609 246; x_wconf 80' lang='lat' dir='ltr'>auimae</span> <span class='ocrx_word' id='word_1_23' title='bbox 632 207 795 258; x_wconf 84' lang='lat' dir='ltr'>potentia</span> <span class='ocrx_word' id='word_1_24' title='bbox 817 207 1085 258; x_wconf 79' lang='lat' dir='ltr'>imprimatur,</span> <span class='ocrx_word' id='word_1_25' title='bbox 1115 207 1216 259; x_wconf 80' lang='lat' dir='ltr'>quod</span> 
     </span>
     <span class='ocr_line' id='line_1_5' title="bbox 94 244 1218 313; baseline -0.01 -5"><span class='ocrx_word' id='word_1_26' title='bbox 94 244 215 308; x_wconf 67' lang='lat' dir='ltr'>iiden’i</span> <span class='ocrx_word' id='word_1_27' title='bbox 241 263 425 305; x_wconf 76' lang='lat' dir='ltr'>Praesules</span> <span class='ocrx_word' id='word_1_28' title='bbox 449 259 772 301; x_wconf 70' lang='lat' dir='ltr'>scholasticorum</span> <span class='ocrx_word' id='word_1_29' title='bbox 814 260 1134 313; x_wconf 77' lang='lat' dir='ltr'>disputationibus</span> <span class='ocrx_word' id='word_1_30' title='bbox 1170 259 1218 298; x_wconf 91' lang='lat' dir='ltr'>li-</span> 
     </span>
     <span class='ocr_line' id='line_1_6' title="bbox 94 312 1217 371; baseline -0.009 -10"><span class='ocrx_word' id='word_1_31' title='bbox 94 321 186 362; x_wconf 81' lang='lat' dir='ltr'>bere</span> <span class='ocrx_word' id='word_1_32' title='bbox 213 317 439 371; x_wconf 81' lang='lat' dir='ltr'>permissum</span> <span class='ocrx_word' id='word_1_33' title='bbox 467 313 669 355; x_wconf 88' lang='lat' dir='ltr'>voluerunt</span> <span class='ocrx_word' id='word_1_34' title='bbox 685 314 750 364; x_wconf 86' lang='lat' dir='ltr'>(a)</span> <span class='ocrx_word' id='word_1_35' title='bbox 768 338 779 350; x_wconf 84' lang='lat'>.</span> <span class='ocrx_word' id='word_1_36' title='bbox 808 312 857 351; x_wconf 89' lang='lat' dir='ltr'>Et</span> <span class='ocrx_word' id='word_1_37' title='bbox 887 314 958 352; x_wconf 88' lang='lat' dir='ltr'>nisi</span> <span class='ocrx_word' id='word_1_38' title='bbox 983 312 1066 351; x_wconf 82' lang='lat' dir='ltr'>haeo</span> <span class='ocrx_word' id='word_1_39' title='bbox 1086 313 1217 352; x_wconf 89' lang='lat' dir='ltr'>distin-</span> 
     </span>
     <span class='ocr_line' id='line_1_7' title="bbox 92 365 1216 418; baseline -0.009 -5"><span class='ocrx_word' id='word_1_40' title='bbox 92 375 169 412; x_wconf 83' lang='lat' dir='ltr'>ctio</span> <span class='ocrx_word' id='word_1_41' title='bbox 194 371 440 418; x_wconf 79' lang='lat' dir='ltr'>admittatur,</span> <span class='ocrx_word' id='word_1_42' title='bbox 477 381 551 407; x_wconf 89' lang='lat' dir='ltr'>non</span> <span class='ocrx_word' id='word_1_43' title='bbox 581 367 652 408; x_wconf 89' lang='lat' dir='ltr'>hoc</span> <span class='ocrx_word' id='word_1_44' title='bbox 684 381 803 405; x_wconf 88' lang='lat' dir='ltr'>unum</span> <span class='ocrx_word' id='word_1_45' title='bbox 835 365 1019 405; x_wconf 67' lang='lat' dir='ltr'>Ecclesiae</span> <span class='ocrx_word' id='word_1_46' title='bbox 1050 367 1216 418; x_wconf 90' lang='lat' dir='ltr'>dogma,</span> 
     </span>
     <span class='ocr_line' id='line_1_8' title="bbox 91 421 1216 466; baseline -0.006 -1"><span class='ocrx_word' id='word_1_47' title='bbox 91 426 154 466; x_wconf 77' lang='lat' dir='ltr'>sed</span> <span class='ocrx_word' id='word_1_48' title='bbox 183 422 301 465; x_wconf 83' lang='lat' dir='ltr'>multa</span> <span class='ocrx_word' id='word_1_49' title='bbox 329 421 406 461; x_wconf 84' lang='lat' dir='ltr'>alia</span> <span class='ocrx_word' id='word_1_50' title='bbox 434 421 550 461; x_wconf 89' lang='lat' dir='ltr'>simul</span> <span class='ocrx_word' id='word_1_51' title='bbox 580 435 669 460; x_wconf 90' lang='lat' dir='ltr'>cum</span> <span class='ocrx_word' id='word_1_52' title='bbox 700 433 743 458; x_wconf 85' lang='lat' dir='ltr'>eo</span> <span class='ocrx_word' id='word_1_53' title='bbox 764 421 983 459; x_wconf 80' lang='lat' dir='ltr'>indubium</span> <span class='ocrx_word' id='word_1_54' title='bbox 1005 422 1216 461; x_wconf 81' lang='lat' dir='ltr'>revocanda.</span> 
     </span>
     <span class='ocr_line' id='line_1_9' title="bbox 88 474 1216 528; baseline -0.004 -11"><span class='ocrx_word' id='word_1_55' title='bbox 88 486 225 523; x_wconf 79' lang='lat' dir='ltr'>erunt3</span> <span class='ocrx_word' id='word_1_56' title='bbox 253 476 332 516; x_wconf 79' lang='lat' dir='ltr'>tere</span> <span class='ocrx_word' id='word_1_57' title='bbox 360 476 463 514; x_wconf 89' lang='lat' dir='ltr'>enim</span> <span class='ocrx_word' id='word_1_58' title='bbox 491 489 690 528; x_wconf 88' lang='lat' dir='ltr'>nunquam</span> <span class='ocrx_word' id='word_1_59' title='bbox 712 474 1028 526; x_wconf 76' lang='lat' dir='ltr'>iater&#39;Plieologos</span> <span class='ocrx_word' id='word_1_60' title='bbox 1055 477 1216 513; x_wconf 89' lang='lat' dir='ltr'>omuino</span> 
     </span>
     <span class='ocr_line' id='line_1_10' title="bbox 89 528 1215 582; baseline -0.006 -10"><span class='ocrx_word' id='word_1_61' title='bbox 89 532 267 572; x_wconf 84' lang='lat' dir='ltr'>convenit</span> <span class='ocrx_word' id='word_1_62' title='bbox 295 530 342 568; x_wconf 91' lang='lat' dir='ltr'>de</span> <span class='ocrx_word' id='word_1_63' title='bbox 359 529 471 569; x_wconf 84' lang='lat' dir='ltr'>modo</span> <span class='ocrx_word' id='word_1_64' title='bbox 486 559 497 579; x_wconf 92' lang='lat'>,</span> <span class='ocrx_word' id='word_1_65' title='bbox 527 528 561 567; x_wconf 82' lang='lat'>&amp;</span> <span class='ocrx_word' id='word_1_66' title='bbox 583 538 718 568; x_wconf 90' lang='lat' dir='ltr'>natura</span> <span class='ocrx_word' id='word_1_67' title='bbox 739 530 1215 582; x_wconf 86' lang='lat' dir='ltr'>mysteriorum,quamvis</span> 
     </span>
     <span class='ocr_line' id='line_1_11' title="bbox 88 583 1214 624; baseline -0.004 0"><span class='ocrx_word' id='word_1_68' title='bbox 88 584 138 624; x_wconf 84' lang='lat' dir='ltr'>de</span> <span class='ocrx_word' id='word_1_69' title='bbox 151 583 373 623; x_wconf 87' lang='lat' dir='ltr'>eorumdem</span> <span class='ocrx_word' id='word_1_70' title='bbox 391 583 584 622; x_wconf 78' lang='lat' dir='ltr'>existentia</span> <span class='ocrx_word' id='word_1_71' title='bbox 597 596 750 622; x_wconf 88' lang='lat' dir='ltr'>summa</span> <span class='ocrx_word' id='word_1_72' title='bbox 763 584 809 621; x_wconf 91' lang='lat' dir='ltr'>sit</span> <span class='ocrx_word' id='word_1_73' title='bbox 824 584 999 620; x_wconf 87' lang='lat' dir='ltr'>omnium</span> <span class='ocrx_word' id='word_1_74' title='bbox 1009 584 1214 620; x_wconf 82' lang='lat' dir='ltr'>consensio.</span> 
     </span>
     <span class='ocr_line' id='line_1_12' title="bbox 144 633 1214 690; baseline -0.005 -14"><span class='ocrx_word' id='word_1_75' title='bbox 144 637 239 683; x_wconf 76' lang='grc'>458.</span> <span class='ocrx_word' id='word_1_76' title='bbox 260 636 354 690; x_wconf 79' lang='lat' dir='ltr'>Obj.</span> <span class='ocrx_word' id='word_1_77' title='bbox 373 635 548 676; x_wconf 79' lang='lat' dir='ltr'>secundo</span> <span class='ocrx_word' id='word_1_78' title='bbox 564 663 574 674; x_wconf 90' lang='lat'>.</span> <span class='ocrx_word' id='word_1_79' title='bbox 604 636 644 675; x_wconf 88' lang='lat' dir='ltr'>S.</span> <span class='ocrx_word' id='word_1_80' title='bbox 669 637 901 688; x_wconf 78' lang='lat' dir='ltr'>Augustinus</span> <span class='ocrx_word' id='word_1_81' title='bbox 917 666 928 684; x_wconf 92' lang='lat'>,</span> <span class='ocrx_word' id='word_1_82' title='bbox 956 633 1067 686; x_wconf 85' lang='lat' dir='ltr'>cujus</span> <span class='ocrx_word' id='word_1_83' title='bbox 1087 645 1214 687; x_wconf 89' lang='lat' dir='ltr'>patro-</span> 
     </span>
     <span class='ocr_line' id='line_1_13' title="bbox 89 688 1214 744; baseline -0.004 -14"><span class='ocrx_word' id='word_1_84' title='bbox 89 691 192 730; x_wconf 87' lang='lat' dir='ltr'>cinio</span> <span class='ocrx_word' id='word_1_85' title='bbox 220 703 282 730; x_wconf 90' lang='lat' dir='ltr'>nos</span> <span class='ocrx_word' id='word_1_86' title='bbox 311 692 551 744; x_wconf 86' lang='lat' dir='ltr'>potissimum</span> <span class='ocrx_word' id='word_1_87' title='bbox 571 689 803 742; x_wconf 79' lang='lat' dir='ltr'>gloriamur,</span> <span class='ocrx_word' id='word_1_88' title='bbox 832 701 908 727; x_wconf 92' lang='lat' dir='ltr'>non</span> <span class='ocrx_word' id='word_1_89' title='bbox 929 690 1079 740; x_wconf 86' lang='lat' dir='ltr'>agnovit</span> <span class='ocrx_word' id='word_1_90' title='bbox 1097 688 1214 726; x_wconf 81' lang='lat' dir='ltr'>illum</span> 
     </span>
     <span class='ocr_line' id='line_1_14' title="bbox 87 741 1214 798; baseline -0.004 -14"><span class='ocrx_word' id='word_1_91' title='bbox 87 744 377 794; x_wconf 81' lang='lat' dir='ltr'>characterem,</span> <span class='ocrx_word' id='word_1_92' title='bbox 405 758 521 798; x_wconf 87' lang='lat' dir='ltr'>quem</span> <span class='ocrx_word' id='word_1_93' title='bbox 550 757 625 781; x_wconf 90' lang='lat' dir='ltr'>non</span> <span class='ocrx_word' id='word_1_94' title='bbox 652 743 923 789; x_wconf 84' lang='lat' dir='ltr'>defendimus,</span> <span class='ocrx_word' id='word_1_95' title='bbox 967 741 1214 780; x_wconf 84' lang='lat' dir='ltr'>invisibiliter</span> 
     </span>
     <span class='ocr_line' id='line_1_15' title="bbox 91 794 1215 851; baseline -0.002 -15"><span class='ocrx_word' id='word_1_96' title='bbox 91 799 235 837; x_wconf 76' lang='lat' dir='ltr'>animae</span> <span class='ocrx_word' id='word_1_97' title='bbox 265 799 522 851; x_wconf 85' lang='lat' dir='ltr'>impressum,</span> <span class='ocrx_word' id='word_1_98' title='bbox 559 796 623 836; x_wconf 82' lang='lat' dir='ltr'>sed</span> <span class='ocrx_word' id='word_1_99' title='bbox 651 795 772 834; x_wconf 87' lang='lat' dir='ltr'>alium</span> <span class='ocrx_word' id='word_1_100' title='bbox 803 796 1054 842; x_wconf 84' lang='lat' dir='ltr'>exteriorem,</span> <span class='ocrx_word' id='word_1_101' title='bbox 1095 794 1128 830; x_wconf 84' lang='lat' dir='ltr'>8t</span> <span class='ocrx_word' id='word_1_102' title='bbox 1157 797 1215 834; x_wconf 91' lang='lat' dir='ltr'>vi-</span> 
     </span>
     <span class='ocr_line' id='line_1_16' title="bbox 86 848 1212 891; baseline -0.004 0"><span class='ocrx_word' id='word_1_103' title='bbox 86 852 268 891; x_wconf 81' lang='lat' dir='ltr'>sibilem.</span> <span class='ocrx_word' id='word_1_104' title='bbox 313 852 355 889; x_wconf 91' lang='lat' dir='ltr'>ln</span> <span class='ocrx_word' id='word_1_105' title='bbox 385 851 509 889; x_wconf 83' lang='lat' dir='ltr'>serm.</span> <span class='ocrx_word' id='word_1_106' title='bbox 538 850 643 888; x_wconf 87' lang='lat' dir='ltr'>enim</span> <span class='ocrx_word' id='word_1_107' title='bbox 680 849 726 887; x_wconf 84' lang='lat' dir='ltr'>ad</span> <span class='ocrx_word' id='word_1_108' title='bbox 755 849 997 887; x_wconf 69' lang='lat' dir='ltr'>Caesariensis</span> <span class='ocrx_word' id='word_1_109' title='bbox 1028 848 1212 887; x_wconf 77' lang='lat' dir='ltr'>Ecclesiae</span> 
     </span>
     <span class='ocr_line' id='line_1_17' title="bbox 86 900 1212 957; baseline -0.004 -13"><span class='ocrx_word' id='word_1_110' title='bbox 86 904 243 957; x_wconf 83' lang='lat' dir='ltr'>plebem</span> <span class='ocrx_word' id='word_1_111' title='bbox 258 904 371 942; x_wconf 86' lang='lat' dir='ltr'>Tom.</span> <span class='ocrx_word' id='word_1_112' title='bbox 389 902 476 942; x_wconf 81' lang='grc' dir='ltr'>ΧΠ.</span> <span class='ocrx_word' id='word_1_113' title='bbox 505 900 624 955; x_wconf 81' lang='lat' dir='ltr'>Ego,</span> <span class='ocrx_word' id='word_1_114' title='bbox 654 903 803 955; x_wconf 87' lang='lat' dir='ltr'>inquit,</span> <span class='ocrx_word' id='word_1_115' title='bbox 825 928 867 940; x_wconf 87' lang='lat'>...</span> <span class='ocrx_word' id='word_1_116' title='bbox 895 901 1060 940; x_wconf 77' lang='lat' dir='ltr'>attendo</span> <span class='ocrx_word' id='word_1_117' title='bbox 1076 902 1212 954; x_wconf 73' lang='lat' dir='ltr'>fidem</span> 
     </span>
     <span class='ocr_line' id='line_1_18' title="bbox 87 954 1210 1006; baseline -0.003 -10"><span class='ocrx_word' id='word_1_118' title='bbox 87 963 131 996; x_wconf 79' lang='lat' dir='ltr'>in</span> <span class='ocrx_word' id='word_1_119' title='bbox 158 960 321 996; x_wconf 85' lang='lat' dir='ltr'>nomine</span> <span class='ocrx_word' id='word_1_120' title='bbox 349 955 510 1005; x_wconf 84' lang='lat' dir='ltr'>Patris,</span> <span class='ocrx_word' id='word_1_121' title='bbox 547 959 597 997; x_wconf 59' lang='grc' dir='ltr'>(θ’</span> <span class='ocrx_word' id='word_1_122' title='bbox 627 954 742 1004; x_wconf 84' lang='lat' dir='ltr'>Filii,</span> <span class='ocrx_word' id='word_1_123' title='bbox 774 956 824 996; x_wconf 57' lang='grc' dir='ltr'>ὅ)</span> <span class='ocrx_word' id='word_1_124' title='bbox 852 954 1020 1006; x_wconf 78' lang='lat' dir='ltr'>Spiritus</span> <span class='ocrx_word' id='word_1_125' title='bbox 1048 960 1210 994; x_wconf 82' lang='lat' dir='ltr'>sancti:</span> 
     </span>
     <span class='ocr_line' id='line_1_19' title="bbox 84 1007 1211 1061; baseline -0.001 -12"><span class='ocrx_word' id='word_1_126' title='bbox 84 1015 160 1049; x_wconf 80' lang='lat' dir='ltr'>iste</span> <span class='ocrx_word' id='word_1_127' title='bbox 186 1019 244 1048; x_wconf 86' lang='lat' dir='ltr'>est</span> <span class='ocrx_word' id='word_1_128' title='bbox 273 1008 486 1049; x_wconf 77' lang='lat' dir='ltr'>character</span> <span class='ocrx_word' id='word_1_129' title='bbox 508 1007 769 1061; x_wconf 85' lang='lat' dir='ltr'>Imperatoris</span> <span class='ocrx_word' id='word_1_130' title='bbox 791 1013 897 1047; x_wconf 86' lang='lat' dir='ltr'>mei.</span> <span class='ocrx_word' id='word_1_131' title='bbox 926 1008 992 1048; x_wconf 86' lang='lat' dir='ltr'>De</span> <span class='ocrx_word' id='word_1_132' title='bbox 1021 1009 1086 1046; x_wconf 90' lang='lat' dir='ltr'>illo</span> <span class='ocrx_word' id='word_1_133' title='bbox 1115 1008 1211 1048; x_wconf 76' lang='lat' dir='ltr'>cba-</span> 
     </span>
     <span class='ocr_line' id='line_1_20' title="bbox 82 1061 1210 1114; baseline -0.001 -12"><span class='ocrx_word' id='word_1_134' title='bbox 82 1072 242 1102; x_wconf 87' lang='lat' dir='ltr'>ractere</span> <span class='ocrx_word' id='word_1_135' title='bbox 270 1062 453 1102; x_wconf 76' lang='lat' dir='ltr'>militibus</span> <span class='ocrx_word' id='word_1_136' title='bbox 483 1067 563 1102; x_wconf 87' lang='lat' dir='ltr'>suis</span> <span class='ocrx_word' id='word_1_137' title='bbox 580 1094 590 1113; x_wconf 95' lang='lat'>,</span> <span class='ocrx_word' id='word_1_138' title='bbox 631 1063 687 1102; x_wconf 77' lang='lat' dir='ltr'>vel</span> <span class='ocrx_word' id='word_1_139' title='bbox 714 1067 840 1114; x_wconf 81' lang='lat' dir='ltr'>potius</span> <span class='ocrx_word' id='word_1_140' title='bbox 864 1061 1074 1100; x_wconf 80' lang='lat' dir='ltr'>comitibus</span> <span class='ocrx_word' id='word_1_141' title='bbox 1102 1067 1210 1113; x_wconf 85' lang='lat' dir='ltr'>suis,</span> 
     </span>
     <span class='ocr_line' id='line_1_21' title="bbox 86 1115 1211 1170; baseline -0.002 -14"><span class='ocrx_word' id='word_1_142' title='bbox 86 1126 128 1156; x_wconf 81' lang='lat' dir='ltr'>ut</span> <span class='ocrx_word' id='word_1_143' title='bbox 156 1115 258 1156; x_wconf 81' lang='lat' dir='ltr'>hunc</span> <span class='ocrx_word' id='word_1_144' title='bbox 287 1119 562 1170; x_wconf 78' lang='lat' dir='ltr'>imprimerent</span> <span class='ocrx_word' id='word_1_145' title='bbox 592 1123 648 1156; x_wconf 88' lang='lat' dir='ltr'>eis</span> <span class='ocrx_word' id='word_1_146' title='bbox 665 1147 675 1165; x_wconf 92' lang='lat'>,</span> <span class='ocrx_word' id='word_1_147' title='bbox 706 1130 801 1169; x_wconf 80' lang='lat' dir='ltr'>quos</span> <span class='ocrx_word' id='word_1_148' title='bbox 821 1115 1122 1169; x_wconf 75' lang='lat' dir='ltr'>congregabant</span> <span class='ocrx_word' id='word_1_149' title='bbox 1141 1130 1211 1154; x_wconf 89' lang='lat' dir='ltr'>ca-</span> 
     </span>
     <span class='ocr_line' id='line_1_22' title="bbox 82 1169 1211 1223; baseline 0 -14"><span class='ocrx_word' id='word_1_150' title='bbox 82 1173 176 1209; x_wconf 77' lang='lat' dir='ltr'>stris</span> <span class='ocrx_word' id='word_1_151' title='bbox 195 1172 308 1221; x_wconf 80' lang='lat' dir='ltr'>eius,</span> <span class='ocrx_word' id='word_1_152' title='bbox 335 1169 708 1223; x_wconf 72' lang='lat' dir='ltr'>praecepitdicens:</span> <span class='ocrx_word' id='word_1_153' title='bbox 738 1169 819 1219; x_wconf 89' lang='lat' dir='ltr'>Ite,</span> <span class='ocrx_word' id='word_1_154' title='bbox 847 1170 1045 1221; x_wconf 80' lang='lat' dir='ltr'>baptizate</span> <span class='ocrx_word' id='word_1_155' title='bbox 1071 1179 1211 1222; x_wconf 79' lang='lat' dir='ltr'>gentes</span> 
     </span>
     <span class='ocr_line' id='line_1_23' title="bbox 84 1219 1208 1274; baseline 0 -12"><span class='ocrx_word' id='word_1_156' title='bbox 84 1228 126 1262; x_wconf 85' lang='grc' dir='ltr'>ὶη</span> <span class='ocrx_word' id='word_1_157' title='bbox 155 1219 318 1264; x_wconf 72' lang='lat' dir='ltr'>nomine</span> <span class='ocrx_word' id='word_1_158' title='bbox 334 1224 468 1264; x_wconf 84' lang='lat' dir='ltr'>Patris</span> <span class='ocrx_word' id='word_1_159' title='bbox 483 1254 494 1273; x_wconf 95' lang='lat'>,</span> <span class='ocrx_word' id='word_1_160' title='bbox 523 1226 573 1266; x_wconf 71' lang='lat'>&lt;9‘</span> <span class='ocrx_word' id='word_1_161' title='bbox 590 1223 699 1273; x_wconf 81' lang='lat' dir='ltr'>Filii,</span> <span class='ocrx_word' id='word_1_162' title='bbox 728 1225 777 1265; x_wconf 60' lang='grc' dir='ltr'><em>Φ</em></span> <span class='ocrx_word' id='word_1_163' title='bbox 794 1224 960 1274; x_wconf 78' lang='lat' dir='ltr'>Spiritus</span> <span class='ocrx_word' id='word_1_164' title='bbox 974 1229 1106 1262; x_wconf 81' lang='lat' dir='ltr'>sancti</span> <span class='ocrx_word' id='word_1_165' title='bbox 1122 1225 1208 1264; x_wconf 53' lang='grc' dir='ltr'>ὡς.</span> 
     </span>
     <span class='ocr_line' id='line_1_24' title="bbox 80 1276 1210 1330; baseline -0.001 -13"><span class='ocrx_word' id='word_1_166' title='bbox 80 1277 165 1317; x_wconf 89' lang='lat' dir='ltr'>Non</span> <span class='ocrx_word' id='word_1_167' title='bbox 195 1279 309 1330; x_wconf 79' lang='lat' dir='ltr'>igitur</span> <span class='ocrx_word' id='word_1_168' title='bbox 328 1278 370 1317; x_wconf 86' lang='lat' dir='ltr'>S.</span> <span class='ocrx_word' id='word_1_169' title='bbox 387 1277 494 1317; x_wconf 86' lang='lat' dir='ltr'>Pater</span> <span class='ocrx_word' id='word_1_170' title='bbox 524 1278 645 1317; x_wconf 85' lang='lat' dir='ltr'>alium</span> <span class='ocrx_word' id='word_1_171' title='bbox 676 1281 843 1329; x_wconf 85' lang='lat' dir='ltr'>agnoscit</span> <span class='ocrx_word' id='word_1_172' title='bbox 874 1279 911 1316; x_wconf 90' lang='lat' dir='ltr'>in</span> <span class='ocrx_word' id='word_1_173' title='bbox 936 1278 1046 1316; x_wconf 87' lang='lat' dir='ltr'>nobis</span> <span class='ocrx_word' id='word_1_174' title='bbox 1075 1276 1210 1316; x_wconf 83' lang='lat' dir='ltr'>chara-</span> 
     </span>
     <span class='ocr_line' id='line_1_25' title="bbox 79 1331 1207 1384; baseline 0 -15"><span class='ocrx_word' id='word_1_175' title='bbox 79 1339 251 1380; x_wconf 84' lang='lat' dir='ltr'>cterem,</span> <span class='ocrx_word' id='word_1_176' title='bbox 279 1346 397 1384; x_wconf 86' lang='lat' dir='ltr'>quam</span> <span class='ocrx_word' id='word_1_177' title='bbox 428 1341 570 1372; x_wconf 88' lang='lat' dir='ltr'>rectam</span> <span class='ocrx_word' id='word_1_178' title='bbox 600 1331 740 1380; x_wconf 86' lang='lat' dir='ltr'>fidem,</span> <span class='ocrx_word' id='word_1_179' title='bbox 771 1331 803 1366; x_wconf 85' lang='lat'>&amp;</span> <span class='ocrx_word' id='word_1_180' title='bbox 834 1333 946 1369; x_wconf 89' lang='lat' dir='ltr'>etiam</span> <span class='ocrx_word' id='word_1_181' title='bbox 966 1331 1207 1384; x_wconf 84' lang='lat' dir='ltr'>Baptistntun</span> 
     </span>
     <span class='ocr_line' id='line_1_26' title="bbox 79 1384 1056 1425; baseline 0.002 -4"><span class='ocrx_word' id='word_1_182' title='bbox 79 1384 262 1423; x_wconf 85' lang='lat' dir='ltr'>collatum</span> <span class='ocrx_word' id='word_1_183' title='bbox 295 1388 332 1424; x_wconf 88' lang='lat' dir='ltr'>iu</span> <span class='ocrx_word' id='word_1_184' title='bbox 361 1387 518 1425; x_wconf 88' lang='lat' dir='ltr'>nomine</span> <span class='ocrx_word' id='word_1_185' title='bbox 546 1385 803 1424; x_wconf 84' lang='lat' dir='ltr'>Sanctissimae</span> <span class='ocrx_word' id='word_1_186' title='bbox 833 1384 1056 1423; x_wconf 84' lang='lat' dir='ltr'>Trinitatis.</span> 
     </span>
     <span class='ocr_line' id='line_1_27' title="bbox 74 1437 1203 1491; baseline 0.001 -15"><span class='ocrx_word' id='word_1_187' title='bbox 74 1440 78 1442; x_wconf 51' lang='grc'><em>“</em></span> <span class='ocrx_word' id='word_1_188' title='bbox 132 1437 226 1490; x_wconf 77' lang='grc'><strong>459.</strong></span> <span class='ocrx_word' id='word_1_189' title='bbox 258 1437 369 1491; x_wconf 84' lang='lat' dir='ltr'>Resp.</span> <span class='ocrx_word' id='word_1_190' title='bbox 388 1469 400 1488; x_wconf 96' lang='lat'>,</span> <span class='ocrx_word' id='word_1_191' title='bbox 429 1439 470 1478; x_wconf 91' lang='lat' dir='ltr'>S.</span> <span class='ocrx_word' id='word_1_192' title='bbox 491 1439 694 1478; x_wconf 89' lang='lat' dir='ltr'>Doctorem</span> <span class='ocrx_word' id='word_1_193' title='bbox 724 1439 764 1477; x_wconf 90' lang='lat' dir='ltr'>in</span> <span class='ocrx_word' id='word_1_194' title='bbox 794 1438 921 1476; x_wconf 88' lang='lat' dir='ltr'>verbis</span> <span class='ocrx_word' id='word_1_195' title='bbox 949 1438 1110 1490; x_wconf 84' lang='lat' dir='ltr'>objectis</span> <span class='ocrx_word' id='word_1_196' title='bbox 1134 1451 1203 1477; x_wconf 88' lang='lat' dir='ltr'>vo-</span> 
     </span>
     <span class='ocr_line' id='line_1_28' title="bbox 74 1487 1203 1544; baseline 0.002 -16"><span class='ocrx_word' id='word_1_197' title='bbox 74 1487 192 1529; x_wconf 84' lang='lat' dir='ltr'>luisse</span> <span class='ocrx_word' id='word_1_198' title='bbox 224 1493 345 1544; x_wconf 90' lang='lat' dir='ltr'>potins</span> <span class='ocrx_word' id='word_1_199' title='bbox 374 1492 546 1532; x_wconf 86' lang='lat' dir='ltr'>indicare</span> <span class='ocrx_word' id='word_1_200' title='bbox 575 1505 727 1531; x_wconf 89' lang='lat' dir='ltr'>causam</span> <span class='ocrx_word' id='word_1_201' title='bbox 744 1491 999 1540; x_wconf 83' lang='lat' dir='ltr'>characteris,</span> <span class='ocrx_word' id='word_1_202' title='bbox 1030 1494 1203 1544; x_wconf 88' lang='lat' dir='ltr'>quami·</span> 
     </span>
     <span class='ocr_line' id='line_1_29' title="bbox 78 1543 1203 1598; baseline 0.001 -16"><span class='ocrx_word' id='word_1_203' title='bbox 78 1557 188 1596; x_wconf 82' lang='lat' dir='ltr'>psum</span> <span class='ocrx_word' id='word_1_204' title='bbox 206 1543 446 1598; x_wconf 81' lang='lat' dir='ltr'>formaliter</span> <span class='ocrx_word' id='word_1_205' title='bbox 473 1545 757 1586; x_wconf 81' lang='lat' dir='ltr'>characterem:</span> <span class='ocrx_word' id='word_1_206' title='bbox 786 1560 900 1585; x_wconf 81' lang='lat' dir='ltr'>causa</span> <span class='ocrx_word' id='word_1_207' title='bbox 919 1554 1047 1584; x_wconf 89' lang='lat' dir='ltr'>autem</span> <span class='ocrx_word' id='word_1_208' title='bbox 1068 1545 1203 1584; x_wconf 83' lang='lat' dir='ltr'>chara-</span> 
     </span>
     <span class='ocr_line' id='line_1_30' title="bbox 69 1597 1202 1652; baseline 0.001 -16"><span class='ocrx_word' id='word_1_209' title='bbox 69 1599 212 1641; x_wconf 77' lang='lat' dir='ltr'>-cteris,</span> <span class='ocrx_word' id='word_1_210' title='bbox 241 1600 309 1652; x_wconf 91' lang='lat' dir='ltr'>qui</span> <span class='ocrx_word' id='word_1_211' title='bbox 339 1600 381 1637; x_wconf 87' lang='lat' dir='ltr'>in</span> <span class='ocrx_word' id='word_1_212' title='bbox 411 1599 603 1652; x_wconf 88' lang='lat' dir='ltr'>Baptismo</span> <span class='ocrx_word' id='word_1_213' title='bbox 631 1600 900 1651; x_wconf 80' lang='lat' dir='ltr'>imprimitur,</span> <span class='ocrx_word' id='word_1_214' title='bbox 931 1608 983 1636; x_wconf 90' lang='lat' dir='ltr'>est</span> <span class='ocrx_word' id='word_1_215' title='bbox 1002 1597 1202 1637; x_wconf 83' lang='lat' dir='ltr'>Sanctissi-</span> 
     </span>
     <span class='ocr_line' id='line_1_31' title="bbox 75 1651 1201 1703; baseline 0 -14"><span class='ocrx_word' id='word_1_216' title='bbox 75 1664 153 1689; x_wconf 74' lang='lat' dir='ltr'>mae</span> <span class='ocrx_word' id='word_1_217' title='bbox 182 1651 384 1690; x_wconf 84' lang='lat' dir='ltr'>Trinitatis</span> <span class='ocrx_word' id='word_1_218' title='bbox 413 1653 620 1691; x_wconf 86' lang='lat' dir='ltr'>invocatio.</span> <span class='ocrx_word' id='word_1_219' title='bbox 650 1653 780 1703; x_wconf 83' lang='lat' dir='ltr'>ltaque</span> <span class='ocrx_word' id='word_1_220' title='bbox 808 1652 848 1690; x_wconf 87' lang='lat' dir='ltr'>S.</span> <span class='ocrx_word' id='word_1_221' title='bbox 880 1651 988 1690; x_wconf 89' lang='lat' dir='ltr'>Pater</span> <span class='ocrx_word' id='word_1_222' title='bbox 1016 1660 1116 1689; x_wconf 88' lang='lat' dir='ltr'>recte</span> <span class='ocrx_word' id='word_1_223' title='bbox 1144 1651 1201 1689; x_wconf 89' lang='lat' dir='ltr'>di-</span> 
     </span>
     <span class='ocr_line' id='line_1_32' title="bbox 73 1703 1202 1757; baseline 0 -15"><span class='ocrx_word' id='word_1_224' title='bbox 73 1703 211 1752; x_wconf 82' lang='lat' dir='ltr'>cebat,</span> <span class='ocrx_word' id='word_1_225' title='bbox 241 1704 287 1743; x_wconf 89' lang='lat' dir='ltr'>ad</span> <span class='ocrx_word' id='word_1_226' title='bbox 316 1707 587 1757; x_wconf 85' lang='lat' dir='ltr'>cognoscendos</span> <span class='ocrx_word' id='word_1_227' title='bbox 616 1704 757 1743; x_wconf 83' lang='lat' dir='ltr'>milites</span> <span class='ocrx_word' id='word_1_228' title='bbox 777 1704 916 1742; x_wconf 83' lang='lat' dir='ltr'>Christi</span> <span class='ocrx_word' id='word_1_229' title='bbox 946 1719 983 1742; x_wconf 89' lang='lat' dir='ltr'>se</span> <span class='ocrx_word' id='word_1_230' title='bbox 1013 1705 1202 1742; x_wconf 83' lang='lat' dir='ltr'>attendere</span> 
     </span>
     <span class='ocr_line' id='line_1_33' title="bbox 73 1757 1201 1811; baseline 0.002 -17"><span class='ocrx_word' id='word_1_231' title='bbox 73 1757 122 1795; x_wconf 85' lang='lat' dir='ltr'>ad</span> <span class='ocrx_word' id='word_1_232' title='bbox 152 1757 411 1796; x_wconf 76' lang='lat' dir='ltr'>characterem</span> <span class='ocrx_word' id='word_1_233' title='bbox 429 1788 439 1806; x_wconf 96' lang='lat'>,</span> <span class='ocrx_word' id='word_1_234' title='bbox 468 1772 545 1811; x_wconf 90' lang='lat' dir='ltr'>quo</span> <span class='ocrx_word' id='word_1_235' title='bbox 574 1759 743 1810; x_wconf 88' lang='lat' dir='ltr'>insigniti</span> <span class='ocrx_word' id='word_1_236' title='bbox 776 1757 953 1806; x_wconf 83' lang='lat' dir='ltr'>fueraut,</span> <span class='ocrx_word' id='word_1_237' title='bbox 983 1771 1124 1810; x_wconf 82' lang='lat' dir='ltr'>nempe</span> <span class='ocrx_word' id='word_1_238' title='bbox 1153 1759 1201 1796; x_wconf 87' lang='lat' dir='ltr'>ad</span> 
     </span>
     <span class='ocr_line' id='line_1_34' title="bbox 74 1809 1201 1862; baseline 0.002 -15"><span class='ocrx_word' id='word_1_239' title='bbox 74 1809 240 1849; x_wconf 80' lang='lat' dir='ltr'>formam</span> <span class='ocrx_word' id='word_1_240' title='bbox 263 1811 468 1862; x_wconf 59' lang='lat' dir='ltr'>Raptismh</span> <span class='ocrx_word' id='word_1_241' title='bbox 496 1813 526 1850; x_wconf 90' lang='lat' dir='ltr'>si</span> <span class='ocrx_word' id='word_1_242' title='bbox 558 1813 658 1849; x_wconf 88' lang='lat' dir='ltr'>enim</span> <span class='ocrx_word' id='word_1_243' title='bbox 688 1811 795 1849; x_wconf 89' lang='lat' dir='ltr'>datus</span> <span class='ocrx_word' id='word_1_244' title='bbox 824 1812 948 1849; x_wconf 82' lang='lat' dir='ltr'>fuerat</span> <span class='ocrx_word' id='word_1_245' title='bbox 977 1812 1017 1850; x_wconf 91' lang='lat' dir='ltr'>in</span> <span class='ocrx_word' id='word_1_246' title='bbox 1046 1813 1201 1849; x_wconf 90' lang='lat' dir='ltr'>nomine</span> 
     </span>
     <span class='ocr_line' id='line_1_35' title="bbox 71 1860 1200 1916; baseline 0.003 -16"><span class='ocrx_word' id='word_1_247' title='bbox 71 1860 219 1911; x_wconf 87' lang='lat' dir='ltr'>Patris,</span> <span class='ocrx_word' id='word_1_248' title='bbox 250 1862 284 1899; x_wconf 79' lang='lat' dir='ltr'>8t</span> <span class='ocrx_word' id='word_1_249' title='bbox 314 1864 430 1913; x_wconf 81' lang='lat' dir='ltr'>Filii,</span> <span class='ocrx_word' id='word_1_250' title='bbox 459 1863 494 1901; x_wconf 77' lang='grc' dir='ltr'><strong>ἃ</strong></span> <span class='ocrx_word' id='word_1_251' title='bbox 523 1863 689 1916; x_wconf 86' lang='lat' dir='ltr'>Spiritus</span> <span class='ocrx_word' id='word_1_252' title='bbox 719 1865 834 1902; x_wconf 88' lang='lat' dir='ltr'>sancti</span> <span class='ocrx_word' id='word_1_253' title='bbox 853 1894 864 1912; x_wconf 93' lang='lat'>,</span> <span class='ocrx_word' id='word_1_254' title='bbox 902 1872 991 1902; x_wconf 90' lang='lat' dir='ltr'>tunc</span> <span class='ocrx_word' id='word_1_255' title='bbox 1021 1877 1200 1915; x_wconf 85' lang='lat' dir='ltr'>agnosce-</span> 
     </span>
     <span class='ocr_line' id='line_1_36' title="bbox 72 1913 1200 1969; baseline 0.003 -15"><span class='ocrx_word' id='word_1_256' title='bbox 72 1913 138 1955; x_wconf 75' lang='lat' dir='ltr'>bat</span> <span class='ocrx_word' id='word_1_257' title='bbox 167 1916 425 1956; x_wconf 84' lang='lat' dir='ltr'>characterem</span> <span class='ocrx_word' id='word_1_258' title='bbox 441 1917 687 1969; x_wconf 89' lang='lat' dir='ltr'>Imperatoris</span> <span class='ocrx_word' id='word_1_259' title='bbox 715 1917 796 1962; x_wconf 80' lang='lat' dir='ltr'>sui3</span> <span class='ocrx_word' id='word_1_260' title='bbox 825 1929 901 1955; x_wconf 91' lang='lat' dir='ltr'>non</span> <span class='ocrx_word' id='word_1_261' title='bbox 931 1917 1033 1969; x_wconf 84' lang='lat' dir='ltr'>quod</span> <span class='ocrx_word' id='word_1_262' title='bbox 1057 1916 1200 1957; x_wconf 88' lang='lat' dir='ltr'>illain-</span> 
     </span>
     <span class='ocr_line' id='line_1_37' title="bbox 69 1969 1198 2022; baseline 0.003 -14"><span class='ocrx_word' id='word_1_263' title='bbox 69 1971 244 2020; x_wconf 82' lang='lat' dir='ltr'>vocatio,</span> <span class='ocrx_word' id='word_1_264' title='bbox 272 1979 337 2009; x_wconf 86' lang='lat' dir='ltr'>aut</span> <span class='ocrx_word' id='word_1_265' title='bbox 365 1969 460 2010; x_wconf 89' lang='lat' dir='ltr'>fides</span> <span class='ocrx_word' id='word_1_266' title='bbox 488 1978 579 2009; x_wconf 90' lang='lat' dir='ltr'>esset</span> <span class='ocrx_word' id='word_1_267' title='bbox 606 1971 689 2022; x_wconf 88' lang='lat' dir='ltr'>ipse</span> <span class='ocrx_word' id='word_1_268' title='bbox 714 1969 938 2018; x_wconf 80' lang='lat' dir='ltr'>character,</span> <span class='ocrx_word' id='word_1_269' title='bbox 966 1970 1030 2009; x_wconf 86' lang='lat' dir='ltr'>sed</span> <span class='ocrx_word' id='word_1_270' title='bbox 1044 1972 1136 2022; x_wconf 86' lang='lat' dir='ltr'>quia</span> <span class='ocrx_word' id='word_1_271' title='bbox 1153 1985 1198 2011; x_wconf 85' lang='lat' dir='ltr'>ex</span> 
     </span>
     <span class='ocr_line' id='line_1_38' title="bbox 73 2022 1197 2076; baseline 0.002 -14"><span class='ocrx_word' id='word_1_272' title='bbox 73 2022 160 2075; x_wconf 84' lang='lat' dir='ltr'>ipsa</span> <span class='ocrx_word' id='word_1_273' title='bbox 187 2025 426 2064; x_wconf 82' lang='lat' dir='ltr'>invocatione</span> <span class='ocrx_word' id='word_1_274' title='bbox 445 2022 639 2063; x_wconf 87' lang='lat' dir='ltr'>character</span> <span class='ocrx_word' id='word_1_275' title='bbox 659 2022 982 2076; x_wconf 88' lang='lat' dir='ltr'>imprimebatur,</span> <span class='ocrx_word' id='word_1_276' title='bbox 1009 2025 1122 2063; x_wconf 80' lang='lat' dir='ltr'>sicuti</span> <span class='ocrx_word' id='word_1_277' title='bbox 1150 2039 1197 2064; x_wconf 82' lang='lat' dir='ltr'>ex</span> 
     </span>
     <span class='ocr_line' id='line_1_39' title="bbox 69 2076 1196 2130; baseline 0.003 -16"><span class='ocrx_word' id='word_1_278' title='bbox 69 2077 100 2114; x_wconf 72' lang='lat' dir='ltr'>si</span> <span class='ocrx_word' id='word_1_279' title='bbox 131 2076 197 2115; x_wconf 88' lang='lat' dir='ltr'>illo</span> <span class='ocrx_word' id='word_1_280' title='bbox 225 2079 265 2116; x_wconf 92' lang='lat' dir='ltr'>in</span> <span class='ocrx_word' id='word_1_281' title='bbox 294 2092 382 2118; x_wconf 87' lang='lat' dir='ltr'>cera</span> <span class='ocrx_word' id='word_1_282' title='bbox 409 2079 649 2130; x_wconf 86' lang='lat' dir='ltr'>imprimitur</span> <span class='ocrx_word' id='word_1_283' title='bbox 691 2077 774 2130; x_wconf 83' lang='lat' dir='ltr'>ejus</span> <span class='ocrx_word' id='word_1_284' title='bbox 807 2080 962 2130; x_wconf 76' lang='lat' dir='ltr'>imago,</span> <span class='ocrx_word' id='word_1_285' title='bbox 1004 2077 1196 2118; x_wconf 89' lang='lat' dir='ltr'>Invocatio</span> 
     </span>
     <span class='ocr_line' id='line_1_40' title="bbox 68 2090 1196 2184; baseline 0.004 -16"><span class='ocrx_word' id='word_1_286' title='bbox 68 2090 140 2169; x_wconf 60' lang='lat' dir='ltr'>ilia</span> <span class='ocrx_word' id='word_1_287' title='bbox 169 2132 329 2181; x_wconf 87' lang='lat' dir='ltr'>transit,</span> <span class='ocrx_word' id='word_1_288' title='bbox 371 2131 565 2171; x_wconf 89' lang='lat' dir='ltr'>character</span> <span class='ocrx_word' id='word_1_289' title='bbox 593 2140 720 2172; x_wconf 88' lang='lat' dir='ltr'>autem</span> <span class='ocrx_word' id='word_1_290' title='bbox 757 2131 1016 2170; x_wconf 86' lang='lat' dir='ltr'>indelebiliter</span> <span class='ocrx_word' id='word_1_291' title='bbox 1044 2146 1196 2184; x_wconf 88' lang='lat' dir='ltr'>perma-</span> 
     </span>
     <span class='ocr_line' id='line_1_41' title="bbox 70 2185 1195 2239; baseline 0.003 -17"><span class='ocrx_word' id='word_1_292' title='bbox 70 2191 163 2232; x_wconf 87' lang='lat' dir='ltr'>net,</span> <span class='ocrx_word' id='word_1_293' title='bbox 192 2185 307 2223; x_wconf 81' lang='lat' dir='ltr'>etiam</span> <span class='ocrx_word' id='word_1_294' title='bbox 336 2186 377 2224; x_wconf 90' lang='lat' dir='ltr'>in</span> <span class='ocrx_word' id='word_1_295' title='bbox 404 2187 478 2235; x_wconf 90' lang='lat' dir='ltr'>iis,</span> <span class='ocrx_word' id='word_1_296' title='bbox 506 2186 574 2239; x_wconf 85' lang='lat' dir='ltr'>qui</span> <span class='ocrx_word' id='word_1_297' title='bbox 604 2187 696 2228; x_wconf 81' lang='lat' dir='ltr'>fotis</span> <span class='ocrx_word' id='word_1_298' title='bbox 724 2194 892 2234; x_wconf 86' lang='lat' dir='ltr'>exeunt,</span> <span class='ocrx_word' id='word_1_299' title='bbox 923 2185 956 2222; x_wconf 74' lang='grc'>8(</span> <span class='ocrx_word' id='word_1_300' title='bbox 987 2199 1118 2224; x_wconf 87' lang='lat' dir='ltr'>veram</span> <span class='ocrx_word' id='word_1_301' title='bbox 1148 2187 1195 2225; x_wconf 88' lang='lat' dir='ltr'>fi-</span> 
     </span>
     <span class='ocr_line' id='line_1_42' title="bbox 68 2235 1194 2285; baseline 0.004 -11"><span class='ocrx_word' id='word_1_302' title='bbox 68 2235 159 2275; x_wconf 81' lang='lat' dir='ltr'>dem</span> <span class='ocrx_word' id='word_1_303' title='bbox 187 2238 384 2285; x_wconf 85' lang='lat' dir='ltr'>amittunt;</span> <span class='ocrx_word' id='word_1_304' title='bbox 414 2239 514 2277; x_wconf 90' lang='lat' dir='ltr'>unde</span> <span class='ocrx_word' id='word_1_305' title='bbox 542 2238 687 2277; x_wconf 87' lang='lat' dir='ltr'>ibidem</span> <span class='ocrx_word' id='word_1_306' title='bbox 716 2253 753 2278; x_wconf 92' lang='lat' dir='ltr'>n.</span> <span class='ocrx_word' id='word_1_307' title='bbox 772 2253 809 2278; x_wconf 86' lang='lat'>2.</span> <span class='ocrx_word' id='word_1_308' title='bbox 837 2239 1008 2278; x_wconf 82' lang='lat' dir='ltr'>dixerat:</span> <span class='ocrx_word' id='word_1_309' title='bbox 1055 2238 1103 2277; x_wconf 88' lang='lat' dir='ltr'>In</span> <span class='ocrx_word' id='word_1_310' title='bbox 1132 2253 1194 2279; x_wconf 84' lang='lat' dir='ltr'>er-</span> 
     </span>
     <span class='ocr_line' id='line_1_43' title="bbox 70 2291 1194 2344; baseline 0.005 -17"><span class='ocrx_word' id='word_1_311' title='bbox 70 2299 218 2339; x_wconf 85' lang='lat' dir='ltr'>rante,</span> <span class='ocrx_word' id='word_1_312' title='bbox 245 2291 296 2332; x_wconf 81' lang='lat'><em>&amp;</em></span> <span class='ocrx_word' id='word_1_313' title='bbox 325 2291 529 2331; x_wconf 82' lang='lat' dir='ltr'>deserente</span> <span class='ocrx_word' id='word_1_314' title='bbox 558 2293 682 2335; x_wconf 86' lang='lat' dir='ltr'>milite</span> <span class='ocrx_word' id='word_1_315' title='bbox 709 2297 864 2332; x_wconf 79' lang='lat' dir='ltr'>crimen</span> <span class='ocrx_word' id='word_1_316' title='bbox 885 2302 943 2332; x_wconf 87' lang='lat' dir='ltr'>est</span> <span class='ocrx_word' id='word_1_317' title='bbox 963 2291 1194 2344; x_wconf 74' lang='lat' dir='ltr'>desertoris,</span> 
     </span>
     <span class='ocr_line' id='line_1_44' title="bbox 69 2341 1195 2397; baseline 0.006 -17"><span class='ocrx_word' id='word_1_318' title='bbox 69 2341 284 2383; x_wconf 76' lang='lat' dir='ltr'>character</span> <span class='ocrx_word' id='word_1_319' title='bbox 310 2355 450 2385; x_wconf 85' lang='lat' dir='ltr'>autem</span> <span class='ocrx_word' id='word_1_320' title='bbox 476 2359 558 2385; x_wconf 88' lang='lat' dir='ltr'>non</span> <span class='ocrx_word' id='word_1_321' title='bbox 600 2356 659 2386; x_wconf 86' lang='lat' dir='ltr'>est</span> <span class='ocrx_word' id='word_1_322' title='bbox 688 2345 897 2386; x_wconf 82' lang='lat' dir='ltr'>desertoris</span> <span class='ocrx_word' id='word_1_323' title='bbox 914 2376 926 2395; x_wconf 92' lang='lat'>,</span> <span class='ocrx_word' id='word_1_324' title='bbox 968 2346 1038 2385; x_wconf 75' lang='lat' dir='ltr'>sed</span> <span class='ocrx_word' id='word_1_325' title='bbox 1066 2346 1195 2397; x_wconf 85' lang='lat' dir='ltr'>Impe-</span> 
     </span>
     <span class='ocr_line' id='line_1_45' title="bbox 70 2398 1193 2454; baseline 0.007 -21"><span class='ocrx_word' id='word_1_326' title='bbox 70 2401 244 2438; x_wconf 77' lang='lat' dir='ltr'>ratort&#39;s.</span> <span class='ocrx_word' id='word_1_327' title='bbox 274 2398 323 2438; x_wconf 88' lang='lat' dir='ltr'>Et</span> <span class='ocrx_word' id='word_1_328' title='bbox 351 2409 479 2453; x_wconf 85' lang='lat' dir='ltr'>postea</span> <span class='ocrx_word' id='word_1_329' title='bbox 506 2400 553 2439; x_wconf 93' lang='lat' dir='ltr'>de</span> <span class='ocrx_word' id='word_1_330' title='bbox 579 2401 626 2440; x_wconf 87' lang='lat' dir='ltr'>iis</span> <span class='ocrx_word' id='word_1_331' title='bbox 655 2401 814 2454; x_wconf 86' lang='lat' dir='ltr'>loquens</span> <span class='ocrx_word' id='word_1_332' title='bbox 831 2431 842 2451; x_wconf 95' lang='lat'>,</span> <span class='ocrx_word' id='word_1_333' title='bbox 871 2401 936 2453; x_wconf 89' lang='lat' dir='ltr'>qui</span> <span class='ocrx_word' id='word_1_334' title='bbox 958 2415 980 2438; x_wconf 90' lang='lat' dir='ltr'>a</span> <span class='ocrx_word' id='word_1_335' title='bbox 1009 2399 1193 2441; x_wconf 84' lang='lat' dir='ltr'>schisma·</span> 
     </span>
     <span class='ocr_line' id='line_1_46' title="bbox 68 2450 1191 2507; baseline 0.006 -19"><span class='ocrx_word' id='word_1_336' title='bbox 68 2450 151 2490; x_wconf 83' lang='lat' dir='ltr'>ticis</span> <span class='ocrx_word' id='word_1_337' title='bbox 180 2451 358 2504; x_wconf 85' lang='lat' dir='ltr'>baptizati</span> <span class='ocrx_word' id='word_1_338' title='bbox 386 2455 563 2503; x_wconf 82' lang='lat' dir='ltr'>fuerant,</span> <span class='ocrx_word' id='word_1_339' title='bbox 592 2455 738 2507; x_wconf 87' lang='lat' dir='ltr'>inquit:</span> <span class='ocrx_word' id='word_1_340' title='bbox 786 2456 824 2494; x_wconf 90' lang='lat' dir='ltr'><em>A</em></span> <span class='ocrx_word' id='word_1_341' title='bbox 852 2453 1112 2493; x_wconf 82' lang='lat' dir='ltr'>desertoribus</span> <span class='ocrx_word' id='word_1_342' title='bbox 1139 2461 1191 2495; x_wconf 84' lang='lat' dir='ltr'>si-</span> 
     </span>
     <span class='ocr_line' id='line_1_47' title="bbox 71 2507 1190 2561; baseline 0.006 -20"><span class='ocrx_word' id='word_1_343' title='bbox 71 2507 182 2553; x_wconf 84' lang='lat' dir='ltr'>gnati</span> <span class='ocrx_word' id='word_1_344' title='bbox 209 2515 299 2544; x_wconf 87' lang='lat' dir='ltr'>sunt</span> <span class='ocrx_word' id='word_1_345' title='bbox 315 2537 326 2556; x_wconf 90' lang='lat'>,</span> <span class='ocrx_word' id='word_1_346' title='bbox 354 2521 436 2547; x_wconf 82' lang='lat' dir='ltr'>non</span> <span class='ocrx_word' id='word_1_347' title='bbox 462 2518 604 2547; x_wconf 84' lang='lat' dir='ltr'>tamen</span> <span class='ocrx_word' id='word_1_348' title='bbox 631 2513 747 2561; x_wconf 82' lang='lat' dir='ltr'>signo</span> <span class='ocrx_word' id='word_1_349' title='bbox 775 2508 984 2547; x_wconf 87' lang='lat' dir='ltr'>desertoris</span> <span class='ocrx_word' id='word_1_350' title='bbox 1001 2538 1012 2556; x_wconf 89' lang='lat'>,</span> <span class='ocrx_word' id='word_1_351' title='bbox 1041 2508 1112 2547; x_wconf 81' lang='lat' dir='ltr'>sed</span> <span class='ocrx_word' id='word_1_352' title='bbox 1138 2514 1190 2548; x_wconf 90' lang='lat' dir='ltr'>si-</span> 
     </span>
     <span class='ocr_line' id='line_1_48' title="bbox 70 2556 1188 2610; baseline 0.005 -14"><span class='ocrx_word' id='word_1_353' title='bbox 70 2567 149 2606; x_wconf 80' lang='lat' dir='ltr'>gno</span> <span class='ocrx_word' id='word_1_354' title='bbox 178 2556 463 2610; x_wconf 86' lang='lat' dir='ltr'>Imperatoris:</span> <span class='ocrx_word' id='word_1_355' title='bbox 505 2575 589 2601; x_wconf 87' lang='lat' dir='ltr'>non</span> <span class='ocrx_word' id='word_1_356' title='bbox 624 2567 733 2601; x_wconf 88' lang='lat' dir='ltr'>enim</span> <span class='ocrx_word' id='word_1_357' title='bbox 771 2562 946 2602; x_wconf 80' lang='lat' dir='ltr'>desertor</span> <span class='ocrx_word' id='word_1_358' title='bbox 979 2561 1188 2603; x_wconf 67' lang='lat' dir='ltr'>characte-</span> 
     </span>
     <span class='ocr_line' id='line_1_49' title="bbox 73 2613 1189 2669; baseline 0.007 -21"><span class='ocrx_word' id='word_1_359' title='bbox 73 2618 159 2648; x_wconf 79' lang='lat' dir='ltr'>rem</span> <span class='ocrx_word' id='word_1_360' title='bbox 185 2624 300 2652; x_wconf 81' lang='lat' dir='ltr'>suum</span> <span class='ocrx_word' id='word_1_361' title='bbox 316 2613 447 2669; x_wconf 75' lang='lat' dir='ltr'>fixit.</span> <span class='ocrx_word' id='word_1_362' title='bbox 485 2615 544 2654; x_wconf 89' lang='lat' dir='ltr'>En</span> <span class='ocrx_word' id='word_1_363' title='bbox 573 2615 768 2655; x_wconf 87' lang='lat' dir='ltr'>character</span> <span class='ocrx_word' id='word_1_364' title='bbox 797 2619 1000 2668; x_wconf 83' lang='lat' dir='ltr'>impressus</span> <span class='ocrx_word' id='word_1_365' title='bbox 1029 2616 1100 2655; x_wconf 89' lang='lat' dir='ltr'>sub</span> <span class='ocrx_word' id='word_1_366' title='bbox 1131 2619 1189 2656; x_wconf 90' lang='lat' dir='ltr'>in-</span> 
     </span>
    </p>
   </div>
   <div class='ocr_carea' id='block_1_3' title="bbox 72 2663 1190 2759">
    <p class='ocr_par' dir='ltr' id='par_1_3' title="bbox 72 2663 1190 2759">
     <span class='ocr_line' id='line_1_50' title="bbox 72 2663 1190 2756; baseline 0.01 -57"><span class='ocrx_word' id='word_1_367' title='bbox 72 2663 274 2756; x_wconf 55' lang='lat' dir='ltr'>:iocationii-³</span> <span class='ocrx_word' id='word_1_368' title='bbox 276 2666 533 2710; x_wconf 80' lang='lat' dir='ltr'>Sanctissimae</span> <span class='ocrx_word' id='word_1_369' title='bbox 550 2670 702 2709; x_wconf 84' lang='lat' dir='ltr'>Triadis</span> <span class='ocrx_word' id='word_1_370' title='bbox 719 2700 729 2720; x_wconf 90' lang='lat'>,</span> <span class='ocrx_word' id='word_1_371' title='bbox 759 2672 828 2723; x_wconf 89' lang='lat' dir='ltr'>qui</span> <span class='ocrx_word' id='word_1_372' title='bbox 856 2679 984 2709; x_wconf 84' lang='lat' dir='ltr'>manet</span> <span class='ocrx_word' id='word_1_373' title='bbox 1013 2671 1128 2709; x_wconf 87' lang='lat' dir='ltr'>etiam</span> <span class='ocrx_word' id='word_1_374' title='bbox 1148 2673 1190 2710; x_wconf 90' lang='lat' dir='ltr'>in</span> 
     </span>
     <span class='ocr_line' id='line_1_51' title="bbox 102 2718 344 2759; baseline 0.041 -10"><span class='ocrx_word' id='word_1_375' title='bbox 102 2718 246 2755; x_wconf 81' lang='lat' dir='ltr'>esertori</span> <span class='ocrx_word' id='word_1_376' title='bbox 277 2733 317 2758; x_wconf 86' lang='lat' dir='ltr'>us</span> <span class='ocrx_word' id='word_1_377' title='bbox 332 2747 344 2759; x_wconf 91' lang='lat'>.</span> 
     </span>
    </p>
   </div>
   <div class='ocr_carea' id='block_1_4' title="bbox 71 2764 1187 2884">
    <p class='ocr_par' dir='ltr' id='par_1_4' title="bbox 71 2764 1187 2884">
     <span class='ocr_line' id='line_1_52' title="bbox 122 2764 1187 2830; baseline 0.006 -20"><span class='ocrx_word' id='word_1_378' title='bbox 122 2764 216 2812; x_wconf 76' lang='grc' dir='ltr'>44οι</span> <span class='ocrx_word' id='word_1_379' title='bbox 244 2770 382 2814; x_wconf 85' lang='lat' dir='ltr'>Dices.</span> <span class='ocrx_word' id='word_1_380' title='bbox 410 2776 557 2816; x_wconf 86' lang='lat' dir='ltr'>Ibidem</span> <span class='ocrx_word' id='word_1_381' title='bbox 586 2776 626 2817; x_wconf 91' lang='lat' dir='ltr'>S.</span> <span class='ocrx_word' id='word_1_382' title='bbox 644 2776 751 2817; x_wconf 86' lang='lat' dir='ltr'>Pater</span> <span class='ocrx_word' id='word_1_383' title='bbox 781 2778 833 2817; x_wconf 87' lang='lat' dir='ltr'>ita</span> <span class='ocrx_word' id='word_1_384' title='bbox 862 2778 1011 2830; x_wconf 87' lang='lat' dir='ltr'>pergit:</span> <span class='ocrx_word' id='word_1_385' title='bbox 1043 2777 1085 2817; x_wconf 89' lang='lat' dir='ltr'>Si</span> <span class='ocrx_word' id='word_1_386' title='bbox 1106 2776 1187 2816; x_wconf 89' lang='lat' dir='ltr'>Do-</span> 
     </span>
     <span class='ocr_line' id='line_1_53' title="bbox 71 2825 1186 2884; baseline 0.01 -24"><span class='ocrx_word' id='word_1_387' title='bbox 71 2826 193 2858; x_wconf 75' lang='lat' dir='ltr'>natus</span> <span class='ocrx_word' id='word_1_388' title='bbox 220 2825 374 2872; x_wconf 79' lang='lat' dir='ltr'>quando</span> <span class='ocrx_word' id='word_1_389' title='bbox 401 2829 575 2870; x_wconf 80' lang='lat' dir='ltr'>schisma</span> <span class='ocrx_word' id='word_1_390' title='bbox 591 2830 697 2884; x_wconf 86' lang='lat' dir='ltr'>fecit</span> <span class='ocrx_word' id='word_1_391' title='bbox 716 2862 726 2881; x_wconf 89' lang='lat'>,</span> <span class='ocrx_word' id='word_1_392' title='bbox 768 2836 810 2871; x_wconf 83' lang='lat' dir='ltr'>in</span> <span class='ocrx_word' id='word_1_393' title='bbox 838 2837 1001 2872; x_wconf 74' lang='lat' dir='ltr'>nomine</span> <span class='ocrx_word' id='word_1_394' title='bbox 1030 2831 1186 2871; x_wconf 81' lang='lat' dir='ltr'>Donati</span> 
     </span>
    </p>
   </div>
   <div class='ocr_carea' id='block_1_5' title="bbox 67 2981 1190 3318">
    <p class='ocr_par' dir='ltr' id='par_1_5' title="bbox 67 2981 1190 3318">
     <span class='ocr_line' id='line_1_54' title="bbox 113 2981 1190 3041; baseline 0.017 -29"><span class='ocrx_word' id='word_1_395' title='bbox 113 2983 163 3032; x_wconf 56' lang='lat' dir='ltr'>ta)</span> <span class='ocrx_word' id='word_1_396' title='bbox 194 2981 500 3020; x_wconf 81' lang='lat' dir='ltr'>Erninentissimns</span> <span class='ocrx_word' id='word_1_397' title='bbox 526 2989 671 3024; x_wconf 83' lang='lat' dir='ltr'>Concilii</span> <span class='ocrx_word' id='word_1_398' title='bbox 696 2982 862 3028; x_wconf 70' lang='lat' dir='ltr'>&#39;Trident-</span> <span class='ocrx_word' id='word_1_399' title='bbox 879 2993 1190 3041; x_wconf 81' lang='lat' dir='ltr'>Historiographus</span> 
     </span>
     <span class='ocr_line' id='line_1_55' title="bbox 68 3024 1190 3086; baseline 0.015 -27"><span class='ocrx_word' id='word_1_400' title='bbox 68 3024 176 3060; x_wconf 68' lang='lat' dir='ltr'>fuisse</span> <span class='ocrx_word' id='word_1_401' title='bbox 201 3028 343 3072; x_wconf 79' lang='lat' dir='ltr'>quidem</span> <span class='ocrx_word' id='word_1_402' title='bbox 368 3042 537 3066; x_wconf 83' lang='lat' dir='ltr'>memorat</span> <span class='ocrx_word' id='word_1_403' title='bbox 564 3036 694 3079; x_wconf 82' lang='lat' dir='ltr'>aliquos</span> <span class='ocrx_word' id='word_1_404' title='bbox 718 3039 909 3084; x_wconf 79' lang='lat' dir='ltr'>Theologos</span> <span class='ocrx_word' id='word_1_405' title='bbox 926 3063 937 3082; x_wconf 87' lang='lat'>‚</span> <span class='ocrx_word' id='word_1_406' title='bbox 962 3043 1022 3086; x_wconf 82' lang='lat' dir='ltr'>qui</span> <span class='ocrx_word' id='word_1_407' title='bbox 1049 3052 1190 3076; x_wconf 87' lang='lat' dir='ltr'>senten-</span> 
     </span>
     <span class='ocr_line' id='line_1_56' title="bbox 67 3073 1186 3130; baseline 0.014 -25"><span class='ocrx_word' id='word_1_408' title='bbox 67 3073 156 3106; x_wconf 79' lang='lat' dir='ltr'>tiam</span> <span class='ocrx_word' id='word_1_409' title='bbox 184 3074 420 3119; x_wconf 82' lang='lat' dir='ltr'>impressionis</span> <span class='ocrx_word' id='word_1_410' title='bbox 458 3077 670 3113; x_wconf 76' lang='lat' dir='ltr'>characteris</span> <span class='ocrx_word' id='word_1_411' title='bbox 704 3084 815 3117; x_wconf 85' lang='lat' dir='ltr'>solnm</span> <span class='ocrx_word' id='word_1_412' title='bbox 849 3096 888 3119; x_wconf 83' lang='lat' dir='ltr'>ut</span> <span class='ocrx_word' id='word_1_413' title='bbox 922 3090 1186 3130; x_wconf 80' lang='lat' dir='ltr'>probabiliorem</span> 
     </span>
     <span class='ocr_line' id='line_1_57' title="bbox 67 3118 1187 3169; baseline 0.015 -18"><span class='ocrx_word' id='word_1_414' title='bbox 67 3118 255 3153; x_wconf 52' lang='lat' dir='ltr'>tenendam</span> <span class='ocrx_word' id='word_1_415' title='bbox 282 3133 355 3154; x_wconf 89' lang='lat' dir='ltr'>esse</span> <span class='ocrx_word' id='word_1_416' title='bbox 381 3123 632 3164; x_wconf 75' lang='lat' dir='ltr'>consulebant,</span> <span class='ocrx_word' id='word_1_417' title='bbox 667 3136 786 3169; x_wconf 83' lang='lat' dir='ltr'>agente</span> <span class='ocrx_word' id='word_1_418' title='bbox 815 3141 931 3165; x_wconf 78' lang='lat' dir='ltr'>autern</span> <span class='ocrx_word' id='word_1_419' title='bbox 957 3133 1063 3167; x_wconf 82' lang='lat' dir='ltr'>Card.</span> <span class='ocrx_word' id='word_1_420' title='bbox 1092 3136 1187 3168; x_wconf 85' lang='lat' dir='ltr'>Seri-</span> 
     </span>
     <span class='ocr_line' id='line_1_58' title="bbox 71 3165 1185 3214; baseline 0.017 -18"><span class='ocrx_word' id='word_1_421' title='bbox 71 3165 183 3207; x_wconf 77' lang='lat' dir='ltr'>pando</span> <span class='ocrx_word' id='word_1_422' title='bbox 206 3168 355 3201; x_wconf 71' lang='lat' dir='ltr'>concilii</span> <span class='ocrx_word' id='word_1_423' title='bbox 383 3169 552 3210; x_wconf 58' lang='lat' dir='ltr'>praeside,</span> <span class='ocrx_word' id='word_1_424' title='bbox 580 3171 683 3203; x_wconf 79' lang='lat' dir='ltr'>fuisse</span> <span class='ocrx_word' id='word_1_425' title='bbox 708 3181 745 3204; x_wconf 89' lang='lat' dir='ltr'>ut</span> <span class='ocrx_word' id='word_1_426' title='bbox 771 3176 957 3210; x_wconf 85' lang='lat' dir='ltr'>articulum</span> <span class='ocrx_word' id='word_1_427' title='bbox 985 3179 1062 3212; x_wconf 81' lang='lat' dir='ltr'>fidei</span> <span class='ocrx_word' id='word_1_428' title='bbox 1090 3192 1185 3214; x_wconf 86' lang='lat' dir='ltr'>rece-</span> 
     </span>
     <span class='ocr_line' id='line_1_59' title="bbox 70 3215 1182 3270; baseline 0.017 -28"><span class='ocrx_word' id='word_1_429' title='bbox 70 3216 192 3254; x_wconf 81' lang='lat' dir='ltr'>ptam,</span> <span class='ocrx_word' id='word_1_430' title='bbox 230 3215 451 3258; x_wconf 85' lang='lat' dir='ltr'>potissimum</span> <span class='ocrx_word' id='word_1_431' title='bbox 484 3229 545 3261; x_wconf 88' lang='lat' dir='ltr'>pro</span> <span class='ocrx_word' id='word_1_432' title='bbox 559 3225 624 3249; x_wconf 64' lang='lat' dir='ltr'>‘ter</span> <span class='ocrx_word' id='word_1_433' title='bbox 660 3219 903 3254; x_wconf 79' lang='lat' dir='ltr'>auctoritatem</span> <span class='ocrx_word' id='word_1_434' title='bbox 927 3224 962 3254; x_wconf 88' lang='lat' dir='ltr'>S.</span> <span class='ocrx_word' id='word_1_435' title='bbox 994 3225 1182 3270; x_wconf 77' lang='lat' dir='ltr'>Augustini</span> 
     </span>
     <span class='ocr_line' id='line_1_60' title="bbox 70 3229 1182 3318; baseline 0.017 -31"><span class='ocrx_word' id='word_1_436' title='bbox 70 3254 113 3287; x_wconf 81' lang='lat' dir='ltr'>ab</span> <span class='ocrx_word' id='word_1_437' title='bbox 137 3258 252 3293; x_wconf 81' lang='lat' dir='ltr'>eodem</span> <span class='ocrx_word' id='word_1_438' title='bbox 279 3261 468 3307; x_wconf 83' lang='lat' dir='ltr'>Seripando</span> <span class='ocrx_word' id='word_1_439' title='bbox 494 3229 679 3298; x_wconf 72' lang='lat' dir='ltr'>adductam</span> <span class='ocrx_word' id='word_1_440' title='bbox 695 3282 703 3295; x_wconf 83' lang='lat'><strong>·</strong></span> <span class='ocrx_word' id='word_1_441' title='bbox 743 3262 809 3299; x_wconf 79' lang='lat' dir='ltr'>Sed</span> <span class='ocrx_word' id='word_1_442' title='bbox 836 3264 909 3300; x_wconf 67' lang='lat' dir='ltr'>haec</span> <span class='ocrx_word' id='word_1_443' title='bbox 934 3268 1065 3305; x_wconf 79' lang='lat' dir='ltr'>frustra</span> <span class='ocrx_word' id='word_1_444' title='bbox 1091 3271 1182 3318; x_wconf 77' lang='lat' dir='ltr'>obji—</span> 
     </span>
    </p>
   </div>
   <div class='ocr_carea' id='block_1_6' title="bbox 1254 99 2412 2942">
    <p class='ocr_par' dir='ltr' id='par_1_6' title="bbox 1281 99 2412 533">
     <span class='ocr_line' id='line_1_61' title="bbox 1285 99 2412 170; baseline 0.018 -32"><span class='ocrx_word' id='word_1_445' title='bbox 1285 99 1502 151; x_wconf 84' lang='lat' dir='ltr'>baptizaret</span> <span class='ocrx_word' id='word_1_446' title='bbox 1520 133 1530 151; x_wconf 94' lang='lat'>,</span> <span class='ocrx_word' id='word_1_447' title='bbox 1551 103 1761 145; x_wconf 78' lang='lat' dir='ltr'>(lesertoris</span> <span class='ocrx_word' id='word_1_448' title='bbox 1782 109 2059 152; x_wconf 62' lang='lat' dir='ltr'>characterem.</span> <span class='ocrx_word' id='word_1_449' title='bbox 2079 116 2263 170; x_wconf 77' lang='lat' dir='ltr'>infigeret</span> <span class='ocrx_word' id='word_1_450' title='bbox 2282 144 2291 156; x_wconf 84' lang='grc'><strong>.</strong></span> <span class='ocrx_word' id='word_1_451' title='bbox 2324 120 2412 170; x_wconf 76' lang='lat' dir='ltr'>Ego</span> 
     </span>
     <span class='ocr_line' id='line_1_62' title="bbox 1284 155 2405 214; baseline 0.02 -24"><span class='ocrx_word' id='word_1_452' title='bbox 1284 155 1446 206; x_wconf 75' lang='lat' dir='ltr'>quando</span> <span class='ocrx_word' id='word_1_453' title='bbox 1474 169 1659 194; x_wconf 51' lang='lat' dir='ltr'>§vocarem</span> <span class='ocrx_word' id='word_1_454' title='bbox 1687 159 1742 195; x_wconf 64' lang='lat' dir='ltr'>ati</span> <span class='ocrx_word' id='word_1_455' title='bbox 1770 168 1963 202; x_wconf 76' lang='lat' dir='ltr'>unitatem</span> <span class='ocrx_word' id='word_1_456' title='bbox 1983 197 1993 214; x_wconf 87' lang='lat'>,</span> <span class='ocrx_word' id='word_1_457' title='bbox 2032 174 2064 206; x_wconf 87' lang='lat' dir='ltr'>si</span> <span class='ocrx_word' id='word_1_458' title='bbox 2094 175 2312 211; x_wconf 63' lang='lat' dir='ltr'>invenirem</span> <span class='ocrx_word' id='word_1_459' title='bbox 2340 173 2405 212; x_wconf 78' lang='lat' dir='ltr'>‹le-</span> 
     </span>
     <span class='ocr_line' id='line_1_63' title="bbox 1283 208 2408 275; baseline 0.015 -30"><span class='ocrx_word' id='word_1_460' title='bbox 1283 212 1444 246; x_wconf 74' lang='lat' dir='ltr'>serioris</span> <span class='ocrx_word' id='word_1_461' title='bbox 1473 208 1751 249; x_wconf 75' lang='lat' dir='ltr'>characterem</span> <span class='ocrx_word' id='word_1_462' title='bbox 1769 243 1780 261; x_wconf 93' lang='lat'>,</span> <span class='ocrx_word' id='word_1_463' title='bbox 1822 227 2136 261; x_wconf 77' lang='lat' dir='ltr'>exterminarem</span> <span class='ocrx_word' id='word_1_464' title='bbox 2154 255 2165 273; x_wconf 88' lang='lat'>,</span> <span class='ocrx_word' id='word_1_465' title='bbox 2206 224 2408 275; x_wconf 48' lang='lat' dir='ltr'>defferens,</span> 
     </span>
     <span class='ocr_line' id='line_1_64' title="bbox 1284 259 2404 330; baseline 0.016 -32"><span class='ocrx_word' id='word_1_466' title='bbox 1284 259 1484 300; x_wconf 81' lang='lat' dir='ltr'>abolerem</span> <span class='ocrx_word' id='word_1_467' title='bbox 1502 292 1513 311; x_wconf 92' lang='lat'>,</span> <span class='ocrx_word' id='word_1_468' title='bbox 1540 262 1759 315; x_wconf 84' lang='lat' dir='ltr'>abjicerem</span> <span class='ocrx_word' id='word_1_469' title='bbox 1777 296 1786 314; x_wconf 93' lang='lat'>,</span> <span class='ocrx_word' id='word_1_470' title='bbox 1817 280 1897 305; x_wconf 82' lang='lat' dir='ltr'>non</span> <span class='ocrx_word' id='word_1_471' title='bbox 1927 275 2192 319; x_wconf 69' lang='lat' dir='ltr'>approbarem</span> <span class='ocrx_word' id='word_1_472' title='bbox 2210 308 2219 326; x_wconf 87' lang='lat'>,</span> <span class='ocrx_word' id='word_1_473' title='bbox 2250 293 2404 330; x_wconf 78' lang='lat' dir='ltr'>respuo-</span> 
     </span>
     <span class='ocr_line' id='line_1_65' title="bbox 1285 316 2407 384; baseline 0.012 -32"><span class='ocrx_word' id='word_1_474' title='bbox 1285 327 1401 364; x_wconf 88' lang='lat' dir='ltr'>rem,</span> <span class='ocrx_word' id='word_1_475' title='bbox 1431 316 1827 358; x_wconf 73' lang='lat' dir='ltr'>anathematizarem</span> <span class='ocrx_word' id='word_1_476' title='bbox 1846 351 1856 368; x_wconf 90' lang='lat'>,</span> <span class='ocrx_word' id='word_1_477' title='bbox 1885 321 2129 365; x_wconf 73' lang='lat' dir='ltr'>damnarem</span> <span class='ocrx_word' id='word_1_478' title='bbox 2149 334 2264 371; x_wconf 55' lang='lat' dir='ltr'>eye„-</span> <span class='ocrx_word' id='word_1_479' title='bbox 2296 344 2407 384; x_wconf 62' lang='lat' dir='ltr'>puta-</span> 
     </span>
     <span class='ocr_line' id='line_1_66' title="bbox 1284 369 2406 436; baseline 0.01 -30"><span class='ocrx_word' id='word_1_480' title='bbox 1284 370 1339 409; x_wconf 86' lang='lat' dir='ltr'>vit</span> <span class='ocrx_word' id='word_1_481' title='bbox 1369 382 1456 420; x_wconf 81' lang='lat' dir='ltr'>ergo</span> <span class='ocrx_word' id='word_1_482' title='bbox 1485 369 1525 408; x_wconf 86' lang='lat' dir='ltr'>S.</span> <span class='ocrx_word' id='word_1_483' title='bbox 1558 371 1720 421; x_wconf 87' lang='lat' dir='ltr'>Doctor,</span> <span class='ocrx_word' id='word_1_484' title='bbox 1762 373 2022 414; x_wconf 79' lang='lat' dir='ltr'>characterem</span> <span class='ocrx_word' id='word_1_485' title='bbox 2067 395 2142 418; x_wconf 61' lang='lat' dir='ltr'>esse</span> <span class='ocrx_word' id='word_1_486' title='bbox 2171 385 2325 436; x_wconf 59' lang='lat' dir='ltr'>ali-{uod</span> <span class='ocrx_word' id='word_1_487' title='bbox 2357 390 2406 426; x_wconf 71' lang='lat' dir='ltr'>gi-</span> 
     </span>
     <span class='ocr_line' id='line_1_67' title="bbox 1281 427 2405 482; baseline 0.02 -24"><span class='ocrx_word' id='word_1_488' title='bbox 1281 435 1400 473; x_wconf 85' lang='lat' dir='ltr'>gnum</span> <span class='ocrx_word' id='word_1_489' title='bbox 1430 433 1628 462; x_wconf 86' lang='lat' dir='ltr'>externum</span> <span class='ocrx_word' id='word_1_490' title='bbox 1648 456 1658 474; x_wconf 92' lang='lat'>,</span> <span class='ocrx_word' id='word_1_491' title='bbox 1689 427 1722 463; x_wconf 75' lang='grc' dir='ltr'><strong>ἃ</strong></span> <span class='ocrx_word' id='word_1_492' title='bbox 1744 428 1924 476; x_wconf 81' lang='lat' dir='ltr'>visibile,</span> <span class='ocrx_word' id='word_1_493' title='bbox 1955 432 2056 482; x_wconf 87' lang='lat' dir='ltr'>quod</span> <span class='ocrx_word' id='word_1_494' title='bbox 2087 436 2199 472; x_wconf 88' lang='lat' dir='ltr'>etiam</span> <span class='ocrx_word' id='word_1_495' title='bbox 2229 444 2405 480; x_wconf 71' lang='lat' dir='ltr'>extermi-</span> 
     </span>
     <span class='ocr_line' id='line_1_68' title="bbox 1284 476 1977 533; baseline 0.012 -21"><span class='ocrx_word' id='word_1_496' title='bbox 1284 478 1388 523; x_wconf 86' lang='lat' dir='ltr'>nari,</span> <span class='ocrx_word' id='word_1_497' title='bbox 1418 476 1565 526; x_wconf 87' lang='lat' dir='ltr'>deleri,</span> <span class='ocrx_word' id='word_1_498' title='bbox 1597 478 1630 514; x_wconf 88' lang='lat'><strong>&amp;</strong></span> <span class='ocrx_word' id='word_1_499' title='bbox 1660 480 1805 518; x_wconf 83' lang='lat' dir='ltr'>aboleri</span> <span class='ocrx_word' id='word_1_500' title='bbox 1835 484 1977 533; x_wconf 83' lang='lat' dir='ltr'>possit.</span> 
     </span>
    </p>

    <p class='ocr_par' dir='ltr' id='par_1_7' title="bbox 1277 530 2410 1389">
     <span class='ocr_line' id='line_1_69' title="bbox 1337 530 2407 593; baseline 0.017 -28"><span class='ocrx_word' id='word_1_501' title='bbox 1337 530 1430 574; x_wconf 70' lang='grc'>441.</span> <span class='ocrx_word' id='word_1_502' title='bbox 1463 530 1603 583; x_wconf 76' lang='lat' dir='ltr'>Resp.,</span> <span class='ocrx_word' id='word_1_503' title='bbox 1636 533 1890 585; x_wconf 79' lang='lat' dir='ltr'>Augustinum</span> <span class='ocrx_word' id='word_1_504' title='bbox 1923 536 2025 589; x_wconf 72' lang='lat' dir='ltr'>loqui</span> <span class='ocrx_word' id='word_1_505' title='bbox 2050 539 2085 577; x_wconf 91' lang='lat' dir='ltr'>in</span> <span class='ocrx_word' id='word_1_506' title='bbox 2116 538 2313 593; x_wconf 83' lang='lat' dir='ltr'>hypothesi</span> <span class='ocrx_word' id='word_1_507' title='bbox 2338 547 2407 583; x_wconf 82' lang='lat' dir='ltr'>im—</span> 
     </span>
     <span class='ocr_line' id='line_1_70' title="bbox 1280 582 2407 649; baseline 0.015 -30"><span class='ocrx_word' id='word_1_508' title='bbox 1280 582 1483 634; x_wconf 87' lang='lat' dir='ltr'>possibili,</span> <span class='ocrx_word' id='word_1_509' title='bbox 1513 586 1543 623; x_wconf 88' lang='lat' dir='ltr'>si</span> <span class='ocrx_word' id='word_1_510' title='bbox 1570 599 1710 638; x_wconf 82' lang='lat' dir='ltr'>nempe</span> <span class='ocrx_word' id='word_1_511' title='bbox 1739 588 1909 626; x_wconf 85' lang='lat' dir='ltr'>Donatus</span> <span class='ocrx_word' id='word_1_512' title='bbox 1938 592 1976 628; x_wconf 88' lang='lat' dir='ltr'>iu</span> <span class='ocrx_word' id='word_1_513' title='bbox 2005 595 2160 631; x_wconf 86' lang='lat' dir='ltr'>nomine</span> <span class='ocrx_word' id='word_1_514' title='bbox 2191 609 2257 633; x_wconf 86' lang='lat' dir='ltr'>suo</span> <span class='ocrx_word' id='word_1_515' title='bbox 2285 597 2407 649; x_wconf 85' lang='lat' dir='ltr'>bapti-</span> 
     </span>
     <span class='ocr_line' id='line_1_71' title="bbox 1281 637 2407 701; baseline 0.014 -29"><span class='ocrx_word' id='word_1_516' title='bbox 1281 646 1402 684; x_wconf 86' lang='lat' dir='ltr'>zaret,</span> <span class='ocrx_word' id='word_1_517' title='bbox 1445 637 1479 674; x_wconf 76' lang='lat' dir='ltr'>St</span> <span class='ocrx_word' id='word_1_518' title='bbox 1510 651 1583 677; x_wconf 88' lang='lat' dir='ltr'>uon</span> <span class='ocrx_word' id='word_1_519' title='bbox 1614 641 1653 678; x_wconf 91' lang='lat' dir='ltr'>iu</span> <span class='ocrx_word' id='word_1_520' title='bbox 1681 643 1839 680; x_wconf 88' lang='lat' dir='ltr'>nomine</span> <span class='ocrx_word' id='word_1_521' title='bbox 1869 643 2065 684; x_wconf 80' lang='lat' dir='ltr'>Trinitatis</span> <span class='ocrx_word' id='word_1_522' title='bbox 2086 676 2095 694; x_wconf 87' lang='lat'>,</span> <span class='ocrx_word' id='word_1_523' title='bbox 2139 647 2173 684; x_wconf 75' lang='grc' dir='ltr'>δε</span> <span class='ocrx_word' id='word_1_524' title='bbox 2202 650 2255 687; x_wconf 84' lang='lat' dir='ltr'>sic</span> <span class='ocrx_word' id='word_1_525' title='bbox 2285 649 2407 701; x_wconf 87' lang='lat' dir='ltr'>bapti-</span> 
     </span>
     <span class='ocr_line' id='line_1_72' title="bbox 1281 690 2410 754; baseline 0.013 -27"><span class='ocrx_word' id='word_1_526' title='bbox 1281 703 1370 728; x_wconf 84' lang='lat' dir='ltr'>zans</span> <span class='ocrx_word' id='word_1_527' title='bbox 1397 690 1677 732; x_wconf 71' lang='lat' dir='ltr'>characterem</span> <span class='ocrx_word' id='word_1_528' title='bbox 1707 692 1915 734; x_wconf 77' lang='lat' dir='ltr'>desertoris</span> <span class='ocrx_word' id='word_1_529' title='bbox 1944 698 2127 751; x_wconf 71' lang='lat' dir='ltr'>infigeret</span> <span class='ocrx_word' id='word_1_530' title='bbox 2145 732 2155 749; x_wconf 93' lang='lat'>,</span> <span class='ocrx_word' id='word_1_531' title='bbox 2199 704 2299 754; x_wconf 88' lang='lat' dir='ltr'>quod</span> <span class='ocrx_word' id='word_1_532' title='bbox 2339 707 2410 742; x_wconf 82' lang='lat' dir='ltr'>uti-</span> 
     </span>
     <span class='ocr_line' id='line_1_73' title="bbox 1282 744 2407 803; baseline 0.014 -23"><span class='ocrx_word' id='word_1_533' title='bbox 1282 757 1358 795; x_wconf 87' lang='lat' dir='ltr'>que</span> <span class='ocrx_word' id='word_1_534' title='bbox 1387 744 1471 783; x_wconf 78' lang='lat' dir='ltr'>steri</span> <span class='ocrx_word' id='word_1_535' title='bbox 1502 760 1573 784; x_wconf 89' lang='lat' dir='ltr'>non</span> <span class='ocrx_word' id='word_1_536' title='bbox 1603 750 1804 800; x_wconf 80' lang='lat' dir='ltr'>potuisset:</span> <span class='ocrx_word' id='word_1_537' title='bbox 1833 750 1992 803; x_wconf 76' lang='lat' dir='ltr'>infigere</span> <span class='ocrx_word' id='word_1_538' title='bbox 2022 755 2124 791; x_wconf 87' lang='lat' dir='ltr'>euim</span> <span class='ocrx_word' id='word_1_539' title='bbox 2146 757 2287 793; x_wconf 75' lang='lat' dir='ltr'>auimae</span> <span class='ocrx_word' id='word_1_540' title='bbox 2317 756 2407 795; x_wconf 75' lang='lat' dir='ltr'>cha—</span> 
     </span>
     <span class='ocr_line' id='line_1_74' title="bbox 1283 798 2407 855; baseline 0.012 -21"><span class='ocrx_word' id='word_1_541' title='bbox 1283 807 1466 837; x_wconf 83' lang='lat' dir='ltr'>racterem</span> <span class='ocrx_word' id='word_1_542' title='bbox 1497 798 1597 838; x_wconf 87' lang='lat' dir='ltr'>solus</span> <span class='ocrx_word' id='word_1_543' title='bbox 1628 801 1731 840; x_wconf 87' lang='lat' dir='ltr'>Deus</span> <span class='ocrx_word' id='word_1_544' title='bbox 1762 812 1903 855; x_wconf 88' lang='lat' dir='ltr'>potest.</span> <span class='ocrx_word' id='word_1_545' title='bbox 1948 804 2026 843; x_wconf 70' lang='lat' dir='ltr'>Nec</span> <span class='ocrx_word' id='word_1_546' title='bbox 2068 808 2175 845; x_wconf 86' lang='lat' dir='ltr'>aliud</span> <span class='ocrx_word' id='word_1_547' title='bbox 2212 809 2332 847; x_wconf 88' lang='lat' dir='ltr'>voluit</span> <span class='ocrx_word' id='word_1_548' title='bbox 2359 824 2407 849; x_wconf 70' lang='lat' dir='ltr'>ex</span> 
     </span>
     <span class='ocr_line' id='line_1_75' title="bbox 1282 850 2407 913; baseline 0.012 -25"><span class='ocrx_word' id='word_1_549' title='bbox 1282 859 1357 888; x_wconf 83' lang='lat' dir='ltr'>tota</span> <span class='ocrx_word' id='word_1_550' title='bbox 1386 850 1458 891; x_wconf 84' lang='lat' dir='ltr'>hac</span> <span class='ocrx_word' id='word_1_551' title='bbox 1487 853 1637 892; x_wconf 83' lang='lat' dir='ltr'>dicendi</span> <span class='ocrx_word' id='word_1_552' title='bbox 1669 856 1835 894; x_wconf 83' lang='lat' dir='ltr'>formula</span> <span class='ocrx_word' id='word_1_553' title='bbox 1870 859 2066 906; x_wconf 88' lang='lat' dir='ltr'>indicare,</span> <span class='ocrx_word' id='word_1_554' title='bbox 2109 875 2226 913; x_wconf 85' lang='lat' dir='ltr'>quam</span> <span class='ocrx_word' id='word_1_555' title='bbox 2270 877 2306 901; x_wconf 89' lang='lat' dir='ltr'>se</span> <span class='ocrx_word' id='word_1_556' title='bbox 2338 864 2407 902; x_wconf 82' lang='lat' dir='ltr'>Ba-</span> 
     </span>
     <span class='ocr_line' id='line_1_76' title="bbox 1281 905 2403 966; baseline 0.012 -24"><span class='ocrx_word' id='word_1_557' title='bbox 1281 905 1414 955; x_wconf 86' lang='lat' dir='ltr'>ptismi</span> <span class='ocrx_word' id='word_1_558' title='bbox 1435 920 1456 944; x_wconf 89' lang='lat' dir='ltr'>a</span> <span class='ocrx_word' id='word_1_559' title='bbox 1474 907 1622 945; x_wconf 87' lang='lat' dir='ltr'>Donato</span> <span class='ocrx_word' id='word_1_560' title='bbox 1650 909 1778 948; x_wconf 88' lang='lat' dir='ltr'>collati</span> <span class='ocrx_word' id='word_1_561' title='bbox 1810 909 1977 950; x_wconf 85' lang='lat' dir='ltr'>valorem</span> <span class='ocrx_word' id='word_1_562' title='bbox 1995 943 2006 962; x_wconf 91' lang='lat'>,</span> <span class='ocrx_word' id='word_1_563' title='bbox 2036 913 2070 951; x_wconf 74' lang='lat'>8&lt;</span> <span class='ocrx_word' id='word_1_564' title='bbox 2087 929 2293 966; x_wconf 87' lang='lat' dir='ltr'>perennem</span> <span class='ocrx_word' id='word_1_565' title='bbox 2315 917 2403 956; x_wconf 87' lang='lat' dir='ltr'>cba—</span> 
     </span>
     <span class='ocr_line' id='line_1_77' title="bbox 1280 964 2406 1019; baseline 0.014 -25"><span class='ocrx_word' id='word_1_566' title='bbox 1280 967 1462 996; x_wconf 90' lang='lat' dir='ltr'>racterem</span> <span class='ocrx_word' id='word_1_567' title='bbox 1484 975 1705 1010; x_wconf 75' lang='lat' dir='ltr'>agnoscere,</span> <span class='ocrx_word' id='word_1_568' title='bbox 1735 966 1827 1015; x_wconf 81' lang='lat' dir='ltr'>quia</span> <span class='ocrx_word' id='word_1_569' title='bbox 1845 964 2009 1004; x_wconf 87' lang='lat' dir='ltr'>Donatus</span> <span class='ocrx_word' id='word_1_570' title='bbox 2030 967 2246 1019; x_wconf 86' lang='lat' dir='ltr'>baptizabat</span> <span class='ocrx_word' id='word_1_571' title='bbox 2275 972 2315 1009; x_wconf 91' lang='lat' dir='ltr'>in</span> <span class='ocrx_word' id='word_1_572' title='bbox 2338 984 2406 1009; x_wconf 87' lang='lat' dir='ltr'>no·</span> 
     </span>
     <span class='ocr_line' id='line_1_78' title="bbox 1278 1012 2402 1075; baseline 0.014 -28"><span class='ocrx_word' id='word_1_573' title='bbox 1278 1013 1382 1049; x_wconf 85' lang='lat' dir='ltr'>mine</span> <span class='ocrx_word' id='word_1_574' title='bbox 1413 1012 1635 1060; x_wconf 77' lang='lat' dir='ltr'>&#39;l&#39;riuitatis3</span> <span class='ocrx_word' id='word_1_575' title='bbox 1678 1018 1780 1068; x_wconf 81' lang='lat' dir='ltr'>quod</span> <span class='ocrx_word' id='word_1_576' title='bbox 1809 1019 1837 1056; x_wconf 91' lang='lat' dir='ltr'>si</span> <span class='ocrx_word' id='word_1_577' title='bbox 1869 1020 1908 1056; x_wconf 91' lang='lat' dir='ltr'>iu</span> <span class='ocrx_word' id='word_1_578' title='bbox 1938 1022 2089 1058; x_wconf 90' lang='lat' dir='ltr'>nomine</span> <span class='ocrx_word' id='word_1_579' title='bbox 2122 1035 2188 1060; x_wconf 89' lang='lat' dir='ltr'>sno</span> <span class='ocrx_word' id='word_1_580' title='bbox 2217 1023 2402 1075; x_wconf 89' lang='lat' dir='ltr'>baptizas-</span> 
     </span>
     <span class='ocr_line' id='line_1_79' title="bbox 1278 1066 2404 1123; baseline 0.013 -22"><span class='ocrx_word' id='word_1_581' title='bbox 1278 1073 1359 1112; x_wconf 83' lang='lat' dir='ltr'>set,</span> <span class='ocrx_word' id='word_1_582' title='bbox 1390 1066 1542 1105; x_wconf 82' lang='lat' dir='ltr'>nullum</span> <span class='ocrx_word' id='word_1_583' title='bbox 1574 1070 1749 1118; x_wconf 86' lang='lat' dir='ltr'>potuisset</span> <span class='ocrx_word' id='word_1_584' title='bbox 1779 1073 2002 1123; x_wconf 83' lang='lat' dir='ltr'>imprimere</span> <span class='ocrx_word' id='word_1_585' title='bbox 2032 1074 2316 1114; x_wconf 84' lang='lat' dir='ltr'>characterem.</span> <span class='ocrx_word' id='word_1_586' title='bbox 2356 1077 2404 1116; x_wconf 83' lang='lat' dir='ltr'>Et</span> 
     </span>
     <span class='ocr_line' id='line_1_80' title="bbox 1280 1119 2405 1180; baseline 0.012 -25"><span class='ocrx_word' id='word_1_587' title='bbox 1280 1119 1310 1155; x_wconf 88' lang='lat' dir='ltr'>si</span> <span class='ocrx_word' id='word_1_588' title='bbox 1342 1121 1516 1170; x_wconf 84' lang='lat' dir='ltr'>potuisset</span> <span class='ocrx_word' id='word_1_589' title='bbox 1546 1121 1770 1172; x_wconf 84' lang='lat' dir='ltr'>imprimere</span> <span class='ocrx_word' id='word_1_590' title='bbox 1800 1126 1934 1176; x_wconf 84' lang='lat' dir='ltr'>(quod</span> <span class='ocrx_word' id='word_1_591' title='bbox 1961 1135 2086 1165; x_wconf 85' lang='lat' dir='ltr'>tamen</span> <span class='ocrx_word' id='word_1_592' title='bbox 2111 1130 2345 1180; x_wconf 87' lang='lat' dir='ltr'>impossibile</span> <span class='ocrx_word' id='word_1_593' title='bbox 2367 1146 2405 1168; x_wconf 91' lang='lat' dir='ltr'>e—</span> 
     </span>
     <span class='ocr_line' id='line_1_81' title="bbox 1279 1173 2405 1222; baseline 0.012 -14"><span class='ocrx_word' id='word_1_594' title='bbox 1279 1173 1400 1220; x_wconf 85' lang='lat' dir='ltr'>rat),</span> <span class='ocrx_word' id='word_1_595' title='bbox 1443 1173 1557 1211; x_wconf 85' lang='lat' dir='ltr'>illum</span> <span class='ocrx_word' id='word_1_596' title='bbox 1588 1187 1761 1222; x_wconf 84' lang='lat' dir='ltr'>vanum,</span> <span class='ocrx_word' id='word_1_597' title='bbox 1803 1176 1837 1212; x_wconf 83' lang='lat'>&amp;</span> <span class='ocrx_word' id='word_1_598' title='bbox 1867 1177 2044 1217; x_wconf 82' lang='lat' dir='ltr'>fictitium</span> <span class='ocrx_word' id='word_1_599' title='bbox 2075 1180 2333 1220; x_wconf 87' lang='lat' dir='ltr'>characterem</span> <span class='ocrx_word' id='word_1_600' title='bbox 2362 1185 2405 1222; x_wconf 88' lang='lat' dir='ltr'>S.</span> 
     </span>
     <span class='ocr_line' id='line_1_82' title="bbox 1277 1223 2407 1282; baseline 0.011 -20"><span class='ocrx_word' id='word_1_601' title='bbox 1277 1223 1387 1263; x_wconf 82' lang='lat' dir='ltr'>Patet·</span> <span class='ocrx_word' id='word_1_602' title='bbox 1429 1227 1707 1280; x_wconf 76' lang='lat' dir='ltr'>improbasset,</span> <span class='ocrx_word' id='word_1_603' title='bbox 1749 1229 2126 1282; x_wconf 80' lang='lat' dir='ltr'>anathematizasset,</span> <span class='ocrx_word' id='word_1_604' title='bbox 2167 1235 2407 1274; x_wconf 79' lang='lat' dir='ltr'>damnasset:</span> 
     </span>
     <span class='ocr_line' id='line_1_83' title="bbox 1277 1278 2403 1337; baseline 0.012 -22"><span class='ocrx_word' id='word_1_605' title='bbox 1277 1278 1400 1317; x_wconf 89' lang='lat' dir='ltr'>immo</span> <span class='ocrx_word' id='word_1_606' title='bbox 1427 1282 1540 1318; x_wconf 89' lang='lat' dir='ltr'>etiam</span> <span class='ocrx_word' id='word_1_607' title='bbox 1572 1284 1747 1333; x_wconf 87' lang='lat' dir='ltr'>energico</span> <span class='ocrx_word' id='word_1_608' title='bbox 1775 1284 1927 1322; x_wconf 84' lang='lat' dir='ltr'>dicendi</span> <span class='ocrx_word' id='word_1_609' title='bbox 1958 1286 2068 1324; x_wconf 89' lang='lat' dir='ltr'>modo</span> <span class='ocrx_word' id='word_1_610' title='bbox 2088 1288 2268 1337; x_wconf 87' lang='lat' dir='ltr'>addebat,</span> <span class='ocrx_word' id='word_1_611' title='bbox 2300 1304 2336 1328; x_wconf 88' lang='lat' dir='ltr'>se</span> <span class='ocrx_word' id='word_1_612' title='bbox 2358 1291 2403 1328; x_wconf 75' lang='lat' dir='ltr'>it—</span> 
     </span>
     <span class='ocr_line' id='line_1_84' title="bbox 1277 1330 2352 1389; baseline 0.011 -20"><span class='ocrx_word' id='word_1_613' title='bbox 1277 1330 1358 1370; x_wconf 89' lang='lat' dir='ltr'>lum</span> <span class='ocrx_word' id='word_1_614' title='bbox 1390 1339 1786 1385; x_wconf 80' lang='lat' dir='ltr'>exterminaturum,</span> <span class='ocrx_word' id='word_1_615' title='bbox 1816 1336 2063 1389; x_wconf 75' lang='lat' dir='ltr'>deleturum,</span> <span class='ocrx_word' id='word_1_616' title='bbox 2094 1339 2352 1381; x_wconf 81' lang='lat' dir='ltr'>aboliturum.</span> 
     </span>
    </p>

    <p class='ocr_par' dir='ltr' id='par_1_8' title="bbox 1266 1386 2401 1974">
     <span class='ocr_line' id='line_1_85' title="bbox 1329 1386 2397 1439; baseline 0.011 -16"><span class='ocrx_word' id='word_1_617' title='bbox 1329 1386 1422 1432; x_wconf 74' lang='grc'><strong><em>442.</em></strong></span> <span class='ocrx_word' id='word_1_618' title='bbox 1443 1387 1538 1439; x_wconf 83' lang='lat' dir='ltr'>Obj.</span> <span class='ocrx_word' id='word_1_619' title='bbox 1567 1393 1681 1427; x_wconf 85' lang='lat' dir='ltr'>tertio</span> <span class='ocrx_word' id='word_1_620' title='bbox 1708 1390 1999 1431; x_wconf 81' lang='lat' dir='ltr'>Sacramentum</span> <span class='ocrx_word' id='word_1_621' title='bbox 2021 1409 2040 1431; x_wconf 90' lang='lat' dir='ltr'>a</span> <span class='ocrx_word' id='word_1_622' title='bbox 2060 1394 2271 1434; x_wconf 82' lang='lat' dir='ltr'>Catholicis</span> <span class='ocrx_word' id='word_1_623' title='bbox 2292 1410 2397 1435; x_wconf 85' lang='lat' dir='ltr'>corn-</span> 
     </span>
     <span class='ocr_line' id='line_1_86' title="bbox 1271 1441 2396 1497; baseline 0.01 -21"><span class='ocrx_word' id='word_1_624' title='bbox 1271 1442 1444 1478; x_wconf 73' lang='lat' dir='ltr'>munirer</span> <span class='ocrx_word' id='word_1_625' title='bbox 1473 1441 1656 1480; x_wconf 86' lang='lat' dir='ltr'>definitur</span> <span class='ocrx_word' id='word_1_626' title='bbox 1684 1447 1842 1495; x_wconf 82' lang='lat' dir='ltr'>signum</span> <span class='ocrx_word' id='word_1_627' title='bbox 1872 1446 2053 1484; x_wconf 81' lang='lat' dir='ltr'>sensibile</span> <span class='ocrx_word' id='word_1_628' title='bbox 2072 1477 2082 1496; x_wconf 95' lang='lat'>,</span> <span class='ocrx_word' id='word_1_629' title='bbox 2125 1447 2226 1497; x_wconf 62' lang='lat' dir='ltr'>quo]</span> <span class='ocrx_word' id='word_1_630' title='bbox 2255 1462 2308 1487; x_wconf 69' lang='lat' dir='ltr'>ez:</span> <span class='ocrx_word' id='word_1_631' title='bbox 2337 1454 2396 1487; x_wconf 85' lang='lat' dir='ltr'>in-</span> 
     </span>
     <span class='ocr_line' id='line_1_87' title="bbox 1271 1494 2401 1554; baseline 0.012 -25"><span class='ocrx_word' id='word_1_632' title='bbox 1271 1497 1471 1532; x_wconf 83' lang='lat' dir='ltr'>stitutione</span> <span class='ocrx_word' id='word_1_633' title='bbox 1500 1494 1633 1533; x_wconf 62' lang='lat' dir='ltr'>divina</span> <span class='ocrx_word' id='word_1_634' title='bbox 1668 1501 1868 1546; x_wconf 81' lang='lat' dir='ltr'>continet,</span> <span class='ocrx_word' id='word_1_635' title='bbox 1910 1499 1960 1539; x_wconf 62' lang='grc' dir='ltr'>Θ·</span> <span class='ocrx_word' id='word_1_636' title='bbox 2002 1511 2146 1538; x_wconf 76' lang='lat' dir='ltr'>causat</span> <span class='ocrx_word' id='word_1_637' title='bbox 2187 1508 2401 1554; x_wconf 78' lang='lat' dir='ltr'>gratiam,</span> 
     </span>
     <span class='ocr_line' id='line_1_88' title="bbox 1270 1546 2398 1595; baseline 0.01 -11"><span class='ocrx_word' id='word_1_638' title='bbox 1270 1546 1381 1584; x_wconf 85' lang='lat' dir='ltr'>nulla</span> <span class='ocrx_word' id='word_1_639' title='bbox 1410 1548 1509 1586; x_wconf 79' lang='lat' dir='ltr'>facta</span> <span class='ocrx_word' id='word_1_640' title='bbox 1529 1547 1754 1587; x_wconf 84' lang='lat' dir='ltr'>characteris</span> <span class='ocrx_word' id='word_1_641' title='bbox 1776 1553 1992 1590; x_wconf 84' lang='lat' dir='ltr'>mentione.</span> <span class='ocrx_word' id='word_1_642' title='bbox 2024 1553 2147 1592; x_wconf 89' lang='lat' dir='ltr'>Immo</span> <span class='ocrx_word' id='word_1_643' title='bbox 2178 1555 2258 1594; x_wconf 80' lang='lat' dir='ltr'>haec</span> <span class='ocrx_word' id='word_1_644' title='bbox 2289 1571 2398 1595; x_wconf 89' lang='lat' dir='ltr'>meu-</span> 
     </span>
     <span class='ocr_line' id='line_1_89' title="bbox 1271 1599 2398 1662; baseline 0.012 -27"><span class='ocrx_word' id='word_1_645' title='bbox 1271 1600 1322 1636; x_wconf 83' lang='lat' dir='ltr'>tio</span> <span class='ocrx_word' id='word_1_646' title='bbox 1351 1599 1435 1638; x_wconf 81' lang='lat' dir='ltr'>fieri</span> <span class='ocrx_word' id='word_1_647' title='bbox 1465 1614 1539 1639; x_wconf 90' lang='lat' dir='ltr'>non</span> <span class='ocrx_word' id='word_1_648' title='bbox 1568 1604 1710 1654; x_wconf 85' lang='lat' dir='ltr'>potuit:</span> <span class='ocrx_word' id='word_1_649' title='bbox 1740 1617 1866 1656; x_wconf 86' lang='lat' dir='ltr'>neque</span> <span class='ocrx_word' id='word_1_650' title='bbox 1894 1607 1996 1648; x_wconf 88' lang='lat' dir='ltr'>enim</span> <span class='ocrx_word' id='word_1_651' title='bbox 2019 1606 2216 1646; x_wconf 84' lang='lat' dir='ltr'>character</span> <span class='ocrx_word' id='word_1_652' title='bbox 2237 1612 2398 1662; x_wconf 80' lang='lat' dir='ltr'>pertinet</span> 
     </span>
     <span class='ocr_line' id='line_1_90' title="bbox 1271 1653 2399 1716; baseline 0.012 -28"><span class='ocrx_word' id='word_1_653' title='bbox 1271 1653 1318 1690; x_wconf 83' lang='lat' dir='ltr'>ad</span> <span class='ocrx_word' id='word_1_654' title='bbox 1347 1655 1496 1704; x_wconf 86' lang='lat' dir='ltr'>signum</span> <span class='ocrx_word' id='word_1_655' title='bbox 1528 1664 1725 1694; x_wconf 79' lang='lat' dir='ltr'>externum</span> <span class='ocrx_word' id='word_1_656' title='bbox 1747 1657 2029 1698; x_wconf 83' lang='lat' dir='ltr'>Sacramentale</span> <span class='ocrx_word' id='word_1_657' title='bbox 2047 1691 2056 1708; x_wconf 87' lang='lat'>,</span> <span class='ocrx_word' id='word_1_658' title='bbox 2087 1663 2190 1713; x_wconf 87' lang='lat' dir='ltr'>quod</span> <span class='ocrx_word' id='word_1_659' title='bbox 2218 1677 2292 1702; x_wconf 89' lang='lat' dir='ltr'>uon</span> <span class='ocrx_word' id='word_1_660' title='bbox 2315 1673 2399 1716; x_wconf 87' lang='lat' dir='ltr'>pot-</span> 
     </span>
     <span class='ocr_line' id='line_1_91' title="bbox 1266 1708 2400 1765; baseline 0.012 -23"><span class='ocrx_word' id='word_1_661' title='bbox 1266 1715 1322 1743; x_wconf 73' lang='lat' dir='ltr'>‘est</span> <span class='ocrx_word' id='word_1_662' title='bbox 1352 1710 1543 1745; x_wconf 88' lang='lat' dir='ltr'>internum</span> <span class='ocrx_word' id='word_1_663' title='bbox 1574 1708 1732 1761; x_wconf 88' lang='lat' dir='ltr'>aliquod</span> <span class='ocrx_word' id='word_1_664' title='bbox 1753 1711 1992 1762; x_wconf 83' lang='lat' dir='ltr'>signaculum</span> <span class='ocrx_word' id='word_1_665' title='bbox 2017 1728 2180 1765; x_wconf 85' lang='lat' dir='ltr'>perenne</span> <span class='ocrx_word' id='word_1_666' title='bbox 2197 1745 2208 1763; x_wconf 89' lang='lat'>,</span> <span class='ocrx_word' id='word_1_667' title='bbox 2237 1716 2271 1753; x_wconf 76' lang='grc' dir='ltr'><strong>ἃ</strong></span> <span class='ocrx_word' id='word_1_668' title='bbox 2295 1718 2400 1755; x_wconf 87' lang='lat' dir='ltr'>inde·</span> 
     </span>
     <span class='ocr_line' id='line_1_92' title="bbox 1270 1758 2396 1822; baseline 0.011 -26"><span class='ocrx_word' id='word_1_669' title='bbox 1270 1758 1386 1797; x_wconf 89' lang='lat' dir='ltr'>lebile</span> <span class='ocrx_word' id='word_1_670' title='bbox 1404 1761 1644 1811; x_wconf 45' lang='lat' dir='ltr'>produceres</span> <span class='ocrx_word' id='word_1_671' title='bbox 1675 1761 1810 1815; x_wconf 77' lang='lat' dir='ltr'>Neque</span> <span class='ocrx_word' id='word_1_672' title='bbox 1825 1766 1984 1815; x_wconf 87' lang='lat' dir='ltr'>pertinet</span> <span class='ocrx_word' id='word_1_673' title='bbox 2000 1767 2045 1804; x_wconf 88' lang='lat' dir='ltr'>ad</span> <span class='ocrx_word' id='word_1_674' title='bbox 2066 1771 2226 1818; x_wconf 78' lang='lat' dir='ltr'>gratiam</span> <span class='ocrx_word' id='word_1_675' title='bbox 2246 1800 2255 1817; x_wconf 96' lang='lat'>,</span> <span class='ocrx_word' id='word_1_676' title='bbox 2277 1785 2396 1822; x_wconf 80' lang='lat' dir='ltr'>quain</span> 
     </span>
     <span class='ocr_line' id='line_1_93' title="bbox 1268 1813 2398 1874; baseline 0.011 -25"><span class='ocrx_word' id='word_1_677' title='bbox 1268 1813 1512 1864; x_wconf 84' lang='lat' dir='ltr'>significant,</span> <span class='ocrx_word' id='word_1_678' title='bbox 1549 1815 1583 1851; x_wconf 75' lang='grc' dir='ltr'>δε</span> <span class='ocrx_word' id='word_1_679' title='bbox 1613 1815 1811 1854; x_wconf 87' lang='lat' dir='ltr'>conferunt</span> <span class='ocrx_word' id='word_1_680' title='bbox 1840 1818 2112 1869; x_wconf 84' lang='lat' dir='ltr'>Sacramenta,</span> <span class='ocrx_word' id='word_1_681' title='bbox 2155 1824 2247 1874; x_wconf 87' lang='lat' dir='ltr'>quia</span> <span class='ocrx_word' id='word_1_682' title='bbox 2277 1825 2398 1874; x_wconf 80' lang='lat' dir='ltr'>gratia.</span> 
     </span>
     <span class='ocr_line' id='line_1_94' title="bbox 1268 1867 2399 1920; baseline 0.011 -17"><span class='ocrx_word' id='word_1_683' title='bbox 1268 1867 1393 1904; x_wconf 85' lang='lat' dir='ltr'>amitti</span> <span class='ocrx_word' id='word_1_684' title='bbox 1423 1875 1563 1919; x_wconf 84' lang='lat' dir='ltr'>potest,</span> <span class='ocrx_word' id='word_1_685' title='bbox 1591 1882 1697 1907; x_wconf 87' lang='lat' dir='ltr'>secus</span> <span class='ocrx_word' id='word_1_686' title='bbox 1727 1883 1770 1908; x_wconf 91' lang='lat' dir='ltr'>ae</span> <span class='ocrx_word' id='word_1_687' title='bbox 1792 1869 2010 1920; x_wconf 75' lang='lat' dir='ltr'>character5</span> <span class='ocrx_word' id='word_1_688' title='bbox 2039 1878 2324 1915; x_wconf 88' lang='lat' dir='ltr'>commentitius</span> <span class='ocrx_word' id='word_1_689' title='bbox 2345 1886 2399 1916; x_wconf 88' lang='lat' dir='ltr'>est</span> 
     </span>
     <span class='ocr_line' id='line_1_95' title="bbox 1268 1918 2289 1974; baseline 0.012 -18"><span class='ocrx_word' id='word_1_690' title='bbox 1268 1931 1356 1971; x_wconf 88' lang='lat' dir='ltr'>ergo</span> <span class='ocrx_word' id='word_1_691' title='bbox 1386 1918 1448 1959; x_wconf 91' lang='lat' dir='ltr'>hic</span> <span class='ocrx_word' id='word_1_692' title='bbox 1477 1923 1719 1974; x_wconf 84' lang='lat' dir='ltr'>quorundam</span> <span class='ocrx_word' id='word_1_693' title='bbox 1749 1923 2084 1966; x_wconf 77' lang='lat' dir='ltr'>sacramentorum</span> <span class='ocrx_word' id='word_1_694' title='bbox 2115 1927 2289 1968; x_wconf 80' lang='lat' dir='ltr'>effectus.</span> 
     </span>
    </p>

    <p class='ocr_par' dir='ltr' id='par_1_9' title="bbox 1254 1971 2399 2891">
     <span class='ocr_line' id='line_1_96' title="bbox 1321 1971 2397 2031; baseline 0.01 -20"><span class='ocrx_word' id='word_1_695' title='bbox 1321 1973 1416 2019; x_wconf 73' lang='grc'>445.</span> <span class='ocrx_word' id='word_1_696' title='bbox 1444 1971 1561 2027; x_wconf 73' lang='lat' dir='ltr'>Resp.</span> <span class='ocrx_word' id='word_1_697' title='bbox 1587 1974 1820 2017; x_wconf 77' lang='lat' dir='ltr'>¹characteris</span> <span class='ocrx_word' id='word_1_698' title='bbox 1848 1980 2135 2031; x_wconf 84' lang='lat' dir='ltr'>impressionem</span> <span class='ocrx_word' id='word_1_699' title='bbox 2167 1998 2244 2022; x_wconf 88' lang='lat' dir='ltr'>esse</span> <span class='ocrx_word' id='word_1_700' title='bbox 2274 1996 2318 2022; x_wconf 82' lang='lat' dir='ltr'>ex</span> <span class='ocrx_word' id='word_1_701' title='bbox 2341 1985 2397 2022; x_wconf 86' lang='lat' dir='ltr'>in·</span> 
     </span>
     <span class='ocr_line' id='line_1_97' title="bbox 1261 2027 2399 2076; baseline 0.011 -12"><span class='ocrx_word' id='word_1_702' title='bbox 1261 2027 1455 2066; x_wconf 80' lang='lat' dir='ltr'>stitutione</span> <span class='ocrx_word' id='word_1_703' title='bbox 1482 2029 1614 2068; x_wconf 89' lang='lat' dir='ltr'>divina</span> <span class='ocrx_word' id='word_1_704' title='bbox 1630 2057 1642 2069; x_wconf 86' lang='lat'><strong>.</strong></span> <span class='ocrx_word' id='word_1_705' title='bbox 1672 2031 1869 2070; x_wconf 77' lang='lat' dir='ltr'>Nimirum</span> <span class='ocrx_word' id='word_1_706' title='bbox 1887 2034 1994 2074; x_wconf 89' lang='lat' dir='ltr'>Dens</span> <span class='ocrx_word' id='word_1_707' title='bbox 2023 2035 2073 2075; x_wconf 90' lang='lat' dir='ltr'>ob</span> <span class='ocrx_word' id='word_1_708' title='bbox 2094 2036 2296 2076; x_wconf 86' lang='lat' dir='ltr'>altissimos</span> <span class='ocrx_word' id='word_1_709' title='bbox 2316 2051 2399 2076; x_wconf 87' lang='lat' dir='ltr'>suos</span> 
     </span>
     <span class='ocr_line' id='line_1_98' title="bbox 1266 2080 2395 2137; baseline 0.011 -19"><span class='ocrx_word' id='word_1_710' title='bbox 1266 2080 1361 2120; x_wconf 86' lang='lat' dir='ltr'>fines</span> <span class='ocrx_word' id='word_1_711' title='bbox 1390 2082 1510 2121; x_wconf 86' lang='lat' dir='ltr'>voluit</span> <span class='ocrx_word' id='word_1_712' title='bbox 1539 2083 1735 2137; x_wconf 80' lang='lat' dir='ltr'>aliquibus</span> <span class='ocrx_word' id='word_1_713' title='bbox 1755 2085 2010 2127; x_wconf 88' lang='lat' dir='ltr'>Sacramentis</span> <span class='ocrx_word' id='word_1_714' title='bbox 2039 2091 2217 2129; x_wconf 86' lang='lat' dir='ltr'>virtutem</span> <span class='ocrx_word' id='word_1_715' title='bbox 2249 2092 2395 2130; x_wconf 86' lang='lat' dir='ltr'>tribue-</span> 
     </span>
     <span class='ocr_line' id='line_1_99' title="bbox 1263 2140 2396 2196; baseline 0.01 -24"><span class='ocrx_word' id='word_1_716' title='bbox 1263 2146 1333 2184; x_wconf 85' lang='lat' dir='ltr'>re,</span> <span class='ocrx_word' id='word_1_717' title='bbox 1363 2145 1401 2174; x_wconf 92' lang='lat' dir='ltr'>ut</span> <span class='ocrx_word' id='word_1_718' title='bbox 1430 2145 1568 2189; x_wconf 84' lang='lat' dir='ltr'>praeter</span> <span class='ocrx_word' id='word_1_719' title='bbox 1593 2140 1825 2190; x_wconf 87' lang='lat' dir='ltr'>primarium</span> <span class='ocrx_word' id='word_1_720' title='bbox 1857 2142 2032 2182; x_wconf 79' lang='lat' dir='ltr'>eflectum</span> <span class='ocrx_word' id='word_1_721' title='bbox 2063 2146 2281 2183; x_wconf 85' lang='lat' dir='ltr'>conferendi</span> <span class='ocrx_word' id='word_1_722' title='bbox 2311 2159 2396 2196; x_wconf 82' lang='lat' dir='ltr'>gra·</span> 
     </span>
     <span class='ocr_line' id='line_1_100' title="bbox 1262 2189 2394 2248; baseline 0.01 -22"><span class='ocrx_word' id='word_1_723' title='bbox 1262 2189 1357 2227; x_wconf 87' lang='lat' dir='ltr'>tiam</span> <span class='ocrx_word' id='word_1_724' title='bbox 1374 2219 1385 2237; x_wconf 92' lang='lat'>,</span> <span class='ocrx_word' id='word_1_725' title='bbox 1414 2192 1483 2242; x_wconf 89' lang='lat' dir='ltr'>qui</span> <span class='ocrx_word' id='word_1_726' title='bbox 1503 2191 1589 2230; x_wconf 90' lang='lat' dir='ltr'>aliis</span> <span class='ocrx_word' id='word_1_727' title='bbox 1608 2191 1863 2233; x_wconf 88' lang='lat' dir='ltr'>Sacramentis</span> <span class='ocrx_word' id='word_1_728' title='bbox 1883 2199 2099 2235; x_wconf 87' lang='lat' dir='ltr'>communis</span> <span class='ocrx_word' id='word_1_729' title='bbox 2130 2208 2208 2245; x_wconf 90' lang='lat' dir='ltr'>est,</span> <span class='ocrx_word' id='word_1_730' title='bbox 2239 2200 2394 2248; x_wconf 81' lang='lat' dir='ltr'>siguum</span> 
     </span>
     <span class='ocr_line' id='line_1_101' title="bbox 1263 2242 2393 2300; baseline 0.006 -19"><span class='ocrx_word' id='word_1_731' title='bbox 1263 2242 1473 2282; x_wconf 86' lang='lat' dir='ltr'>indelebile</span> <span class='ocrx_word' id='word_1_732' title='bbox 1510 2246 1652 2284; x_wconf 75' lang='lat' dir='ltr'>animae</span> <span class='ocrx_word' id='word_1_733' title='bbox 1691 2247 1915 2300; x_wconf 87' lang='lat' dir='ltr'>infigerent.</span> <span class='ocrx_word' id='word_1_734' title='bbox 1962 2249 2003 2287; x_wconf 85' lang='lat' dir='ltr'>ld</span> <span class='ocrx_word' id='word_1_735' title='bbox 2036 2248 2199 2288; x_wconf 84' lang='lat' dir='ltr'>voluisse</span> <span class='ocrx_word' id='word_1_736' title='bbox 2234 2251 2359 2289; x_wconf 88' lang='lat' dir='ltr'>Deum</span> <span class='ocrx_word' id='word_1_737' title='bbox 2383 2282 2393 2299; x_wconf 94' lang='lat'>,</span> 
     </span>
     <span class='ocr_line' id='line_1_102' title="bbox 1260 2297 2391 2352; baseline 0.007 -18"><span class='ocrx_word' id='word_1_738' title='bbox 1260 2297 1465 2335; x_wconf 84' lang='lat' dir='ltr'>manifeste</span> <span class='ocrx_word' id='word_1_739' title='bbox 1499 2298 1693 2350; x_wconf 84' lang='lat' dir='ltr'>colligitur</span> <span class='ocrx_word' id='word_1_740' title='bbox 1736 2313 1780 2338; x_wconf 85' lang='lat' dir='ltr'>ex</span> <span class='ocrx_word' id='word_1_741' title='bbox 1810 2301 1934 2340; x_wconf 88' lang='lat' dir='ltr'>Sanct.</span> <span class='ocrx_word' id='word_1_742' title='bbox 1966 2300 2119 2340; x_wconf 89' lang='lat' dir='ltr'>Patrum</span> <span class='ocrx_word' id='word_1_743' title='bbox 2164 2304 2391 2352; x_wconf 87' lang='lat' dir='ltr'>traditione,</span> 
     </span>
     <span class='ocr_line' id='line_1_103' title="bbox 1264 2348 2393 2403; baseline 0.009 -17"><span class='ocrx_word' id='word_1_744' title='bbox 1264 2348 1298 2385; x_wconf 74' lang='grc' dir='ltr'><strong>ἃ</strong></span> <span class='ocrx_word' id='word_1_745' title='bbox 1328 2352 1525 2403; x_wconf 82' lang='lat' dir='ltr'>praecipue</span> <span class='ocrx_word' id='word_1_746' title='bbox 1563 2365 1608 2389; x_wconf 82' lang='lat' dir='ltr'>ex</span> <span class='ocrx_word' id='word_1_747' title='bbox 1636 2355 1848 2402; x_wconf 87' lang='lat' dir='ltr'>constanti,</span> <span class='ocrx_word' id='word_1_748' title='bbox 1893 2355 1926 2391; x_wconf 74' lang='grc' dir='ltr'><strong>ἃ</strong></span> <span class='ocrx_word' id='word_1_749' title='bbox 1967 2356 2175 2395; x_wconf 81' lang='lat' dir='ltr'>universali</span> <span class='ocrx_word' id='word_1_750' title='bbox 2207 2356 2393 2396; x_wconf 71' lang='lat' dir='ltr'>Ecclesiae</span> 
     </span>
     <span class='ocr_line' id='line_1_104' title="bbox 1259 2404 2392 2464; baseline 0.009 -24"><span class='ocrx_word' id='word_1_751' title='bbox 1259 2406 1395 2457; x_wconf 84' lang='lat' dir='ltr'>praxi,</span> <span class='ocrx_word' id='word_1_752' title='bbox 1425 2418 1514 2457; x_wconf 69' lang='lat' dir='ltr'>quas</span> <span class='ocrx_word' id='word_1_753' title='bbox 1545 2404 1628 2443; x_wconf 85' lang='lat' dir='ltr'>haec</span> <span class='ocrx_word' id='word_1_754' title='bbox 1648 2406 1895 2446; x_wconf 84' lang='lat' dir='ltr'>Sacramenta</span> <span class='ocrx_word' id='word_1_755' title='bbox 1923 2409 1994 2447; x_wconf 87' lang='lat' dir='ltr'>rite</span> <span class='ocrx_word' id='word_1_756' title='bbox 2023 2408 2161 2447; x_wconf 88' lang='lat' dir='ltr'>collata</span> <span class='ocrx_word' id='word_1_757' title='bbox 2191 2423 2392 2464; x_wconf 86' lang='lat' dir='ltr'>uunquam</span> 
     </span>
     <span class='ocr_line' id='line_1_105' title="bbox 1262 2459 2392 2517; baseline 0.006 -22"><span class='ocrx_word' id='word_1_758' title='bbox 1262 2459 1433 2496; x_wconf 87' lang='lat' dir='ltr'>reiterari</span> <span class='ocrx_word' id='word_1_759' title='bbox 1463 2461 1662 2511; x_wconf 86' lang='lat' dir='ltr'>permisit,</span> <span class='ocrx_word' id='word_1_760' title='bbox 1692 2459 1764 2499; x_wconf 90' lang='lat' dir='ltr'>hac</span> <span class='ocrx_word' id='word_1_761' title='bbox 1793 2463 2033 2512; x_wconf 87' lang='lat' dir='ltr'>potissimum</span> <span class='ocrx_word' id='word_1_762' title='bbox 2064 2461 2110 2500; x_wconf 86' lang='lat' dir='ltr'>de</span> <span class='ocrx_word' id='word_1_763' title='bbox 2130 2477 2241 2502; x_wconf 83' lang='lat' dir='ltr'>causa</span> <span class='ocrx_word' id='word_1_764' title='bbox 2260 2494 2270 2513; x_wconf 91' lang='lat'>,</span> <span class='ocrx_word' id='word_1_765' title='bbox 2300 2467 2392 2517; x_wconf 82' lang='lat' dir='ltr'>quia.</span> 
     </span>
     <span class='ocr_line' id='line_1_106' title="bbox 1261 2510 2391 2566; baseline 0.006 -17"><span class='ocrx_word' id='word_1_766' title='bbox 1261 2510 1455 2549; x_wconf 85' lang='lat' dir='ltr'>character</span> <span class='ocrx_word' id='word_1_767' title='bbox 1484 2512 1533 2550; x_wconf 90' lang='lat' dir='ltr'>ab</span> <span class='ocrx_word' id='word_1_768' title='bbox 1564 2513 1655 2565; x_wconf 86' lang='lat' dir='ltr'>ipsis</span> <span class='ocrx_word' id='word_1_769' title='bbox 1685 2515 1888 2566; x_wconf 87' lang='lat' dir='ltr'>impressus</span> <span class='ocrx_word' id='word_1_770' title='bbox 1919 2525 1972 2554; x_wconf 88' lang='lat' dir='ltr'>est</span> <span class='ocrx_word' id='word_1_771' title='bbox 2003 2516 2251 2556; x_wconf 78' lang='lat' dir='ltr'>indelebilis.</span> <span class='ocrx_word' id='word_1_772' title='bbox 2297 2519 2391 2557; x_wconf 75' lang='lat' dir='ltr'>Dixi</span> 
     </span>
     <span class='ocr_line' id='line_1_107' title="bbox 1259 2566 2388 2619; baseline 0.005 -16"><span class='ocrx_word' id='word_1_773' title='bbox 1259 2577 1312 2603; x_wconf 77' lang='lat' dir='ltr'>ex</span> <span class='ocrx_word' id='word_1_774' title='bbox 1338 2570 1460 2615; x_wconf 77' lang='lat' dir='ltr'>praxi</span> <span class='ocrx_word' id='word_1_775' title='bbox 1489 2566 1738 2604; x_wconf 69' lang='lat' dir='ltr'>universali:</span> <span class='ocrx_word' id='word_1_776' title='bbox 1767 2571 1946 2619; x_wconf 86' lang='lat' dir='ltr'>quamvis</span> <span class='ocrx_word' id='word_1_777' title='bbox 1976 2571 2078 2607; x_wconf 89' lang='lat' dir='ltr'>enim</span> <span class='ocrx_word' id='word_1_778' title='bbox 2112 2572 2205 2608; x_wconf 89' lang='lat' dir='ltr'>iuter</span> <span class='ocrx_word' id='word_1_779' title='bbox 2240 2571 2388 2609; x_wconf 72' lang='lat' dir='ltr'>Africa·</span> 
     </span>
     <span class='ocr_line' id='line_1_108' title="bbox 1256 2618 2390 2676; baseline 0.006 -21"><span class='ocrx_word' id='word_1_780' title='bbox 1256 2631 1351 2666; x_wconf 88' lang='lat' dir='ltr'>nos,</span> <span class='ocrx_word' id='word_1_781' title='bbox 1381 2618 1414 2655; x_wconf 72' lang='lat'>&amp;-</span> <span class='ocrx_word' id='word_1_782' title='bbox 1445 2618 1659 2659; x_wconf 81' lang='lat' dir='ltr'>Orientales</span> <span class='ocrx_word' id='word_1_783' title='bbox 1688 2622 1829 2660; x_wconf 85' lang='lat' dir='ltr'>fuerint</span> <span class='ocrx_word' id='word_1_784' title='bbox 1857 2623 1952 2661; x_wconf 86' lang='lat' dir='ltr'>olim</span> <span class='ocrx_word' id='word_1_785' title='bbox 1982 2622 2133 2676; x_wconf 88' lang='lat' dir='ltr'>plures,</span> <span class='ocrx_word' id='word_1_786' title='bbox 2163 2625 2229 2676; x_wconf 86' lang='lat' dir='ltr'>qui</span> <span class='ocrx_word' id='word_1_787' title='bbox 2261 2623 2390 2675; x_wconf 83' lang='lat' dir='ltr'>bapti-</span> 
     </span>
     <span class='ocr_line' id='line_1_109' title="bbox 1258 2672 2387 2727; baseline 0.005 -18"><span class='ocrx_word' id='word_1_788' title='bbox 1258 2681 1354 2710; x_wconf 85' lang='lat' dir='ltr'>zatos</span> <span class='ocrx_word' id='word_1_789' title='bbox 1383 2672 1433 2710; x_wconf 88' lang='lat' dir='ltr'>ab</span> <span class='ocrx_word' id='word_1_790' title='bbox 1462 2672 1654 2713; x_wconf 82' lang='lat' dir='ltr'>haereticis</span> <span class='ocrx_word' id='word_1_791' title='bbox 1682 2676 1988 2727; x_wconf 80' lang='lat' dir='ltr'>rebaptizabant,</span> <span class='ocrx_word' id='word_1_792' title='bbox 2020 2687 2055 2714; x_wconf 89' lang='lat' dir='ltr'>ut</span> <span class='ocrx_word' id='word_1_793' title='bbox 2077 2692 2144 2716; x_wconf 89' lang='lat' dir='ltr'>suo</span> <span class='ocrx_word' id='word_1_794' title='bbox 2166 2677 2248 2715; x_wconf 89' lang='lat' dir='ltr'>loco</span> <span class='ocrx_word' id='word_1_795' title='bbox 2280 2679 2387 2716; x_wconf 86' lang='lat' dir='ltr'>vide-</span> 
     </span>
     <span class='ocr_line' id='line_1_110' title="bbox 1255 2724 2388 2784; baseline 0.005 -21"><span class='ocrx_word' id='word_1_796' title='bbox 1255 2724 1413 2775; x_wconf 84' lang='lat' dir='ltr'>bimus,</span> <span class='ocrx_word' id='word_1_797' title='bbox 1442 2726 1506 2766; x_wconf 87' lang='lat' dir='ltr'>illi</span> <span class='ocrx_word' id='word_1_798' title='bbox 1535 2736 1663 2767; x_wconf 87' lang='lat' dir='ltr'>tamen</span> <span class='ocrx_word' id='word_1_799' title='bbox 1694 2729 1731 2767; x_wconf 89' lang='lat' dir='ltr'>id</span> <span class='ocrx_word' id='word_1_800' title='bbox 1762 2729 1984 2777; x_wconf 84' lang='lat' dir='ltr'>faciebant,</span> <span class='ocrx_word' id='word_1_801' title='bbox 2022 2744 2096 2769; x_wconf 88' lang='lat' dir='ltr'>non</span> <span class='ocrx_word' id='word_1_802' title='bbox 2127 2732 2220 2784; x_wconf 86' lang='lat' dir='ltr'>quia</span> <span class='ocrx_word' id='word_1_803' title='bbox 2251 2745 2388 2769; x_wconf 71' lang='lat' dir='ltr'>rerum.</span> 
     </span>
     <span class='ocr_line' id='line_1_111' title="bbox 1254 2778 2386 2837; baseline 0.006 -20"><span class='ocrx_word' id='word_1_804' title='bbox 1254 2778 1495 2832; x_wconf 82' lang='lat' dir='ltr'>Baptismum</span> <span class='ocrx_word' id='word_1_805' title='bbox 1527 2781 1656 2819; x_wconf 89' lang='lat' dir='ltr'>iterari</span> <span class='ocrx_word' id='word_1_806' title='bbox 1684 2795 1792 2834; x_wconf 83' lang='lat' dir='ltr'>posse</span> <span class='ocrx_word' id='word_1_807' title='bbox 1820 2783 2042 2832; x_wconf 86' lang='lat' dir='ltr'>crederent,</span> <span class='ocrx_word' id='word_1_808' title='bbox 2073 2785 2137 2822; x_wconf 88' lang='lat' dir='ltr'>sed</span> <span class='ocrx_word' id='word_1_809' title='bbox 2166 2785 2258 2837; x_wconf 87' lang='lat' dir='ltr'>quia</span> <span class='ocrx_word' id='word_1_810' title='bbox 2277 2796 2386 2837; x_wconf 88' lang='lat' dir='ltr'>puta-</span> 
     </span>
     <span class='ocr_line' id='line_1_112' title="bbox 1254 2830 2386 2891; baseline 0.004 -18"><span class='ocrx_word' id='word_1_811' title='bbox 1254 2830 1371 2883; x_wconf 85' lang='lat' dir='ltr'>bant,</span> <span class='ocrx_word' id='word_1_812' title='bbox 1402 2833 1641 2887; x_wconf 83' lang='lat' dir='ltr'>Baptismum</span> <span class='ocrx_word' id='word_1_813' title='bbox 1671 2835 1713 2875; x_wconf 90' lang='lat' dir='ltr'>in</span> <span class='ocrx_word' id='word_1_814' title='bbox 1742 2835 1878 2875; x_wconf 82' lang='lat' dir='ltr'>haeresi</span> <span class='ocrx_word' id='word_1_815' title='bbox 1908 2847 2109 2891; x_wconf 88' lang='lat' dir='ltr'>acceptum</span> <span class='ocrx_word' id='word_1_816' title='bbox 2131 2851 2208 2878; x_wconf 90' lang='lat' dir='ltr'>non</span> <span class='ocrx_word' id='word_1_817' title='bbox 2229 2852 2307 2876; x_wconf 79' lang='lat' dir='ltr'>esse</span> <span class='ocrx_word' id='word_1_818' title='bbox 2328 2852 2386 2877; x_wconf 62' lang='lat' dir='ltr'>ve-</span> 
     </span>
    </p>

    <p class='ocr_par' dir='ltr' id='par_1_10' title="bbox 2216 2905 2334 2942">
     <span class='ocr_line' id='line_1_113' title="bbox 2216 2905 2334 2942; baseline 0 -13"><span class='ocrx_word' id='word_1_819' title='bbox 2216 2905 2304 2929; x_wconf 87' lang='lat' dir='ltr'>rum</span> <span class='ocrx_word' id='word_1_820' title='bbox 2323 2923 2334 2942; x_wconf 87' lang='lat'>,</span> 
     </span>
    </p>
   </div>
   <div class='ocr_carea' id='block_1_7' title="bbox 1252 2996 2383 3277">
    <p class='ocr_par' dir='ltr' id='par_1_11' title="bbox 1252 2996 2383 3277">
     <span class='ocr_line' id='line_1_114' title="bbox 1259 2996 2383 3044; baseline 0 -13"><span class='ocrx_word' id='word_1_821' title='bbox 1259 2998 1426 3031; x_wconf 87' lang='lat' dir='ltr'>ciuntur.</span> <span class='ocrx_word' id='word_1_822' title='bbox 1454 2996 1569 3031; x_wconf 87' lang='lat' dir='ltr'>Licuit</span> <span class='ocrx_word' id='word_1_823' title='bbox 1595 2997 1689 3032; x_wconf 87' lang='lat' dir='ltr'>enim</span> <span class='ocrx_word' id='word_1_824' title='bbox 1716 2998 1903 3044; x_wconf 81' lang='lat' dir='ltr'>Theologis</span> <span class='ocrx_word' id='word_1_825' title='bbox 1929 3007 2010 3034; x_wconf 90' lang='lat' dir='ltr'>ante</span> <span class='ocrx_word' id='word_1_826' title='bbox 2036 2998 2274 3033; x_wconf 72' lang='lat' dir='ltr'>definitionem</span> <span class='ocrx_word' id='word_1_827' title='bbox 2295 3000 2383 3033; x_wconf 76' lang='lat' dir='ltr'>Con-</span> 
     </span>
     <span class='ocr_line' id='line_1_115' title="bbox 1256 3042 2376 3089; baseline 0 -12"><span class='ocrx_word' id='word_1_828' title='bbox 1256 3045 1328 3077; x_wconf 89' lang='lat' dir='ltr'>cilii</span> <span class='ocrx_word' id='word_1_829' title='bbox 1356 3042 1560 3089; x_wconf 78' lang='lat' dir='ltr'>‹lisputare3</span> <span class='ocrx_word' id='word_1_830' title='bbox 1610 3054 1839 3080; x_wconf 86' lang='lat' dir='ltr'>veruntamen</span> <span class='ocrx_word' id='word_1_831' title='bbox 1868 3047 2016 3080; x_wconf 81' lang='lat' dir='ltr'>firmitas</span> <span class='ocrx_word' id='word_1_832' title='bbox 2041 3045 2282 3080; x_wconf 77' lang='lat' dir='ltr'>definitionum</span> <span class='ocrx_word' id='word_1_833' title='bbox 2312 3047 2376 3078; x_wconf 79' lang='lat' dir='ltr'>Ec-</span> 
     </span>
     <span class='ocr_line' id='line_1_116' title="bbox 1259 3089 2383 3138; baseline -0.003 -13"><span class='ocrx_word' id='word_1_834' title='bbox 1259 3091 1372 3125; x_wconf 73' lang='lat' dir='ltr'>clesiae</span> <span class='ocrx_word' id='word_1_835' title='bbox 1396 3100 1463 3124; x_wconf 87' lang='lat' dir='ltr'>non</span> <span class='ocrx_word' id='word_1_836' title='bbox 1479 3103 1522 3124; x_wconf 86' lang='lat' dir='ltr'>ex</span> <span class='ocrx_word' id='word_1_837' title='bbox 1541 3089 1798 3136; x_wconf 81' lang='lat' dir='ltr'>&#39;Theologorum</span> <span class='ocrx_word' id='word_1_838' title='bbox 1824 3093 2045 3138; x_wconf 81' lang='lat' dir='ltr'>opinionibus</span> <span class='ocrx_word' id='word_1_839' title='bbox 2062 3115 2071 3133; x_wconf 88' lang='lat'>,</span> <span class='ocrx_word' id='word_1_840' title='bbox 2098 3090 2154 3124; x_wconf 81' lang='lat' dir='ltr'>secl</span> <span class='ocrx_word' id='word_1_841' title='bbox 2177 3105 2215 3124; x_wconf 73' lang='lat' dir='ltr'>ex</span> <span class='ocrx_word' id='word_1_842' title='bbox 2238 3092 2383 3136; x_wconf 65' lang='lat' dir='ltr'>Spiritus</span> 
     </span>
     <span class='ocr_line' id='line_1_117' title="bbox 1254 3135 2380 3185; baseline -0.004 -15"><span class='ocrx_word' id='word_1_843' title='bbox 1254 3138 1369 3171; x_wconf 81' lang='lat' dir='ltr'>sancti</span> <span class='ocrx_word' id='word_1_844' title='bbox 1390 3137 1590 3170; x_wconf 81' lang='lat' dir='ltr'>assistentia</span> <span class='ocrx_word' id='word_1_845' title='bbox 1615 3135 1749 3172; x_wconf 85' lang='lat' dir='ltr'>desumi</span> <span class='ocrx_word' id='word_1_846' title='bbox 1776 3136 1905 3180; x_wconf 73' lang='lat' dir='ltr'>‹lebet3</span> <span class='ocrx_word' id='word_1_847' title='bbox 1930 3140 2109 3184; x_wconf 75' lang='lat' dir='ltr'>opiniones</span> <span class='ocrx_word' id='word_1_848' title='bbox 2127 3139 2380 3185; x_wconf 69' lang='lat' dir='ltr'>&#39;I&#39;brologoruut</span> 
     </span>
     <span class='ocr_line' id='line_1_118' title="bbox 1253 3184 2382 3235; baseline -0.004 -19"><span class='ocrx_word' id='word_1_849' title='bbox 1253 3185 1445 3228; x_wconf 57' lang='lat' dir='ltr'>proposita?</span> <span class='ocrx_word' id='word_1_850' title='bbox 1463 3204 1474 3224; x_wconf 91' lang='lat'>,</span> <span class='ocrx_word' id='word_1_851' title='bbox 1512 3187 1543 3216; x_wconf 74' lang='grc' dir='ltr'>ἀ</span> <span class='ocrx_word' id='word_1_852' title='bbox 1572 3185 1749 3218; x_wconf 72' lang='lat' dir='ltr'>ventilata-</span> <span class='ocrx_word' id='word_1_853' title='bbox 1776 3186 1917 3219; x_wconf 81' lang='lat' dir='ltr'>suerunt</span> <span class='ocrx_word' id='word_1_854' title='bbox 1946 3195 2025 3218; x_wconf 75' lang='lat' dir='ltr'>ante</span> <span class='ocrx_word' id='word_1_855' title='bbox 2055 3184 2231 3235; x_wconf 60' lang='lat' dir='ltr'>Sessiones</span> <span class='ocrx_word' id='word_1_856' title='bbox 2259 3186 2382 3215; x_wconf 75' lang='lat' dir='ltr'>(Iouer-</span> 
     </span>
     <span class='ocr_line' id='line_1_119' title="bbox 1252 3229 2377 3277; baseline -0.003 -15"><span class='ocrx_word' id='word_1_857' title='bbox 1252 3230 1359 3265; x_wconf 82' lang='lat' dir='ltr'>liares</span> <span class='ocrx_word' id='word_1_858' title='bbox 1374 3251 1384 3271; x_wconf 88' lang='lat'>‚</span> <span class='ocrx_word' id='word_1_859' title='bbox 1412 3231 1447 3264; x_wconf 87' lang='lat' dir='ltr'>in</span> <span class='ocrx_word' id='word_1_860' title='bbox 1461 3230 1589 3275; x_wconf 79' lang='lat' dir='ltr'>quibus</span> <span class='ocrx_word' id='word_1_861' title='bbox 1617 3231 1815 3267; x_wconf 85' lang='lat' dir='ltr'>certissima</span> <span class='ocrx_word' id='word_1_862' title='bbox 1834 3231 1913 3268; x_wconf 80' lang='lat' dir='ltr'>fidei</span> <span class='ocrx_word' id='word_1_863' title='bbox 1933 3231 2096 3277; x_wconf 81' lang='lat' dir='ltr'>dogmata</span> <span class='ocrx_word' id='word_1_864' title='bbox 2115 3229 2377 3265; x_wconf 75' lang='lat' dir='ltr'>definiebantur-</span> 
     </span>
    </p>
   </div>
  </div>
 </body>
</html>
