2605 3624
747 115 1295 180 QUAES'HUMULAE
1333 115 1650 170 Quaenam.

47 208 97 250 ab
129 206 348 251 infidelibus
377 203 580 255 hospitium
611 199 892 237 emendicasse.
924 197 1063 234 Rursus
1093 197 1165 234 Le-

47 265 123 316 gati
155 264 348 302 redeuntes
377 260 415 296 in
433 255 605 294 Africam
623 251 807 304 Stephani
830 264 1005 302 responsa
1035 263 1164 287 sucum

47 315 288 355 detulerunt.
316 307 538 348 Verisimile
568 314 620 345 est
650 307 791 357 igitur,
821 320 843 342 a
872 305 1063 355 Dionysio
1095 302 1164 339 lio-

47 383 190 418 mano,
218 366 252 403 &
281 362 529 409 Philemone,
558 371 724 413 quornm
744 371 860 411 opera
883 358 1092 409 Dionysius
1116 357 1166 393 A·

48 421 290 462 texandriam
319 413 626 469 ad⁸placandum
648 412 841 450 Pontificis
870 412 1044 448 animuin
1077 422 1166 460 erga

46 471 256 515 orientales
285 469 449 509 feliciter
479 482 566 506 usus
596 468 746 514 fuerat,
789 465 985 503 obtentum
1019 464 1133 501 fuisse
1154 493 1166 512 ‚

46 538 89 568 ut
116 526 272 578 Legati,
301 537 372 562 non
391 522 547 575 quidem
567 520 723 574 publice
741 550 751 567 ,
781 519 815 555 &t
845 533 933 556 cuin
955 517 1074 555 solitis
1096 515 1162 554 ho-

44 582 148 622 noris
187 575 530 630 significationibus
552 605 562 622 ,
611 573 673 612 sed
705 573 886 626 privatim
923 587 945 610 a
973 570 1165 624 Stephano

43 636 326 686 reciperentur,
355 629 390 666 &
418 630 670 668 audirentur.
834 667 842 675 ,

95 686 256 736 Ωιιῳτες
283 687 425 733 tertio,
454 696 512 721 an
544 682 798 735 Cyprianus,
828 679 877 721 (θ’
910 677 1165 717 [firmilianus

42 742 262 793 putaverint
278 741 589 777 controversiam
619 733 848 787 rebitptistni
863 732 918 771 ad
937 733 1068 770 solum
1087 731 1124 768 E
1127 744 1166 768 c-

41 795 174 832 clesiae
202 791 454 844 disciplinam
471 820 482 840 ‚
529 803 611 827 non.
638 801 726 827 vero
761 787 817 826 acl
844 786 1041 839 dogmata.
1057 785 1164 838 fizlei

42 845 262 900 spectare?

102 914 190 954 ¹9⁰·
221 899 332 953 Resp.
346 928 359 948 ,
387 896 586 938 difficilem
605 894 811 933 admodum
827 908 904 932 esse
924 892 1039 943 hujus
1055 906 1163 945 quae-

43 956 174 994 ationis
201 953 453 1000 solutionem,
498 952 536 988 in
566 963 643 1002 qua
673 948 859 999 'I‘heotogi
890 949 928 985 in
957 948 1164 985 contrarias

40 1007 301 1047 distrahuntur
341 1006 557 1044 sententias:
605 1005 642 1041 in
672 1015 716 1039 eo
743 1011 870 1039 tamen
918 1001 995 1038 fere
1025 1013 1164 1038 conve-

40 1064 170 1109 niunt,
200 1069 239 1098 ut
269 1058 538 1112 rebaptizantes
560 1056 806 1108 putaverint,
836 1063 899 1092 aut
920 1063 1033 1092 totam
1065 1053 1162 1092 hanc

39 1126 220 1166 :nagnam
249 1112 541 1152 controversiam
571 1109 617 1147 ad
648 1109 768 1147 solam
797 1107 1046 1160 disciplinam
1077 1121 1162 1160 per-

41 1171 187 1214 tinere;
228 1175 292 1204 aut
321 1166 352 1204 si
381 1164 598 1218 pertinebat
627 1163 674 1201 ad
703 1163 917 1201 doctrinam
947 1161 1067 1209 fidei,
1115 1161 1163 1199 li-

39 1220 177 1261 berum
207 1228 332 1259 tamen
361 1219 574 1270 unicuique
615 1231 692 1254 esse
722 1218 762 1255 in
791 1229 859 1253 suo
899 1229 1007 1254 sensu
1037 1215 1162 1254 abun-

40 1275 159 1324 dare,
186 1274 307 1313 donec
335 1272 521 1312 Ecclesiae
550 1284 730 1324 suprema
757 1270 979 1309 auctoritate
1009 1282 1162 1322 expres-

39 1342 79 1366 se
106 1327 354 1366 definiretur.

97 1395 187 1435 ¹9¹·
215 1380 386 1420 Primum
415 1379 476 1419 his
506 1380 585 1418 fere
606 1380 840 1431 argumentis
869 1392 943 1416 una
973 1391 1062 1416 cum
1085 1376 1161 1415 Na-

38 1434 108 1474 tali
141 1434 354 1473 Alexandro
382 1433 541 1473 Dissert.
563 1433 651 1472 Xll.
682 1435 720 1471 in
751 1433 840 1471 Sec.
861 1432 928 1470 lll.
959 1440 1028 1470 art.
1052 1431 1090 1476 4.
1121 1445 1159 1468 e-

39 1490 208 1527 vincitur
229 1514 240 1526 .
269 1485 404 1525 Primo
419 1517 431 1536 ,
459 1489 552 1540 quia
570 1488 789 1540 Cyprianus
811 1488 848 1524 in
865 1485 986 1538 Epist.
1015 1485 1063 1522 ad
1079 1484 1159 1524 Ste-

74 1541 213 1580 hanum
242 1554 336 1590 suo,
365 1541 400 1578 ἃ
427 1540 577 1594 Synodi
596 1535 788 1579 Africanae
820 1541 970 1577 nomine
1001 1540 1051 1576 ita
1066 1540 1159 1576 scri-

41 1556 124 1634 bit:
170 1593 352 1644 Scimus,
398 1594 593 1648 quosdam
622 1594 725 1646 quod
754 1594 879 1632 semel
907 1591 1129 1630 imbiberint
1150 1622 1162 1639 ,

41 1649 144 1687 nolle
172 1647 367 1700 deponere
383 1677 394 1697 ,
423 1661 497 1686 nec
516 1653 758 1699 propositum
787 1660 904 1686 suum
920 1646 1054 1697 facile
1075 1658 1164 1682 mu-

42 1710 160 1750 tare,
188 1701 258 1740 sed
286 1701 395 1739 salvo
423 1705 527 1739 int-er
554 1702 728 1753 collegas
757 1704 867 1751 pacis
884 1730 894 1747 ,
922 1699 972 1738 (θ’
1003 1710 1164 1736 concor-

44 1754 125 1793 diae
151 1754 304 1793 vinculo
325 1783 336 1802 ,
365 1753 553 1804 quaedam
573 1758 731 1804 propria
748 1784 758 1801 ,
788 1766 879 1803 quae
907 1751 1013 1800 apud
1042 1765 1084 1789 se
1103 1764 1163 1788 se-

44 1808 127 1845 mel
154 1810 231 1845 sint
260 1815 476 1858 usurpata,
506 1812 702 1845 retinere.
732 1807 829 1857 Qua
857 1810 895 1844 in
918 1818 960 1842 re
989 1818 1062 1842 nec
1091 1817 1164 1842 nos

44 1864 123 1899 vim
151 1863 338 1911 cuiquam
354 1860 569 1912 jacimus,
599 1869 668 1899 aut
696 1861 826 1913 Iegem
856 1859 1002 1897 citimus
1025 1888 1035 1906 ,
1072 1871 1164 1896 cum

43 1913 188 1952 habeat
207 1922 248 1951 ut
269 1912 468 1952 Ecclesioe
487 1912 835 1952 administratione
849 1913 1058 1950 voluntatis
1078 1924 1164 1950 suoe

41 1965 250 2006 arbitrium
277 1965 440 2004 liberum
483 1971 746 2018 unusquisque
775 1966 1014 2015 Proeposittis
1037 1994 1048 2013 ,
1095 1977 1162 2001 ra-

41 2024 190 2060 tionem
219 2028 332 2058 actus
359 2023 420 2058 sui
447 2018 624 2058 Domino
653 2019 904 2058 redditurus.
949 2018 1045 2056 Haec
1077 2030 1163 2069 por-

41 2085 85 2113 ro
111 2073 266 2112 libertas
293 2087 371 2112 esse
412 2086 486 2111 non
515 2081 634 2126 potest
662 2074 703 2111 in
745 2073 1008 2111 controversiis
1039 2071 1128 2108 fidei
1152 2085 1162 2117 ;

43 2135 84 2165 ut
110 2128 214 2166 enim
239 2127 367 2180 -jnquit
394 2127 656 2166 Tertullianus
684 2128 723 2164 in
754 2126 843 2165 Lib.
891 2124 954 2163 De
983 2124 1162 2163 velandis

43 2178 292 2233 Virginibus:
325 2179 591 2234 Regula-fidei
619 2184 785 2218 omnino
814 2192 897 2217 unu.
922 2187 1014 2228 est,
1043 2179 1130 2223 solii
1146 2208 1159 2228 ,

40 2232 250 2272 immobilis
266 2264 277 2283 ,
303 2235 354 2276 <9⁶
382 2232 687 2286 irreformabilis
703 2260 713 2272 .

105 2299 193 2340 192.
223 2286 407 2326 Secundo
425 2288 641 2340 Cyprianus
661 2290 701 2327 in
721 2287 877 2340 Synodo
888 2287 1165 2340 Carthaginen-

39 2340 75 2378 οἱ
103 2339 169 2392 87.
199 2339 476 2393 Episcoporum
505 2341 658 2394 plenam
688 2340 809 2380 voluit
837 2356 915 2380 esse
954 2342 1164 2392 unicnique

43 2392 258 2434 libertatem
287 2395 532 2448 proferendi,
561 2395 663 2449 quod
682 2397 866 2444 senserit,
897 2408 988 2433 cum
1019 2394 1164 2432 habeat

43 2451 176 2487 omnis
202 2446 422 2499 Episcopus
448 2461 519 2499 pro
546 2450 708 2488 licentia
728 2448 921 2488 libertatis
938 2480 949 2498 ,
979 2450 1028 2490 (9⁶
1057 2457 1166 2497 pote-

43 2503 162 2540 statt's
187 2514 273 2541 suoe
299 2501 506 2540 arbitrium
533 2506 734 2556 proprium
750 2531 761 2550 ,
797 2512 963 2555 tamque
985 2502 1165 2555 judicari

44 2552 96 2592 ab
123 2554 202 2594 alio
227 2567 311 2594 non
336 2560 483 2609 possit,
530 2568 652 2608 quam
682 2570 755 2596 nec
785 2561 867 2609 ipse
896 2565 1021 2607 potest
1064 2557 1164 2594 alte-

43 2619 135 2666 rum
157 2607 369 2660 judicare.
398 2609 476 2649 Sed
504 2620 786 2662 expectemus,
825 2612 980 2658 subdit,
1010 2614 1164 2649 univer-

45 2663 82 2697 si
109 2659 303 2712 judicium
317 2662 482 2702 Domini
495 2669 620 2703 nostri
633 2665 726 2704 Jesu
750 2664 918 2712 Christi,
948 2668 1135 2715 quimus
1151 2695 1162 2713 ,

46 2712 99 2753 <J
126 2713 233 2752 solus
261 2713 375 2756 habet
401 2726 639 2770 potestatem
665 2720 714 2760 <9¹
744 2717 1000 2770 praeponendi
1020 2731 1094 2757 nos
1122 2722 1163 2756 in.

45 2763 244 2806 Ecclesioe
256 2781 340 2808 suoe
351 2770 637 2824 gubernatione
653 2803 664 2821 ‚
692 2772 742 2814 <9⁰
759 2772 807 2811 de
836 2781 929 2811 actu
951 2781 1085 2811 nostro
1096 2773 1162 2825 ju-

47 2818 237 2859 dicandi.
265 2822 313 2860 At
327 2836 415 2862 vero
443 2826 483 2864 in
514 2825 597 2876 his,
627 2841 716 2880 qnae
747 2836 831 2865 sunt
851 2836 983 2865 contra
1013 2826 1129 2865 fidem
1153 2857 1164 2875 ,

41 2881 197 2925 possunt
225 2875 356 2940 utique
383 2875 563 2932 Episcopi
592 2881 640 2919 de
667 2881 743 2919 suis
773 2879 928 2932 collegis
957 2879 1133 2931 judicare
1151 2906 1162 2918 .

104 2926 194 2978 ¹93·
230 2924 354 2966 sertio
381 2929 422 2969 S.
452 2931 709 2986 Hieronymus
738 2935 776 2972 in
805 2933 918 2973 Diui.
947 2934 1038 2972 mlv.
1083 2933 1163 2971 Lu-

44 2978 266 3042 ciferianos
293 2979 400 3019 affert
426 2994 552 3023 contra
580 3000 640 3024 eos
677 2987 898 3039 exemplum
928 2987 969 3026 S.
999 2988 1164 3041 Cypria-

42 3045 116 3083 m,
162 3047 230 3084 qut
259 3045 505 3086 argumenta,
547 3039 689 3089 quibus
719 3039 916 3080 haereticos
946 3055 1022 3079 esse
1052 3041 1162 3080 reba-

44 3086 266 3139 ptizandos,
310 3100 356 3124 ex
385 3087 592 3140 Scriptnris
623 3091 835 3141 probabat,
882 3107 965 3132 non
993 3107 1085 3132 cum
1115 3109 1161 3132 a·

44 3138 283 3178 ’mathemate
312 3154 450 3178 eorum
471 3171 483 3189 ,
511 3145 577 3192 qui
604 3155 647 3179 se
675 3147 781 3193 sequi
810 3145 1038 3196 noluerunt,
1082 3148 1162 3186 etli-

49 3190 135 3255 ‘²¹¹3'
161 3193 356 3245 siquidem
377 3199 417 3231 in
447 3199 726 3232 communione
755 3209 891 3235 eorum
919 3205 1162 3248 permansit,

50 3255 116 3295 qut
140 3251 347 3286 sententiae
377 3261 460 3285 suae
488 3252 787 3287 contraierant.
834 3250 933 3297 Quae
963 3255 1091 3291 omnia
1123 3255 1163 3291 in

49 3309 139 3357 eum
166 3311 238 3337 non
265 3301 480 3354 quadrant,
509 3303 575 3354 qui
605 3303 828 3341 senteutiam
847 3332 857 3351 ,
887 3317 1005 3356 quam
1032 3305 1164 3345 desen-

48 3348 134 3400 drt,
162 3352 209 3390 ad
236 3351 351 3392 fidem
382 3356 570 3407 pertinere
599 3357 813 3394 existimat.

161 3402 411 3462 Gazzaniga
442 3407 574 3449 Theoi.
605 3409 719 3451 Τοηι.
743 3408 846 3449 V111.

2273 123 2294 131 „

2217 136 2292 160 tia

1294 194 1380 245 106.
1413 194 1579 245 ldipsinn
1611 195 1722 231 assui
1755 204 1872 242 potest
1903 197 1946 233 (ἰν
1981 197 2240 246 Firmiliaito,
2282 200 2349 251 qui

1234 249 1273 285 in
1315 247 1458 285 celebri
1491 248 1611 298 Epist.
1650 249 1696 283 ad
1727 249 1964 298 Cypri-inunt
2014 252 2097 289 hirc
2148 253 2246 289 inti-r
2275 254 2352 289 alia

1235 301 1370 339 habet:
1400 330 1425 348 „
1454 301 1567 338 Circa
1596 299 1843 337 celebrandos
1872 303 1949 338 die-1
1982 304 2154 346 l'aschr.
2186 306 2220 342 ὃς
2249 308 2353 344 circa

1236 383 1263 403 ‚,
1293 354 1414 392 inulta
1443 353 1520 391 alia
1549 354 1692 392 divina:
1724 354 1778 390 rei
1808 354 2051 392 Sacrznncnta
2070 388 2078 403 ,
2110 360 2233 396 vitio-it
2262 374 2349 410 ‘1¹¹⁴’

1234 437 1259 457 „
1291 422 1368 445 esse
1396 408 1497 458 apud
1522 407 1706 444 l‘ioinanos
1735 406 1883 458 aliquas
1904 409 2133 445 diversitate-1
2153 441 2161 457 ‚
2195 427 2262 450 nec
2283 414 2351 449 nl)-

1236 491 1262 510 „
1290 464 1432 499 servari
1465 460 1546 498 illic
1576 461 1706 498 onmia
1737 459 1962 511 :cclxii-iliter,
1993 475 2080 510 ‹311oe
2110 463 2352 502 J‹›1·.‚..,t„„,5.

1290 515 1567 553 observantur.
1596 514 1817 552 Secundum
1840 515 1937 564 qnod
1972 516 2008 550 in
2038 517 2170 550 ceteris
2199 532 2219 567 ι]
2244 512 2350 558 iul-..2

1290 569 1468 620 plurimis
1499 568 1706 620 provinciis
1736 566 1857 604 inulta
1889 580 1956 617 pro
1985 566 2153 604 locorum
2173 598 2182 613 ,
2226 573 2256 604 ὁ(
2288 560 2353 607 hu-

1292 624 1441 660 minum
1463 622 1682 660 diversitate
1699 621 1894 659 variantur
1911 650 1921 667 ,
1952 634 2018 657 nec
2042 629 2168 658 tamen
2201 633 2352 672 proph-2·

1234 706 1260 724 „
1289 674 1361 714 hoc
1391 676 1440 713 ab
1471 674 1656 714 Ecclesiae
1685 673 1886 712 catholicae
1917 688 2009 725 pace
2031 704 2041 720 ,
2090 685 2202 726 atque
2234 679 2355 713 unita-

1235 759 1262 778 „
1290 738 1326 767 te
1355 730 1559 768 discessum
1590 738 1669 766 est.
1713 728 1825 775 Quod
1855 741 1956 765 nunc
1988 729 2113 765 facere
2142 728 2356 781 Stephanus

1290 797 1404 822 ausus
1433 793 1512 832 est,
1542 795 1722 835 rumpens
1742 781 1920 819 adversus
1952 795 2015 818 vos
2045 796 2200 832 pacem,
2231 797 2349 834 quain

1234 867 1260 885 ,‚
1290 851 1440 889 semper
1481 846 1730 876 antecessores
1758 834 1842 886 ejus
1889 834 2088 873 vobiscum
2118 849 2274 883 altiore,
2323 838 2356 871 δε

1234 920 1259 940 ,‚
1291 891 1430 928 honore
1461 900 1594 928 mutuo
1623 889 1941 928 ctistodierttut.''
1990 888 2102 926 l’orro
2132 890 2354 942 exemplum

1232 944 1495 983 celebrationis
1526 943 1705 991 Paschae,
1752 942 1786 979 8<
1817 956 1948 980 eornm
1982 942 2218 990 multorum,
2266 958 2355 996 qnae

1235 1012 1305 1050 pro
1333 998 1506 1036 locorum
1525 1028 1535 1046 ‚
1584 997 1617 1033 δε
1649 998 1850 1035 hominum
1880 997 2096 1034 diversitate
2126 998 2322 1036 variantur
2346 1029 2356 1046 ‚

1231 1052 1432 1091 manifeste
1470 1051 1659 1099 ostendit,
1708 1060 1856 1102 putasse
1889 1049 2194 1098 Firmilianum,
2242 1053 2357 1091 etiam

1230 1107 1511 1158 rebaptismum
1543 1106 1811 1143 haereticorum
1842 1103 1887 1141 ad
1920 1103 2016 1141 hanc
2054 1105 2228 1142 eamdem
2259 1105 2356 1143 clas-

1230 1173 1309 1198 sem
1341 1173 1470 1197 rerum
1500 1158 1812 1210 disciplinarium
1843 1159 2058 1207 pertinere.

1291 1213 1378 1267 ¹95·
1409 1213 1516 1251 Addo
1533 1243 1544 1259 ,
1572 1211 1804 1263 quibusdam
1827 1211 1912 1247 aliis
1944 1213 2068 1249 visum
2093 1211 2206 1249 fuisse
2224 1242 2235 1259 ,
2265 1225 2356 1250 con-

1231 1267 1471 1306 suetudinem
1490 1265 1751 1317 rebaptizandi
1770 1294 1780 1313 ,
1811 1263 1871 1301 vel
1893 1276 1968 1300 non
2000 1265 2258 1314 rebaptizandi
2280 1266 2359 1303 hat-

1230 1322 1365 1359 rcticos
1384 1351 1393 1368 ,
1424 1333 1498 1358 non
1527 1320 1573 1357 ad
1605 1317 1722 1356 fidem
1745 1348 1755 1366 ,
1785 1331 1873 1370 qnae
1907 1317 2149 1355 invariabilis
2178 1328 2230 1356 est
2248 1349 2258 1366 ,
2296 1319 2363 1356 sed

1230 1375 1279 1413 ad.
1307 1373 1554 1426 disciplinam
1577 1374 1768 1425 pertinere
1785 1401 1796 1419 ,
1826 1385 1915 1423 quoe
1948 1370 2055 1421 justis
2076 1372 2122 1409 de
2151 1374 2273 1410 causis
2291 1386 2356 1425 po-

1231 1437 1297 1467 test
1327 1443 1403 1467 esse
1436 1429 1472 1465 in
1500 1427 1658 1466 diversis
1689 1425 1804 1474 locis,
1834 1435 1898 1462 aut
1918 1425 2153 1477 temporibus
2181 1426 2358 1466 diversa.

1227 1483 1268 1521 S.
1290 1482 1456 1521 Basilius
1486 1482 1524 1519 in
1554 1482 1680 1534 prima
1700 1479 1826 1531 Epist.
1855 1480 2050 1516 Canonica
2080 1479 2127 1515 ad
2150 1479 2353 1531 Amphilo-

1227 1532 1359 1575 chium
1390 1549 1475 1573 can.
1502 1547 1536 1573 1.
1568 1533 1688 1571 Recte
1716 1532 1961 1570 admonuisti·
1982 1561 1992 1578 ,
2025 1532 2147 1583 inquit
2167 1561 2177 1578 ‚
2223 1537 2359 1575 unius-

1230 1592 1420 1642 cujusque
1467 1590 1640 1640 regionis
1671 1598 1825 1623 morem.
1855 1588 1962 1635 sequi
1991 1593 2196 1634 oportere,
2244 1586 2350 1636 quoti

1232 1647 1284 1690 ii,
1315 1646 1379 1693 qui
1409 1651 1503 1678 tunc
1531 1640 1579 1678 tle
1608 1640 1684 1677 iliis
1713 1647 1966 1685 statuerunt,
2009 1642 2050 1675 in
2081 1643 2215 1677 mritis
2245 1640 2294 1678 de
2322 1644 2355 1677 i·

1230 1708 1387 1748 psorum
1399 1693 1639 1745 baptismate
1650 1691 2071 1731 sententiiisitbierint.
2092 1692 2137 1731 Et
2155 1703 2357 1746 postquam

1231 1751 1452 1801 opinionem
1484 1746 1705 1786 Firtniliani
1723 1776 1734 1794 ‚
1764 1745 1995 1797 &Cypriani
2023 1749 2274 1796 memoravit,
2305 1750 2359 1786 ita

1232 1802 1452 1841 concludit.
1483 1800 1561 1840 Setl
1590 1803 1781 1852 quoniam
1799 1799 1998 1836 nonnullis
2016 1799 2203 1838 Asiaticis
2232 1805 2358 1838 cisum

1233 1865 1318 1904 est,
1354 1864 1512 1906 propter
1540 1854 1755 1892 multorum.
1784 1856 2076 1900 oeconomiam,
2126 1854 2175 1893 (3)·
2204 1853 2362 1904 dispen-

1231 1914 1431 1948 sationem
1449 1939 1459 1956 ,
1500 1920 1639 1946 eorum
1668 1905 1870 1956 baptisma
1899 1910 2069 1956 suscipi,
2098 1911 2361 1957 suscipiatur.

1232 1963 1274 2002 ld
1292 1963 1459 2015 profecto
1477 1962 1615 2000 indicat
1631 1991 1641 2010 ,
1672 1960 1860 2012 judicasse
1879 1960 2062 1998 Basilium
2081 1990 2091 2008 ‚
2121 1970 2234 1998 totam
2259 1961 2360 2000 hane

1232 2016 1456 2068 rebaptismi
1489 2015 1692 2054 materiam
1723 2023 1826 2052 tanto
1869 2014 2016 2052 fervore
2046 2015 2253 2066 agitatam,
2301 2028 2360 2054 so·

1230 2069 1307 2109 lius
1335 2084 1414 2108 esse
1444 2069 1709 2109 ecclesiasticae
1739 2067 1980 2121 disciplinae.

1292 2123 1379 2177 196.
1410 2123 1484 2162 Sed
1513 2123 1590 2162 alia
1619 2131 1758 2177 praesto
1787 2131 1872 2161 sunt
1902 2131 2118 2171 momenta,
2146 2123 2288 2175 quibus
2314 2138 2358 2161 e-

1232 2179 1337 2217 vinci
1370 2178 1549 2227 videtur,
1592 2179 1754 2230 insignes
1787 2175 1871 2214 illos
1900 2175 2109 2228 Episcopos
2139 2175 2236 2215 hanc
2265 2191 2359 2215 con-

1231 2232 1452 2271 troversiam
1483 2232 1529 2270 ad
1559 2232 1735 2284 dogmata
1763 2230 1854 2268 fide-i
1878 2229 2072 2268 retulisse.
2105 2229 2202 2267 Nam
2231 2234 2359 2280 primo

1233 2287 1281 2324 ad
1311 2286 1581 2339 probandum,
1613 2286 1813 2323 haereticos
1834 2297 1909 2321 esse
1939 2283 2252 2334 rebaptizandos,
2284 2297 2360 2320 non

1232 2340 1282 2378 ad
1310 2340 1429 2378 solam
1459 2339 1770 2377 consuetudinem
1801 2336 2100 2387 confugiebant,
2149 2337 2211 2374 sed
2240 2335 2359 2374 simul

1232 2393 1512 2432 coacervabant
1540 2400 1725 2444 quotquot
1757 2391 1930 2428 invenire
1960 2398 2130 2441 poterant
2160 2391 2361 2441 utriusque,

1234 2447 1468 2486 'Testamenti
1499 2446 1579 2484 loca
1597 2475 1608 2493 ‚
1656 2444 1798 2497 quibus
1827 2445 2044 2481 evincerent
2071 2456 2181 2481 snam
2211 2452 2359 2482 senten-

1233 2503 1327 2539 tiam
1358 2515 1434 2539 esse
1464 2501 1502 2538 in
1531 2499 1647 2537 sacris
1676 2496 1810 2536 litteris
1840 2496 2072 2535 revelatam.

1294 2567 1381 2607 197.
1410 2553 1582 2592 Ulterius
1611 2552 1705 2590 adeo
1747 2560 1826 2589 erat
1855 2549 1933 2588 illis
1974 2550 2019 2588 de
2047 2564 2125 2588 suae
2167 2551 2359 2603 opinionis

1233 2609 1392 2646 veritate
1425 2620 1646 2659 persuasum
1667 2636 1677 2654 ,
1708 2614 1748 2642 ut
1778 2618 1850 2643 non
1871 2604 2087 2642 dubitarent
2109 2619 2192 2642 eain
2223 2605 2358 2656 appel-

1233 2662 1313 2701 lare
1343 2665 1553 2700 veritatem
1571 2691 1582 2709 ,
1610 2660 1661 2701 (J
1678 2659 1931 2712 firmitatem
1953 2657 2161 2696 catholicos²
2181 2658 2330 2709 regulae
2347 2688 2358 2704 ‚

1234 2713 1593 2768 veritatemficlei,
1640 2716 1886 2752 sententiam
1903 2711 2033 2764 fitlei,
2080 2712 2130 2753 ὡ·
2160 2711 2357 2750 Ecclesia:

1231 2779 1518 2823 congruentem
1535 2799 1545 2817 ‚
1575 2781 1603 2806 a
1632 2766 1673 2806 S.
1704 2766 1850 2819 Spiritu
1879 2767 2098 2804 revelatam
2127 2766 2227 2810 &c‚·
2270 2778 2360 2803 cou-

1231 2827 1388 2863 trariam
1417 2835 1509 2862 vero
1536 2822 1578 2860 S.
1609 2820 1791 2873 Stephani
1820 2821 2044 2871 opinionem
2077 2819 2263 2857 vocabant
2292 2818 2360 2855 ltu-

1231 2891 1372 2916 mance
1400 2878 1664 2916 contentionis
1693 2886 1870 2913 errorem
1888 2903 1899 2922 ‚
1930 2871 2192 2924 Evangelicoe
2221 2881 2358 2910 aucto-

1232 2935 1343 2970 ritati
1361 2962 1373 2979 ‚
1419 2940 1540 2981 atque
1571 2929 1810 2978 Apostolicae
1839 2926 2044 2967 traditioni
2074 2930 2325 2965 contrariam
2347 2956 2359 2973 ,

1232 2999 1410 3024 errorem
1439 2997 1666 3037 magnum,
1696 2982 1960 3030 &t·eterem,
1991 2984 2189 3019 caecittztis
2207 3013 2216 3029 ‚
2247 2985 2359 3033 igno-

1231 3044 1408 3088 rantioe,
1450 3039 1499 3079 <9⁶
1529 3035 1722 3087 superbiae
1750 3035 1946 3086 plenum;
1988 3036 2157 3088 quibus,
2209 3034 2241 3070 8(
2271 3034 2359 3072 aliis

1231 3094 1426 3132 similibus
1456 3091 1635 3144 loquendi
1667 3088 1843 3127 formulis
1872 3098 2001 3141 aperte
2031 3088 2276 3135 indicabant,
2320 3101 2358 3124 se

1232 3159 1306 3185 nou
1336 3161 1404 3200 pro
1434 3144 1614 3184 variabili
1645 3142 1853 3195 disciplina
1874 3172 1885 3191 ,
1934 3143 1997 3181 sed
2034 3156 2104 3195 pro
2136 3143 2356 3180 inconcusso

1232 3199 1323 3238 fidei
1353 3201 1528 3252 dogmate
1558 3211 1754 3251 pugnare.
2129 3218 2132 3222 ·

1291 3254 1380 3306 198.
1411 3253 1514 3301 Quia
1542 3261 1669 3290 tamen
1700 3248 1808 3288 nulla
1851 3259 1942 3288 tunc
1971 3259 2049 3288 erat
2078 3249 2248 3287 definitio
2278 3246 2348 3283 Ec-

1232 3305 1358 3344 clesiae
1379 3337 1388 3355 ,
1420 3307 1504 3345 ideo
1533 3305 1702 3344 liberum
1734 3301 1809 3342 esse
1831 3305 2040 3356 unicuique
2069 3301 2348 3340 arbitrabantur

1233 3358 1340 3400 aliud
1370 3361 1530 3410 sentire,
1580 3368 1619 3399 ut
1647 3371 1694 3397 ex
1722 3371 1855 3396 eorum
1898 3357 2121 3396 testimoniis
2148 3366 2261 3405 supra
2290 3361 2349 3385 αι’·

1716 3411 1762 3449 [5
2212 3415 2296 3439 tot·

1235 544 1261 563 ’2

1233 598 1259 616 ’ἱ

1234 651 1260 671 ³⁷

1234 813 1261 832 θ)
