2605 3624
920 143 997 187 DE
1031 142 1367 185 SACRIFICIO
1402 141 1642 183 MISSAE.
2316 141 2369 182 83

181 227 272 281 [498.
302 228 414 280 Resp.
444 229 459 278 (
489 233 627 278 praeter
668 236 710 261 ea
739 236 827 273 quae
857 223 1025 259 diximus
1056 222 1179 259 '‘Fomo
1211 222 1239 258 l.

127 281 286 320 Dis-ert.
307 283 354 319 ll.
383 296 421 318 n.
450 282 508 324 ¹4·
540 281 552 327 )
586 278 641 314 his
685 277 810 314 verbis
855 276 1016 313 uoluisse
1043 274 1237 312 Christum

125 348 275 372 onmem
317 343 510 370 externum
541 332 687 369 cultum
717 345 738 367 a
769 343 863 367 nova
898 328 978 380 lege
1022 340 1238 374 removere,

124 390 187 425 sed
216 385 338 425 solum
385 386 545 424 voluisse
573 384 764 422 ostendere
794 383 865 420 hoc
905 383 1110 419 discrimen
1142 382 1239 418 inter

124 449 315 487 veterem,
346 452 560 490 novamque
591 438 737 489 legem3
768 436 867 488 quod
893 438 928 473 iu
959 436 1073 473 veteri
1104 435 1238 471 nonni-

123 494 152 529 si
186 493 222 529 iu
253 491 395 543 templo
414 492 625 529 Jerusalem
656 490 794 527 licebat
819 490 899 526 De«)
929 488 1128 526 immol-ue
1158 501 1238 524 nta-

123 546 274 583 teriales
303 547 502 592 victimas,
541 558 629 596 ‹lu-'e
660 547 735 580 reri
765 542 944 580 sacrificii
975 541 1122 579 nonnisi
1156 554 1239 577 um-

120 596 204 637 brae
233 606 366 645 eraut,
395 597 428 634 ἃ
460 598 622 649 figurae,
663 599 698 634 iu
729 609 823 634 nova
853 605 978 632 auu-111
1010 595 1154 646 ubique
1186 593 1238 630 lo-

120 663 254 689 corum
284 651 366 689 Deo
392 650 550 689 otl'crtur
579 663 710 687 rerum
741 649 972 686 sacrtliciutu
997 678 1006 694 ,
1038 660 1237 684 externum

119 703 219 742 illud
247 705 402 756 quirem
422 734 432 751 ,
460 706 536 742 -sed
566 704 664 756 quod
697 702 928 740 invisibilem
962 702 1118 738 nomam
1150 714 1239 737 cou-

120 759 242 805 tinet,
273 757 418 794 scilicet
448 771 604 808 corpus,
635 756 669 792 ἃ
699 759 920 807 sauguinem
953 754 1001 792 D.
1031 754 1080 791 N.
1109 754 1144 790 J.
1174 754 1218 791 C.

175 811 269 862 499.
300 811 389 848 lust.
418 814 571 858 primo.
614 809 671 847 Ex
702 809 789 846 aliis
817 809 1027 858 Scripturae
1058 805 1148 844 locis
1178 806 1237 842 lu-

121 863 294 903 culenter
321 865 494 911 eruitur,
531 862 765 900 sacrificium
795 862 867 912 ipsi
896 870 1071 910 aceptum
1102 861 1236 896 nonni-

122 919 154 955 si
185 918 409 964 internum,
452 915 486 952 &
521 914 717 968 spirituale
758 928 835 950 esse
881 914 1046 959 dehere,
1091 911 1241 948 Psalmo

120 969 266 1008 XLlX.
298 969 400 1007 Deus
429 970 478 1006 ita
508 977 682 1005 testatur:
728 967 984 1017 Sacrificium
1012 965 1141 1002 laudis
1172 964 1239 1001 ho-

119 1021 345 1074 norificabit
377 1035 472 1066 me;
500 1021 532 1056 ἃ
562 1020 710 1058 Eccles.
733 1019 904 1057 XXXV.
937 1032 974 1055 2.
1003 1032 1080 1068 seq.
1111 1022 1238 1054 sacri-

111 1075 260 1128 ficium
290 1075 469 1112 salutare
496 1082 554 1112 est
598 1072 806 1111 attenterc
836 1070 1042 1108 mandatis
1064 1101 1073 1118 ,
1102 1071 1151 1110 ιζ’)
1182 1070 1237 1107 (Il-

118 1126 280 1165 scetlere
307 1126 359 1164 ab
385 1130 496 1164 omni
524 1130 730 1176 iniquitate
752 1151 821 1163 .....
847 1124 924 1175 Qui
942 1123 1054 1175 sacc'r
1084 1127 1236 1160 miseri-

121 1179 303 1218 cordiam
325 1209 336 1228 ‚
377 1179 494 1229 offert
522 1180 799 1232 sacrificium3
843 1177 876 1214 &
905 1177 982 1216 alia
1014 1178 1049 1215 id
1090 1191 1236 1229 genus,

108 1246 205 1287 vquae
235 1246 337 1286 saepe
364 1243 596 1273 occurrunt.

174 1287 266 1325 500.
299 1286 436 1340 Resp.,
482 1286 568 1325 haec
598 1287 811 1325 testimonia
840 1286 870 1324 si
899 1285 992 1337 quid
1035 1283 1237 1332 valerent,

115 1340 280 1394 probare
310 1341 452 1388 etiam,
498 1339 605 1380 nulla
643 1341 755 1378 fuisse
799 1341 837 1378 in
868 1349 940 1376 vet.
971 1347 1050 1376 test.
1093 1338 1239 1375 sacrifi-

118 1395 207 1432 cia.
254 1393 328 1432 Sed
359 1395 574 1432 Adversarii
606 1394 720 1432 facile
748 1392 960 1440 videbunt,
1003 1390 1098 1430 nihil
1131 1391 1238 1429 aliud

119 1446 285 1484 voluisse
315 1447 441 1485 Deum
471 1447 685 1499 siguificare
707 1477 718 1494 ,
760 1448 833 1484 nisi
863 1454 1004 1497 praeter
1044 1453 1238 1482 externam

117 1499 398 1538 sacrificiorum
427 1499 657 1538 oblationem
687 1513 836 1550 semper
867 1499 1112 1536 necessariam
1145 1498 1238 1535 fuis-

114 1565 154 1590 se
183 1553 296 1590 etiam
326 1555 538 1601 internam,
568 1552 602 1589 8t
632 1552 870 1604 spiritualem
901 1552 1138 1589 devotionem
1161 1581 1172 1599 ,
1202 1551 1237 1586 δι

114 1605 315 1644 sacrificiis
342 1606 601 1659 adjungendas
629 1620 706 1644 esse
735 1605 829 1644 alias
858 1607 1040 1652 virtutes,
1070 1618 1236 1656 quarum

112 1659 340 1698 exercitium
370 1660 472 1698 Deus
500 1675 522 1698 a
551 1661 628 1698 suis
657 1658 868 1697 cultoribus
897 1660 1040 1709 exigit.

170 1713 261 1750 501.
293 1713 382 1751 lnst.
411 1712 610 1750 secundo.
641 1713 682 1749 lu
705 1711 957 1749 Eucharistiae
979 1711 1237 1759 institutione,

118 1779 207 1816 quae
237 1765 375 1816 legitur
403 1774 484 1803 tum
515 1766 617 1816 apud
646 1761 931 1816 Evangelistas,
962 1772 1040 1801 tum
1071 1766 1169 1817 apud
1191 1765 1234 1802 S.

115 1815 304 1865 Paulum,
334 1817 429 1855 nihil
461 1830 611 1869 prorsus
628 1818 809 1867 habetur,
839 1817 939 1869 quod
957 1817 1093 1854 iudicet
1123 1819 1234 1855 ratio-

114 1883 207 1908 nem
235 1870 417 1909 sacrificii
439 1871 521 1908 Deo
546 1870 695 1918 oblati,
725 1872 786 1908 sed
817 1871 1079 1908 tautummodo
1097 1870 1232 1908 Sacra-

112 1932 285 1960 mentum
303 1953 315 1971 ,
342 1923 445 1976 quod
471 1925 584 1962 nobis
613 1925 745 1969 datur;
775 1924 807 1960 8t
838 1932 965 1961 tamen
993 1922 1124 1961 nullus
1154 1932 1232 1962 erat

111 1978 361 2027 opportunior
390 1976 520 2025 locus,
549 1989 626 2029 quo
652 1976 792 2015 Christi
821 1978 1049 2016 instituentis
1077 1977 1234 2014 intentio

108 2027 369 2068 declararetur
383 2056 395 2067 .

165 2082 257 2120 502.
289 2081 401 2135 Resp.
429 2086 585 2133 primo,
627 2083 775 2121 etiamsi
805 2082 911 2121 nulla
953 2082 1136 2121 sacrificii
1165 2096 1231 2120 ex-

100 2147 237 2187 pressa
265 2137 408 2174 mentio
437 2137 478 2176 in
506 2135 763 2175 Eucharistiae
807 2137 1041 2175 institutione
1069 2135 1229 2175 habere-

105 2195 198 2236 tur,
227 2189 314 2227 satis
342 2203 419 2227 esse
439 2219 450 2238 ,
480 2203 564 2228 eam
594 2190 680 2228 aliis
709 2191 749 2228 in
777 2188 872 2228 locis
899 2189 1062 2227 haberi.
1103 2191 1229 2227 lmmo

105 2241 254 2279 etiamsi
283 2241 422 2280 nullibi
454 2241 538 2280 haec
566 2244 710 2281 mentio
735 2256 910 2294 expressa
938 2242 1045 2280 fieret
1066 2273 1091 2290 ,.
1114 2243 1228 2280 nobis

105 2293 296 2347 sufficeret
325 2303 443 2332 sanct.
469 2294 621 2332 Patrutn
650 2295 825 2341 traditio,
855 2304 969 2346 atque
999 2294 1229 2333 universalis

113 2344 298 2384 Ecclesiae
316 2349 456 2399 praxis,
474 2361 561 2400 quae
577 2361 652 2386 non
672 2347 828 2386 aliunde
842 2349 932 2385 oriri
955 2356 1086 2399 potest,
1107 2363 1227 2399 quam

108 2410 155 2435 ex
186 2400 266 2451 ipsa
293 2400 383 2438 Jesu
411 2400 550 2439 Christi
582 2402 837 2449 institutione,
879 2410 992 2452 atque
1019 2400 1189 2438 doctrina
1211 2427 1224 2439 .

107 2449 385 2491 Verumtamen
406 2454 444 2492 iu
473 2455 520 2492 iis
542 2453 699 2492 Domini
730 2457 843 2491 nostri
861 2454 1010 2491 verbis:
1041 2451 1130 2490 Hoc
1144 2451 1223 2504 fa-

104 2507 184 2542 cite
208 2508 250 2543 in
287 2519 425 2545 meam
464 2510 922 2554 commemorationem,
965 2506 1109 2544 scilicet
1153 2506 1222 2544 hoc

103 2557 259 2608 ipsum,
288 2561 390 2612 quod
410 2573 478 2613 ego
506 2561 578 2599 feci
596 2591 607 2609 ,
637 2561 751 2599 facite
767 2561 883 2598 etiam
914 2572 1006 2606 vos,
1039 2559 1226 2598 habemus

103 2611 350 2657 mandatum,
394 2623 434 2650 ut
462 2614 788 2665 quemadmodum
818 2613 885 2651 ille
913 2625 1052 2665 corpus
1081 2627 1191 2650 suum
1211 2643 1224 2661 ,

107 2660 142 2696 ἃ
170 2666 392 2714 sanguinem
419 2664 520 2703 Patri
548 2666 685 2704 obtulit
714 2679 784 2718 pro
825 2676 948 2705 nostra
977 2665 1097 2704 salute
1117 2696 1128 2713 ,
1173 2668 1225 2704 ita

103 2713 140 2774 8}
173 2716 338 2774 A-postoli
359 2745 372 2765 ,
413 2730 624 2769 eorumque
650 2732 881 2757 successores
915 2718 1086 2766 eiusdem
1114 2719 1223 2757 obla·

104 2774 218 2805 ttonis
245 2772 646 2809 commemorationem
677 2772 846 2820 saciant,
875 2766 1037 2825 eamque
1058 2785 1132 2810 non
1151 2787 1223 2811 uu·

103 2819 193 2857 dam
215 2850 228 2868 ,
268 2823 331 2860 sed
359 2836 448 2874 quae
478 2825 606 2874 magui
649 2824 757 2862 illius
797 2825 977 2864 sacrificii
1007 2839 1074 2863 suo
1112 2828 1226 2864 modo

105 2874 278 2925 repetitio
297 2876 342 2912 sit
360 2902 370 2911 .
392 2876 661 2923 Quamobrem
691 2879 731 2915 iu
751 2878 902 2915 canone
917 2879 1134 2916 Sacerdotes
1163 2881 1222 2917 di·

104 2937 219 2965 cunt:
254 2925 367 2965 Unde
385 2934 436 2969 <9-
455 2941 684 2976 memoreS,
713 2929 914 2979 Domine,
945 2936 1222 2979 nosservitut',

103 2987 192 3016 tam
221 2979 352 3019 beatoe
376 2986 573 3031 passionis
596 2982 736 3020 Christi
752 2983 836 3036 filii
864 2988 920 3021 tui
940 3010 998 3023 ....
1016 2982 1222 3033 offerimus

105 3033 318 3085 praecIaroe
345 3036 552 3086 majestati
579 3045 660 3073 tuoe
686 3037 774 3076 (9⁶0.
804 3037 868 3087 (a)
887 3063 899 3075 .

156 3087 255 3127 505.
285 3088 374 3126 lust.
414 3092 559 3126 tertio.
599 3088 728 3127 Sacrae
765 3089 902 3127 littera:
947 3103 1014 3129 nos
1059 3090 1222 3141 docent,

156 3220 215 3262 (115
231 3223 363 3258 Narrat
391 3224 651 3263 pallavicinus,
685 3223 784 3256 Hisr.
822 3223 927 3256 Cone.
964 3221 1119 3256 Tridene.
1146 3225 1225 3260 Lib.

120 3265 250 3302 XVlll.
277 3283 354 3315 cap.
381 3271 414 3304 8.
441 3283 533 3315 δρψ,
558 3269 616 3302 dm
641 3291 650 3308 ,
676 3271 898 3314 multumque
924 3270 1026 3301 fuisse
1055 3269 1144 3301 inter
1163 3271 1224 3303 Pa-

114 3320 186 3365 tres
207 3312 424 3360 disputatum
442 3339 452 3356 ,
477 3330 518 3350 an
545 3316 681 3349 decerni
710 3315 849 3348 deberet
869 3337 878 3354 ‚
905 3315 1086 3347 (lhztstum
1114 3316 1144 3346 in
1170 3317 1225 3348 ul-

101 3362 198 3393 tha
223 3371 321 3397 coena
346 3366 511 3410 Corporis
538 3366 570 3398 δε
596 3364 781 3409 Sanguinis
808 3361 1020 3396 sacrificnuu
1046 3362 1138 3395 l'atri
1163 3362 1226 3396 ob-

1307 220 1501 258 Christum
1532 217 1720 256 sacrificio
1751 218 1878 255 mortis
1918 231 1996 258 suae
2029 218 2078 255 ita
2116 216 2335 254 satisfecisse
2365 218 2422 254 di·

1307 275 1409 310 viuae
1445 272 1598 317 iustitias
1618 300 1627 316 ,
1673 280 1708 306 ut
1734 271 1845 307 mtto
1874 272 2040 319 ainplius
2080 284 2177 320 opus
2205 272 2249 306 sit
2278 270 2425 307 sacrifi-

1308 328 1391 364 cio.
1421 326 1520 363 'Natu
1550 325 1591 362 S.
1623 322 1760 360 Paulus
1793 323 1909 359 llehr.
1929 323 1979 359 Χ.
2017 335 2074 360 ιο.
2105 337 2181 374 ³⁶¹1·
2212 324 2258 360 de
2285 323 2425 361 Christi

1309 379 1501 417 sacrificio
1529 390 1661 429 agens,
1704 374 1956 427 Smetz'jt‘cati
1990 388 2147 422 narnus,
2180 377 2325 427 iuquit.
2356 388 2426 427 per·

1307 431 1546 470 oblationem
1591 432 1764 478 corporis
1792 427 1884 465 Jesu
1916 427 2056 463 &lirim
2100 431 2249 465 semet.
2299 428 2349 466 Et
2382 442 2423 466 o-

1309 486 1414 522 mnis
1442 484 1598 537 quidem
1627 480 1823 520 Sacerdos
1851 491 1996 529 praesto
2025 489 2081 516 est
2112 491 2212 529 quota
2230 481 2279 517 lie
2309 486 2425 520 ming·-

1308 548 1470 585 strans,
1513 539 1563 578 (θ’
1592 535 1758 574 easdem
1789 547 1894 582 ωερε
1924 531 2097 581 offerens
2130 532 2275 569 hostias
2296 563 2306 580 ,
2335 548 2424 583 quoe

1308 605 1519 641 Nllllsluclln,
1547 597 1706 640 POSSUIIC
1738 586 1901 637 differre
1942 594 2110 637 pUCCss-[tl-
2128 612 2138 622 0
2184 584 2261 621 IIIC
2290 598 2425 623 (lttterlz

1307 659 1433 682 unam
1461 657 1531 694 pro
1573 647 1751 692 peccatis
1791 639 1966 688 offerens
2008 638 2210 683 hostiam,
2254 641 2293 674 in
2324 652 2426 676 sesa-

1305 709 1503 749 paternum
1532 696 1640 734 sedec
1669 695 1723 733 acl
1752 694 1965 732 dexteram
1997 691 2073 730 Det
2096 718 2167 729 .....
2197 690 2289 728 Una
2319 698 2426 729 enlm

1305 751 1504 789 oblatione
1517 753 1759 788 consumavit
1778 753 1818 786 in
1835 751 2118 797 sempiternum
2140 744 2426 796 sanctificatos.

1363 806 1452 851 504.
1487 805 1702 856 Ιίεςρ.οιιιη
1733 803 1774 839 S.
1805 801 1955 839 'l'homa
1980 802 2016 838 5.
2035 801 2074 838 Ρ.
2104 799 2322 852 quaest-83.
2357 808 2427 837 art.

1311 871 1344 896 ι.
1375 859 1421 896 ad
1458 872 1519 906 t.,
1563 856 1785 907 Apostolum
1830 854 1934 906 loqui
1978 855 2027 892 de
2068 853 2257 892 sacrificio
2285 851 2427 890 Christi

1307 920 1483 958 cruento,
1511 912 1611 963 quod
1627 908 1797 947 oblatum
1830 909 1900 945 suit
1932 909 1969 945 iu
2000 921 2063 944 ara
2093 909 2238 951 crucis3
2268 905 2302 942 8c
2324 906 2427 958 quod

1306 978 1395 1002 cum
1426 964 1570 1003 insumi
1599 963 1741 1001 valoris
1769 965 1841 1008 sit,
1884 962 2030 998 nonnisi
2059 960 2175 996 semel
2204 958 2330 997 offerri
2361 960 2426 997 de-

1307 1016 1449 1055 bebat.
1493 1018 1574 1055 t-toc
1604 1026 1730 1054 autem
1761 1029 1835 1052 nou
1864 1014 2030 1051 excludit
2060 1014 2298 1050 incruentum
2331 1012 2426 1050 Mis-

1305 1085 1356 1108 sae
1397 1070 1662 1117 sacrificium,
1705 1070 1806 1120 quod
1834 1067 2006 1104 Christus
2047 1067 2233 1112 instituit,
2275 1064 2308 1101 8:
2338 1065 2427 1104 sieri

1303 1126 1490 1174 praecepit
1521 1126 1559 1160 iu
1577 1125 1634 1160 sui
1651 1122 2075 1159 commemorationem.
2106 1118 2218 1156 Porro
2248 1120 2427 1157 incruen-

1305 1186 1340 1212 ta
1373 1176 1476 1214 illius
1519 1175 1731 1221 sacrificii,
1773 1174 1873 1225 quod
1902 1173 2073 1210 Christus
2119 1173 2159 1209 iu
2202 1185 2314 1209 cruce
2342 1171 2426 1209 Deo

1304 1228 1405 1266 Patri
1434 1228 1605 1276 obtulit,
1655 1229 1828 1279 repetitio
1856 1227 1954 1263 sacta
1983 1240 2005 1262 a
2035 1224 2328 1273 Sacerdotibus,
2370 1234 2426 1261 to-

1307 1291 1384 1319 tam
1415 1280 1627 1319 efficaciam
1658 1280 1771 1318 trahit
1799 1294 1821 1316 a
1840 1287 1998 1315 cruento
2028 1276 2096 1313 illo
2123 1277 2311 1314 sacrificio
2339 1291 2427 1314 cru-

1308 1337 1392 1373 cis:
1439 1335 1692 1386 quamobrem
1722 1347 1809 1371 vere
1837 1329 2037 1382 Apostolus
2065 1330 2190 1366 dixit.
2230 1328 2426 1368 Christum

1307 1402 1390 1426 una
1410 1389 1606 1426 oblatione
1620 1397 1927 1425 consummasse
1954 1386 1995 1420 in
2024 1386 2310 1432 sempiternum
2331 1396 2425 1420 san·

1305 1441 1532 1494 ct1'ficatos‚
1574 1456 1637 1480 seu
1668 1438 1955 1478 sanctificandos
1976 1462 1987 1474 .
2032 1436 2090 1474 De
2119 1445 2193 1473 tota
2223 1435 2294 1473 hac
2322 1436 2423 1473 diffi-

1306 1495 1470 1541 cultate,
1508 1509 1625 1547 quam
1657 1493 1785 1531 multis
1816 1491 1938 1529 modis
1965 1491 2141 1536 variant,
2182 1498 2296 1540 atque
2323 1488 2424 1538 obji-

1305 1550 1407 1585 ciunt
1437 1548 1655 1585 C·1lviuistae
1678 1576 1688 1594 ,
1717 1560 1761 1583 ac
1792 1544 1998 1582 Lutheraui
2017 1572 2028 1589 ‚
2057 1541 2256 1592 legendum
2287 1554 2426 1579 consu-

1305 1600 1341 1638 lo
1371 1600 1519 1639 Melch.
1548 1602 1696 1638 Canum
1728 1598 1817 1636 Lib.
1839 1596 1920 1634 ΧΗ.
1953 1595 2016 1633 De
2043 1596 2138 1632 locis
2179 1594 2293 1632 theol.
2335 1608 2424 1645 cap.

1311 1668 1398 1702 12.,
1429 1655 1494 1692 ubi
1524 1655 1570 1691 de
1598 1652 1786 1691 sacrificio
1815 1650 1944 1689 altaris
1975 1648 2190 1700 eleganter,
2220 1662 2264 1686 ac
2295 1649 2423 1699 copio-

1302 1721 1340 1748 se
1369 1709 1543 1745 disserit.

1358 1763 1449 1800 505.
1481 1761 1588 1799 Absit
1616 1768 1743 1798 autem
1765 1788 1777 1806 ,
1815 1766 1855 1795 ut
1884 1768 2114 1803 vereamur,
2144 1753 2215 1791 hcc
2245 1755 2424 1792 incruen-

1300 1824 1337 1852 to
1352 1816 1479 1853 altaris
1495 1814 1685 1852 sacrificio
1707 1810 1990 1849 intolerabilem
2006 1808 2293 1846 contumeliam
2314 1807 2422 1845 Clari-

1299 1877 1361 1905 sto
1388 1872 1588 1920 irrogari,
1616 1876 1655 1904 ut
1685 1867 1826 1903 furiose
1853 1862 2041 1900 declamat
2069 1862 2254 1899 Calvinus
2282 1864 2297 1910 (
2327 1861 2419 1899 Lib.

1301 1921 1369 1959 IV.
1399 1920 1527 1958 Instit.
1549 1935 1635 1970 cap.
1665 1919 1723 1956 18.
1742 1919 1756 1966 )
1776 1948 1785 1966 ,
1815 1919 1922 1969 quasi
1945 1917 2077 1953 zeterni
2095 1915 2298 1952 Sacerdotii
2322 1927 2422 1966 pree-

1299 1977 1465 2026 rogativa
1499 1973 1554 2011 illi
1597 1973 1840 2023 abripiatur,
1883 1970 1975 2007 dum
2015 1968 2082 2006 alii
2113 1968 2311 2005 Sacedotes
2338 1981 2422 2005 suc-

1298 2040 1481 2074 cessores,
1512 2026 1545 2063 8<
1568 2026 1701 2064 vicarii
1732 2026 1805 2076 ipsi
1836 2023 2116 2074 subrogantur.
2147 2021 2228 2059 Hoc
2257 2023 2357 2058 euim
2382 2023 2422 2059 in

1297 2080 1386 2117 Vet.
1426 2080 1599 2118 Testam.
1642 2078 1785 2116 idcirco
1826 2076 1911 2115 fieri
1960 2076 2166 2128 oportuisse
2206 2073 2420 2122 observat,

1294 2135 1415 2185 quia,
1460 2143 1497 2171 ut
1528 2133 1654 2185 inquit
1687 2129 1886 2183 Apostolus
1927 2127 2033 2167 laud.
2071 2129 2182 2180 epist.
2211 2141 2299 2178 cap.
2330 2127 2415 2165 Vll.

1297 2187 1362 2226 25.
1376 2217 1386 2236 ‚
1404 2196 1531 2224 morte
1548 2184 1849 2234 prohibebantur
1868 2195 2108 2234 permanere
2124 2210 2135 2230 ‚
2164 2179 2334 2219 Christus
2350 2193 2418 2217 au-

1294 2248 1370 2278 tem
1402 2249 1532 2278 manet
1563 2242 1601 2278 in
1632 2249 1817 2276 aeternum
1836 2263 1848 2274 .

1349 2293 1440 2331 506.
1473 2292 1612 2331 Futilis
1638 2292 1740 2328 enim
1784 2291 1870 2327 haec
1897 2287 2050 2326 calvini
2093 2285 2258 2336 objectio
2286 2286 2326 2322 in
2357 2285 2419 2323 fu-

1292 2360 1401 2384 mum
1432 2346 1537 2393 abit,
1582 2347 1611 2382 si
1645 2342 1908 2380 tantummodo
1937 2339 2178 2377 recordemur
2214 2339 2338 2376 divini
2369 2338 2417 2376 il-

1290 2399 1366 2437 lius
1395 2399 1586 2437 mandati:
1617 2395 1705 2433 Hoc
1721 2395 1859 2446 jacite
1878 2398 1920 2430 in
1950 2405 2086 2430 meam
2116 2404 2413 2430 commemora-

1290 2457 1470 2490 tionem.
1509 2451 1618 2488 Uude
1662 2450 1788 2486 verius
1835 2447 1904 2499 ipsi
1935 2446 2230 2483 sacramentarii
2274 2458 2414 2496 magna.

1289 2505 1483 2542 Christum
1515 2503 1656 2549 injuria
1686 2501 1885 2548 afficiunt,
1913 2500 2006 2537 dum
2029 2498 2099 2537 hoc
2115 2499 2288 2536 divinum
2311 2512 2417 2550 prze-

1291 2567 1444 2609 ceptum
1475 2550 1637 2602 tollunt,
1683 2564 1855 2606 negantes
1883 2565 1990 2605 posse
2018 2551 2252 2590 sacrificium
2284 2550 2378 2589 illud
2398 2582 2410 2601 ,

1291 2611 1390 2662 quod
1422 2611 1502 2660 ipse
1531 2611 1569 2646 in
1585 2610 1787 2646 novissima
1816 2621 1927 2645 coena
1949 2605 2051 2643 Patri
2079 2603 2216 2646 obtulit
2237 2635 2248 2652 ,
2277 2604 2415 2643 Sacer·

1292 2663 1443 2701 dotibus
1467 2661 1733 2715 Apostolorum
1761 2664 1777 2712 (
1809 2673 1884 2699 nou
1912 2658 2054 2698 Christi
2084 2660 2100 2708 )
2129 2658 2411 2697 successoribus

1291 2717 1331 2754 iu
1361 2717 1480 2767 ipsius
1507 2715 1908 2754 commemorationem
1941 2714 2052 2751 lieri.
2098 2711 2176 2750 Ubi
2207 2713 2321 2749 etiam
2350 2712 2411 2749 di-

1289 2768 1450 2821 ligenter
1491 2768 1770 2807 observandum
1809 2777 1861 2805 est
1891 2780 1978 2805 cum
2009 2765 2114 2804 laud.
2156 2765 2198 2804 S.
2226 2763 2378 2803 Thoma
2400 2795 2412 2815 ‚

1291 2834 1372 2874 post
1391 2825 1641 2873 Augustulum
1660 2851 1670 2868 ‚
1699 2822 2011 2872 Chrysostomum
2030 2849 2041 2867 ,
2070 2818 2242 2870 aliosque
2263 2818 2410 2866 Patres,

1290 2875 1509 2914 Sacerdotes
1537 2886 1703 2913 sanctam
1723 2904 1734 2922 ‚
1764 2874 1797 2910 δι
1826 2874 2000 2911 divinam
2028 2872 2187 2910 hostiam
2218 2873 2258 2910 in
2287 2873 2414 2910 nomi-

1289 2943 1367 2977 ne,
1415 2929 1448 2965 8<
1478 2931 1515 2967 iu
1553 2942 1712 2981 persona
1755 2928 1886 2965 aeterni
1917 2926 2131 2964 Sacerdotis
2157 2924 2296 2963 Christi
2335 2927 2409 2963 im·-

1288 2983 1460 3029 molare3
1506 2985 1631 3034 itaque
1672 2981 1998 3034 quemadmodum
2030 2981 2067 3017 in
2097 2980 2225 3030 primo
2252 2977 2322 3016 illo
2349 2992 2407 3016 sa-

1286 3036 1438 3075 crificio
1465 3035 1569 3074 idem
1597 3035 1671 3085 fuit
1695 3033 1918 3080 Sacerdos,
1945 3034 1996 3074 <9⁶
2025 3031 2152 3070 hostia
2169 3061 2180 3080 ,
2210 3033 2260 3070 ita
2289 3033 2327 3069 in
2348 3045 2405 3069 sa-

1288 3090 1438 3128 crificio
1478 3083 1607 3127 altaris
1649 3086 1941 3139 quodammodo
1984 3086 2089 3124 idem
2118 3094 2169 3124 est
2197 3085 2403 3172 Sacerg‘os,

1292 3226 1412 3259 tulisse
1429 3248 1439 3266 ,
1464 3238 1504 3259 ac
1528 3224 1668 3259 demum
1696 3224 1831 3259 nonnisi
1857 3224 1976 3270 paucis
1991 3220 2310 3271 contradicent-ibus
2329 3228 2405 3250 sen-

1291 3273 1438 3306 tentiam
1454 3273 1686 3306 affirmantem
1699 3275 1806 3306 tuisse
1823 3280 2018 3305 ceterorum
2036 3280 2122 3314 pene
2145 3276 2300 3302 omnium
2325 3273 2404 3296 con-

1290 3327 1392 3354 sensu
1416 3319 1600 3364 probatam
1616 3341 1625 3351 .
