2605 3624
765 103 844 146 DE
881 100 1068 144 PRAES.
1100 100 1283 144 REALI
1317 101 1402 144 EX
1438 101 1756 146 PATRIBUS.
2299 107 2358 154 43

106 199 175 239 psa
203 189 279 226 uon
308 186 435 230 sumi3
462 196 551 223 nam
583 181 712 219 ''Pi-act.
735 180 837 217 ΗΧ.
869 184 907 218 iu
937 180 994 218 Jo.
1028 181 1221 230 Apostolos

104 252 299 292 opponens
311 240 420 278 Judae
450 238 524 275 ait:
553 234 614 272 Illi·
635 232 940 271 manducabant
968 246 1118 283 panem
1140 231 1221 269 l)o-

105 297 290 340 minum,
326 291 391 330 ille
418 302 568 340 panem
600 286 762 325 Domini
792 297 936 326 contra
965 285 1220 324 Dominum:

103 347 160 384 illa·
179 349 302 383 vitam
317 373 329 392 ,
357 343 422 381 ille
436 354 596 394 poenam
612 367 623 378 .
657 340 811 390 Quarto
828 370 838 386 ,
870 342 909 377 iu
925 339 1022 378 Psal.
1046 338 1220 377 XCVlll.

101 399 295 436 Christum
324 398 379 434 sic
409 393 626 449 loquentem
658 394 824 432 inducit:
867 393 1132 441 Spiritualiter
1161 406 1220 430 m-

104 451 290 501 teHIgite,
335 448 438 500 quod
473 450 621 487 locutus
662 460 748 485 sum
768 462 783 492 ;
829 459 909 483 non
939 445 1007 483 huc
1051 459 1218 494 corpus,

99 503 203 553 quod
228 501 362 540 videtis
379 531 390 551 ,
429 501 712 541 manducaturi
755 505 847 537 extis
871 530 880 547 ‚
918 501 967 539 (90
995 498 1143 536 bibituri
1173 500 1217 536 il-

100 557 182 594 lum
211 556 452 608 sanguinem
470 586 481 604 ,
511 569 626 606 quem
644 554 787 604 fusuri
806 562 894 590 sunt
913 583 923 601 ,
953 556 1016 604 qui
1038 566 1100 590 me
1129 566 1217 590 cru·

78 601 134 646 'ci
165 618 289 660 gent.
337 608 652 648 Sacramentum
684 606 840 657 aliquod
869 605 970 644 volvis
1012 619 1216 643 commen-

99 661 191 700 davi
210 675 223 698 .·
271 666 529 710 spiritualiter
570 662 812 700 intellectum
860 658 1066 712 vivificabit
1115 673 1178 697 ros
1204 685 1214 697 .

100 714 248 765 Quinto
280 715 366 754 Lib.
395 727 525 754 contra
556 715 740 754 Faustum
771 728 856 764 cap.
880 727 942 750 αι.
988 712 1120 764 Ilujns
1148 726 1215 750 sct-

96 768 238 820 crtficii
255 797 266 816 ,
297 768 443 820 inquit,
472 782 597 816 caro,
625 769 675 808 (³)
703 771 914 817 sanguinis
943 776 1040 804 ante
1069 766 1214 804 adt-en·

98 831 183 858 tum
216 820 355 860 Christi
382 835 452 873 per
493 826 743 860 victimarum
790 818 1088 856 similitudinem
1128 833 1215 868 pro·

97 873 327 913 mittebatur
343 889 357 919 ,-
402 889 442 913 ιη
471 879 657 925 passione
689 872 830 910 Christi
859 885 927 922 per
956 876 1086 919 ipsam
1117 876 1215 909 veri-

98 937 227 966 tatem
255 927 517 966 reddebatur:
545 936 629 977 post
649 939 863 963 ascensum
889 924 1031 962 Christi·
1050 938 1118 972 per
1139 925 1215 963 Sa-

95 989 350 1019 cramentum
379 985 587 1018 memorioe
613 978 856 1016 celebratur.
887 977 1064 1015 Demum
1096 979 1132 1015 in
1166 978 1215 1015 E-

97 1035 184 1086 pist.
203 1032 318 1071 CCV.
348 1034 577 1084 respondens
604 1033 830 1078 Consentio,
870 1033 937 1082 qui
982 1045 1069 1068 eum
1102 1033 1216 1069 inter-

95 1095 320 1137 rogaverat,
349 1095 478 1123 utrum
510 1098 615 1123 nunc
639 1083 786 1135 Corpus
816 1084 982 1122 Domini
1011 1097 1104 1121 ossa
1125 1114 1136 1131 ,
1165 1085 1215 1125 Εἰ)

47 1138 52 1142 ’
93 1142 335 1191 sanguinem
364 1138 532 1188 habeat,
563 1147 634 1177 aut
654 1139 806 1188 reliqua
835 1141 971 1175 carnis
991 1138 1214 1175 lineamen-

95 1201 140 1230 ta
161 1191 185 1229 ?
215 1193 412 1244 rospundet
428 1207 438 1239 ;
467 1192 558 1246 Ego
586 1191 752 1230 Domini
785 1191 932 1241 Corpus
961 1196 1019 1228 ita
1048 1196 1089 1228 in
1118 1191 1213 1228 coelo

93 1258 181 1284 esse
209 1245 352 1295 credo,
395 1255 436 1284 ut
465 1256 554 1285 erat
583 1250 624 1284 in
653 1255 762 1283 terra
781 1275 791 1292 ,
834 1258 941 1295 quan
958 1244 994 1281 lo
1032 1244 1213 1282 ascendit

92 1302 136 1337 in
163 1300 328 1338 coelum.
358 1299 486 1339 Postea
506 1299 656 1339 subdit:
685 1297 775 1336 Nisi
791 1298 904 1349 ⁴forte
934 1297 982 1336 <le
1013 1302 1213 1350 sanguine

92 1352 373 1401 requirendum
403 1363 486 1402 est,
533 1357 627 1404 quia
655 1365 746 1390 curn
784 1351 978 1389 dixisset:
1015 1352 1179 1403 palpate
1199 1382 1212 1400 ,

93 1407 144 1446 (9⁶
164 1405 287 1443 ridete
314 1410 409 1458 qut'a
436 1411 593 1457 spiritus
622 1419 789 1444 carnem
808 1435 818 1453 ,
847 1407 897 1446 <9¹
916 1418 1010 1444 ossa
1039 1419 1118 1443 non
1140 1404 1213 1443 Iza-

92 1456 154 1497 bet
175 1490 186 1507 ,
216 1473 297 1496 non
325 1459 477 1498 addidit
505 1464 776 1512 sanguinem;
804 1473 848 1496 ac
869 1458 1085 1497 concludit:
1115 1457 1211 1496 Non

92 1524 190 1564 ergo
216 1513 266 1552 ὅ)
295 1525 367 1550 nos
403 1513 606 1551 actitamus
635 1516 858 1563 inquirere,
897 1511 999 1563 quoi
1036 1512 1101 1550 ille
1130 1525 1213 1548 non.

89 1564 243 1603 addidit
271 1565 402 1604 dicere
420 1581 435 1611 ,·
463 1570 512 1608 (9-
541 1566 590 1605 ‹le
618 1565 852 1617 compendio
874 1596 884 1614 ,
913 1569 948 1603 si
976 1566 1106 1617 placet
1123 1595 1133 1610 ,
1150 1565 1212 1618 fi-

88 1622 178 1656 nita
206 1623 255 1657 sit
281 1624 475 1670 quaestt'o.
504 1619 546 1659 Si
565 1630 691 1659 autem
721 1620 938 1658 credidisset
957 1620 1210 1669 Augustinus,

89 1673 223 1710 vinum
253 1674 293 1711 iu
321 1675 545 1725 sanguinem
587 1674 854 1719 transmutari,
899 1686 974 1709 non
1007 1672 1212 1710 haesitasset

88 1726 341 1777 respondere,
374 1728 411 1763 in
438 1726 578 1764 Christi
607 1739 764 1778 corpore
792 1726 1017 1775 sanguinent
1046 1739 1122 1762 esse
1144 1750 1155 1763 .

147 1777 238 1824 264.
269 1778 381 1829 Resp.
410 1779 459 1817 ad
486 1782 682 1830 primum,
721 1778 763 1816 S.
793 1779 1044 1829 Augustiuum
1075 1778 1209 1830 appel·

86 1829 171 1868 lare
201 1831 481 1870 Eucharistiam
525 1837 683 1884 signum
711 1833 889 1882 Corporis
918 1831 1085 1880 Christi,
1133 1845 1208 1870 nou

89 1883 281 1931 absentis,
324 1885 386 1923 sed
416 1888 632 1937 praesentis:
680 1899 769 1923 nam
801 1886 840 1922 in
869 1885 1000 1922 eodem
1032 1885 1115 1922 loco
1142 1900 1210 1936 ap·

86 1935 204 1988 pellat
242 1940 354 1976 etiam
397 1939 620 1989 sanguinem
663 1939 813 1988 signum
862 1940 1034 1986 animae,
1079 1939 1209 1988 utique

85 1993 314 2041 praesentis,
344 2003 419 2028 non
449 1993 640 2029 absentis.
683 1993 931 2042 Quamquam
964 1991 1026 2028 hic
1055 1990 1097 2028 S.
1126 1991 1208 2029 Do-

85 2051 166 2080 ctor
193 2044 240 2080 de
267 2044 516 2082 Sacramento
543 2043 800 2082 Eucharistiae
829 2056 875 2080 ex
919 2045 1087 2095 professo
1128 2056 1205 2081 nou

84 2097 190 2147 agit,
220 2105 420 2149 propterea
447 2109 543 2148 opus
571 2110 643 2135 nou
673 2096 831 2144 habuit,
862 2110 941 2134 rem
971 2096 1114 2137 clarius
1144 2109 1207 2134 ex-

84 2150 269 2201 planandi
288 2175 299 2188 .
328 2150 442 2198 Quod
470 2150 622 2189 additur
651 2151 689 2188 in
718 2150 961 2202 objectione,
990 2163 1062 2188 nou
1084 2150 1207 2188 'estad

83 2213 189 2248 rem3
217 2213 317 2241 certe
345 2205 450 2242 enim
480 2203 654 2251 ludicra,
684 2203 718 2240 8(
750 2206 875 2254 inepta
903 2212 995 2241 esset
1025 2203 1130 2242 illius
1152 2202 1206 2240 lo·

85 2256 217 2302 cutio,
245 2258 313 2307 qui
333 2255 381 2293 de
407 2256 517 2294 da'nte
545 2257 879 2304 aurum,diceret,
908 2269 989 2293 non
1019 2255 1206 2293 dubitarit

84 2319 233 2345 aurum
269 2309 505 2359 appellare,
548 2308 650 2359 quod
679 2308 832 2346 dabat:
879 2322 1014 2346 verum
1058 2308 1206 2348 ludicra

83 2373 160 2399 nou
188 2371 281 2399 esset
310 2361 391 2400 haec
420 2361 498 2400 alia
527 2361 693 2410 locutio,
722 2363 753 2401 si
783 2371 936 2399 externa
966 2362 1109 2413 species
1137 2376 1205 2400 au-

82 2425 172 2452 rum
202 2417 325 2466 reipsa
353 2429 429 2454 non
458 2425 774 2467 repraesentaret,
810 2416 873 2453 sed
904 2416 1026 2466 potius
1054 2415 1204 2454 occule-

85 2477 168 2513 ret3
210 2477 299 2507 tuuc
327 2471 430 2506 enim
460 2479 559 2507 recte
600 2469 676 2507 dici
708 2478 851 2521 posset:
893 2467 988 2506 „Non
1017 2467 1203 2506 (habitavit

83 2532 230 2558 aurum
248 2522 453 2573 appellare
467 2551 478 2570 ,
497 2521 599 2574 quod
619 2520 768 2560 dabat.
797 2524 895 2560 Cum
918 2524 1047 2573 itaque
1067 2535 1202 2560 verum

83 2573 229 2624 Corpus
254 2574 396 2613 Christi
437 2575 508 2614 sub
550 2586 704 2614 externa
745 2579 871 2628 specie
919 2577 1028 2626 panis
1056 2574 1201 2623 lateat,

83 2627 276 2674 aptissime
303 2628 508 2665 affirmavit
537 2643 694 2681 magnus
709 2629 878 2678 Doctor,
904 2629 1099 2666 Christum
1121 2642 1203 2666 non

84 2676 286 2716 dubitasse
311 2679 471 2718 dicere:
510 2680 600 2718 Hoc
628 2691 685 2720 est
718 2682 866 2733 Corpus
895 2696 1030 2720 meum
1049 2709 1060 2719 .
1090 2683 1202 2729 Quod

82 2739 213 2769 autem
245 2732 441 2784 Apostolus
457 2733 648 2772 Christum
681 2737 871 2773 vocaverit
899 2745 1086 2785 petram,
1117 2735 1202 2774 nul·

84 2782 169 2821 lum
200 2784 347 2822 facessit
388 2788 608 2836 negotium,
654 2801 743 2825 cum
771 2789 908 2826 obvius
954 2800 1044 2827 esset
1073 2803 1202 2827 seusus

83 2839 272 2888 mysticus
313 2837 347 2874 ἃ
390 2837 600 2889 figuratus.
641 2840 752 2878 Unde
790 2843 1022 2891 Augustinus
1070 2842 1202 2880 ΤΙ-ειη.

85 2889 152 2929 26.
183 2891 222 2928 iu
249 2889 387 2929 Joann.
415 2890 566 2940 Petra,
596 2894 745 2945 inquit,
792 2893 965 2933 Christus
993 2900 1034 2932 in
1063 2899 1202 2948 signo:

86 2955 201 2982 verus
232 2941 407 2981 Christus
434 2948 476 2981 in
517 2945 652 2995 verbo,
692 2947 745 2987 <9⁶
784 2959 937 2987 carne.
981 2948 1072 2987 Vid.
1115 2963 1202 3002 sup.

81 3010 197 3036 nuni.
229 2996 319 3042 214.

139 3050 233 3089 265.
265 3051 435 3088 Alterum
464 3049 505 3088 S.
534 3049 654 3089 Patris
699 3053 955 3091 testiinonium
984 3067 1031 3092 ex
1058 3054 1201 3094 Enarr.

81 3103 127 3144 in
147 3102 246 3142 Psal.
265 3104 332 3145 ΙΙΙ.
348 3133 362 3153 ‚
389 3107 486 3143 sicut
505 3103 541 3141 ἃ
559 3104 648 3142 aliae
677 3103 823 3143 similes
850 3106 1015 3145 aliorum
1044 3106 1199 3146 Patrum

134 3285 183 3321 (a)
205 3283 287 3317 Viri.
312 3284 349 3318 P.
376 3284 487 3319 Mich.
515 3285 697 3328 Le—Quien
723 3285 756 3318 in
784 3292 854 3318 not.
881 3283 924 3317 ad
957 3283 1052 3318 hunc
1077 3285 1198 3321 tnenm

86 3326 318 3374 Damasceni,
349 3334 382 3367 δε
405 3332 486 3368 Nic.
521 3331 568 3367 da
594 3333 745 3369 Mortier
778 3332 906 3368 Cleric.
943 3332 1069 3378 Regu'.
1093 3333 1200 3367 Mini-

1291 180 1498 217 locutiones
1528 181 1640 216 facile
1660 180 1900 230 explicantur
1918 210 1929 227 ,
1957 179 2057 232 quod
2079 178 2320 219 Eucharistia
2349 181 2408 218 ‹li-

1290 244 1424 280 catur,
1454 232 1487 268 8<
1518 232 1747 283 sitjigura,
1775 235 1824 272 Φ
1854 238 2010 284 signum
2031 235 2208 284 Corporis
2238 234 2406 282 Christi,

1289 296 1474 339 quantum
1504 286 1549 322 atl
1580 296 1750 322 externas
1779 288 1920 335 speeie?
1938 316 1948 333 ,
1977 300 2063 336 quae
2088 288 2256 325 sensibus
2285 288 2407 337 subji-

1288 341 1474 383 ciuntur3
1503 338 1565 375 cui
1597 346 1723 374 tamen
1742 338 1916 390 figurae,
1947 339 1995 377 (9¹
2024 353 2137 387 signo
2168 342 2292 390 ipsum
2313 342 2406 379 Cor-

1288 406 1359 445 pus
1378 392 1518 430 Christi
1549 390 1796 442 conjunctum
1826 400 1900 428 est.
1932 390 2086 440 Duplex
2115 393 2260 443 quippe
2285 396 2407 443 signo-

1287 459 1396 491 rum,
1426 459 1469 483 ac
1501 445 1712 495 figurarum
1742 457 1857 495 genus
1886 444 2116 493 distinguere
2145 455 2286 495 oportet
2315 461 2406 484 cum

1284 497 1483 537 cardinali
1529 497 1741 534 Petronio:
1795 496 1872 534 alia
1913 497 2018 533 enim
2062 496 2169 545 signa
2211 508 2294 536 sunt
2342 513 2408 538 va-

1285 567 1358 590 cua
1377 583 1386 598 ‚
1429 552 1464 588 &
1494 549 1618 588 solum
1649 551 1816 588 instituta
1845 549 1892 587 ad
1923 562 2003 586 rem
2040 548 2235 585 absentem
2266 565 2408 602 reprae-

1281 605 1503 644 sentandam
1522 633 1533 651 ,
1563 603 1696 655 qualia
1727 604 1879 640 fuerunt
1908 615 2025 652 agnus
2057 600 2271 649 l’aschalis,
2303 618 2406 642 inm-

1283 674 1360 707 na,
1404 668 1509 710 petra
1537 658 1700 704 deserti,
1749 671 1865 708 panes
1895 656 2162 706 propositionis
2191 654 2286 691 &c.:
2330 656 2407 695 alia.

1283 726 1374 751 vero
1402 714 1508 763 signa
1537 720 1623 748 sunt
1654 709 1792 762 plena,
1830 722 1919 762 quae
1949 709 2070 759 ipsam
2104 721 2182 744 rent
2213 708 2408 758 significa-

1281 775 1360 804 tam
1391 765 1570 813 realiter,
1599 778 1837 816 quamquain
1868 761 2140 808 invisibiliter,
2181 762 2220 798 in
2251 775 2289 798 se
2317 775 2408 799 con-

1282 821 1430 857 tinent.
1460 817 1525 856 Sic
1552 816 1735 856 columba
1753 847 1764 864 ,
1793 830 1882 869 quae
1915 816 1950 853 iu
1970 814 2137 852 Jordane
2166 828 2280 865 super
2295 815 2407 853 Chri-

1282 881 1382 911 stum
1413 873 1494 910 visa
1521 880 1600 917 est,
1630 870 1664 907 ἃ
1695 868 1838 922 linguae
1871 870 2016 920 igneae,
2045 881 2134 919 quae
2164 882 2278 918 super
2302 869 2404 920 Apo-

1282 926 1395 964 stolos
1423 925 1697 962 descenderunt
1720 953 1731 971 ,
1761 925 1864 973 signa
1895 931 2029 968 erant,
2058 921 2092 958 ἃ
2123 921 2258 972 figura:
2281 922 2407 973 Spiri-

1283 988 1340 1016 tus
1369 979 1520 1026 sancti,
1550 978 1700 1016 latentis
1729 976 1887 1028 quidem
1905 1005 1915 1023 ,
1945 976 2008 1012 sed
2038 983 2165 1013 tannen
2189 976 2406 1026 praesentis,

1283 1033 1317 1068 ἃ
1346 1031 1567 1082 conjuncti:
1609 1039 1724 1082 atque
1754 1030 1825 1067 hoc
1856 1028 1968 1066 modo
1996 1027 2172 1080 symbola
2203 1029 2339 1079 panis,
2370 1028 2405 1064 8:

1283 1087 1364 1123 vini
1393 1088 1572 1122 dicuutur
1600 1087 1748 1134 signa,
1776 1080 1999 1136 &figurae
2027 1082 2226 1132 Corporis,
2256 1081 2290 1118 &
2310 1081 2410 1119 San-

1281 1139 1408 1190 guinis
1435 1137 1523 1175 Jesu
1552 1135 1720 1183 Christi,
1763 1148 1839 1172 non
1868 1135 2116 1182 absentium,
2162 1135 2228 1173 sed
2256 1135 2404 1173 ibidem

1281 1192 1531 1243 praesentium
1555 1219 1565 1237 ,
1595 1189 1630 1224 ἃ
1657 1188 1862 1226 latentium
1880 1213 1890 1225 .

1339 1243 1430 1282 266.
1458 1244 1550 1282 Dici
1580 1243 1694 1280 etiam
1735 1249 1851 1292 potest
1879 1253 1970 1278 cum
2011 1238 2230 1292 aliquibus,
2271 1254 2407 1279 verum

1279 1296 1420 1335 Christi
1459 1297 1604 1348 Corpus
1647 1293 2041 1341 Sacramentaliter,
2089 1293 2407 1333 &invisibiliter

1279 1352 1322 1389 in
1352 1349 1595 1389 Eucharistia
1635 1355 1857 1386 contentum
1894 1360 1972 1385 esse
2005 1350 2257 1398 imaginem,
2293 1347 2408 1399 figu-

1277 1416 1372 1442 ram
1390 1434 1401 1452 ,
1444 1413 1607 1456 typum,
1636 1402 1686 1442 (9¹
1714 1404 1876 1453 signum
1904 1401 1963 1438 sui
1994 1399 2114 1452 ipsius
2143 1400 2214 1438 sub
2242 1399 2319 1438 alio
2349 1415 2407 1438 re-

1277 1468 1431 1508 spectu3
1461 1469 1600 1507 nempe
1619 1465 1806 1506 quatenus
1835 1452 1927 1491 olim
1951 1454 1989 1490 in
2019 1460 2127 1489 statu
2155 1453 2407 1490 naturalivi-

1280 1511 1440 1549 debatur
1471 1511 1509 1547 in
1537 1510 1644 1546 terris
1662 1537 1672 1555 ,
1702 1507 1864 1544 &niodo
1893 1506 2079 1557 gloriosus
2108 1505 2207 1542 se-‘lct
2238 1506 2283 1543 ad
2313 1507 2406 1544 dex-

1278 1573 1400 1602 teram
1438 1564 1569 1600 aeterni
1601 1561 1745 1608 Patris,
1790 1559 1824 1595 &
1853 1559 1976 1595 oculis
2006 1558 2209 1596 Beatorum
2251 1559 2407 1599 visibilis

1280 1626 1331 1654 est
1363 1619 1400 1654 in
1440 1616 1573 1654 coelis.
1617 1614 1698 1651 Hoc
1727 1626 1836 1651 sensu
1867 1611 1908 1649 S.
1936 1611 1994 1649 Jo-
2026 1611 2286 1649 Damascena,
2314 1613 2406 1651 Lib.

1279 1670 1349 1708 lv.
1380 1670 1443 1708 De
1480 1668 1566 1721 fi‘le
1593 1667 1694 1705 ort¹z.
1723 1681 1810 1718 cap.
1838 1664 2014 1717 ¹3.·h:ec
2056 1664 2190 1703 divina
2221 1668 2403 1717 mysteria

1278 1720 1476 1763 α’ντί-τυτοι
1505 1720 1727 1773 appellabat
1750 1750 1761 1768 ,
1790 1732 1868 1756 non
1899 1717 2001 1769 quod
2029 1730 2117 1755 vere
2150 1717 2292 1755 Christi
2312 1719 2405 1756 Cor-

1275 1788 1347 1824 pus
1365 1805 1374 1821 ‚
1411 1777 1460 1814 <9-
1489 1775 1663 1826 Sanguis
1694 1787 1774 1810 non
1802 1776 1881 1810 sint
1900 1787 1915 1816 ;
1957 1769 2026 1809 seii
2055 1770 2157 1819 quod
2185 1785 2289 1810 nunc
2318 1777 2402 1822 qui-

1277 1827 1598 1866 ‹lefridis-inimus
1617 1827 1759 1864 Christi
1787 1828 2000 1875 participes
2029 1823 2281 1874 efficiamur,
2311 1836 2405 1864 tunc

1276 1891 1414 1919 autern
1444 1883 1710 1934 intelligentia
1739 1893 1807 1930 per
1836 1879 1962 1916 solum
1992 1886 2198 1927 aspectum
2228 1880 2292 1928 (a)
2310 1905 2321 1917 .

1334 1934 1427 1985 267.
1458 1935 1616 1974 Frustra
1637 1943 1764 1971 antem
1793 1932 2027 1970 cavillantur
2052 1931 2272 1970 Albertiuus
2289 1962 2300 1980 ,
2330 1932 2404 1971 La-

1278 1986 1438 2038 Roque,
1468 1988 1614 2040 aliique
1633 1987 1886 2033 Calviuistae,
1916 1985 2108 2033 dicentes,
2127 1984 2316 2038 figuram
2348 2000 2405 2023 re-

1277 2039 1393 2078 lative
1421 2045 1563 2093 opponi
1582 2041 1798 2095 figurato,
1829 2048 1868 2076 ut
1898 2037 2058 2090 proinde
2079 2038 2315 2090 impossibile
2335 2041 2403 2087 sit,

1275 2093 1559 2134 Eucharistiam
1590 2109 1667 2132 esse
1711 2096 1837 2145 ipsum
1867 2093 2008 2130 Christi
2051 2104 2216 2144 corpus,
2259 2094 2288 2131 si
2320 2093 2403 2143 ejus

1275 2148 1322 2185 sit
1352 2148 1475 2199 figura
1492 2164 1507 2194 ‚·
1524 2148 1671 2202 figura.
1699 2149 1803 2185 enim
1823 2177 1834 2195 ,
1864 2158 1946 2183 non
1974 2149 2121 2183 veritas
2139 2176 2149 2193 ‚
2178 2145 2248 2183 seii
2267 2150 2402 2184 imita-

1274 2205 1328 2238 tio
1372 2206 1574 2250 veritatis,
1618 2202 1744 2253 inquit
1773 2201 1814 2238 S.
1845 2200 2085 2238 Gaudentius
2114 2200 2244 2237 Tract.
2279 2200 2327 2236 ll.
2358 2201 2399 2237 in

1276 2254 1481 2292 Exodum:
1526 2255 1560 2291 &
1590 2253 1836 2306 Epiphanius
1867 2253 2061 2289 Diaconus
2092 2253 2129 2289 in
2169 2253 2400 2290 refutatione

1273 2307 1423 2358 Synodi
1446 2308 1788 2347 Icouomachorum
1819 2304 2042 2355 inquiebat:
2072 2304 2114 2340 Si
2144 2307 2280 2354 imago
2310 2318 2396 2342 cor-

1273 2365 1377 2411 poris
1406 2370 1463 2398 est
1481 2392 1491 2408 ,
1521 2374 1601 2398 non
1631 2368 1753 2409 polest
1770 2370 1855 2395 esse
1885 2361 2012 2404 ipsum
2029 2356 2203 2394 (lirinum
2223 2357 2395 2407 Corpus.

1271 2414 1312 2452 Si
1357 2427 1446 2465 ergo
1473 2415 1514 2452 S.
1547 2414 1778 2465 Augustinus
1815 2408 2096 2449 Eucharistiam
2137 2411 2307 2463 appellat
2336 2412 2397 2465 fi-

1269 2479 1417 2517 guram
1435 2497 1445 2515 ,
1474 2469 1562 2508 &a

1328 2520 1421 2558 268.
1452 2521 1609 2558 Frustra
1640 2515 2086 2571 inquam-cavillantur.
2129 2516 2257 2556 Nemo
2284 2518 2398 2571 quip-

1270 2585 1319 2625 pe
1349 2573 1727 2627 ignorat,figuram
1747 2602 1756 2619 ,
1789 2570 2062 2623 utfiguram,
2093 2585 2156 2609 seu
2176 2570 2397 2623 utloquun-

1270 2635 1332 2665 tur
1363 2627 1515 2678 Logici‚
1545 2626 1822 2677 retluplicatise
1850 2634 2042 2675 sumptam
2061 2654 2071 2672 ,
2102 2624 2202 2662 idem
2224 2638 2394 2662 essenon

1269 2694 1376 2732 posse
1404 2694 1494 2717 cum
1525 2679 1706 2732 figurat03
1735 2679 1836 2730 quod
1866 2691 2148 2728 supervacanee
2168 2677 2395 2716 Sacramen-

1269 2734 1357 2771 tarii
1388 2734 1520 2771 multis
1548 2734 1618 2772 SS.
1643 2733 1797 2770 Patrum
1828 2732 2054 2769 testimoniis
2081 2730 2311 2770 confirmare
2339 2732 2396 2769 la-

1269 2787 1433 2832 borant3
1463 2787 1525 2825 sed
1555 2800 1764 2839 :nunquam
1797 2785 1960 2836 probare
1990 2793 2226 2835 potuerunt,
2256 2786 2310 2823 rei
2331 2799 2396 2823 ve·-

1270 2841 1451 2888 ritatem,
1481 2840 1514 2876 &
1545 2841 1789 2892 praesentiam
1819 2835 1933 2875 simul
1964 2849 2052 2874 cum
2084 2838 2209 2889 figura
2238 2839 2309 2877 sub
2337 2838 2395 2876 di-

1271 2907 1379 2932 verso
1421 2903 1590 2946 respectu
1620 2907 1694 2932 non
1724 2905 1830 2945 posse
1858 2891 2016 2942 reperiri
2039 2917 2050 2928 .
2093 2893 2195 2930 Sane
2223 2893 2394 2931 Christus

1269 2947 1487 2996 Dominus,
1530 2948 1685 3000 quando
1715 2947 1754 2983 in
1784 2958 1899 2983 cruce
1928 2944 2097 2995 pendens
2139 2945 2276 2984 latroni
2306 2958 2395 2997 pro-

1268 3003 1375 3040 misit
1406 3002 1647 3052 paradisum,
1685 3001 1780 3053 jam
1808 2995 2068 3051 significabat
2089 3029 2100 3046 ,
2129 2999 2231 3051 quod
2246 2999 2389 3052 sactu-

1268 3067 1337 3093 rus
1365 3064 1467 3092 esset
1504 3054 1551 3094 de
1579 3058 1697 3102 viris,
1739 3054 1789 3093 (9⁰
1819 3056 2012 3100 mortuis,
2054 3053 2155 3091 alios
2196 3057 2389 3103 positurus

1267 3107 1326 3147 ad
1351 3107 1565 3148 dexteram
1581 3139 1594 3159 ,
1622 3109 1724 3147 alios
1751 3105 1809 3145 ad
1835 3109 2046 3144 sinistram
2066 3136 2078 3156 ,
2107 3107 2287 3159 inquitS.
2311 3108 2387 3143 Λιι-

2260 3172 2330 3209 gil·

1265 3289 1455 3325 sti-antium
1492 3289 1665 3332 infirmiS‚
1702 3289 1738 3324 in
1771 3287 2005 3334 Ery-molegio
2043 3296 2141 3319 sacra
2177 3279 2383 3317 Gneo-La·

1264 3339 1361 3372 tina.
