2605 3624
880 107 959 150 DE
995 107 1326 150 SACRIFICIO
1362 109 1597 155 MISSAE.
2277 126 2322 165 81

94 198 179 229 ctus
199 190 269 229 &c.
312 188 398 227 Huc
426 198 578 239 quoqne
607 193 773 237 spectare
807 184 983 222 videntur
1016 200 1059 222 ea
1098 185 1206 233 loca,

89 245 129 281 in
160 244 298 295 quibus
330 240 525 293 Apostoli,
568 238 601 274 8(
632 237 761 275 fideles
791 240 1000 288 congregati
1033 239 1209 276 dicuntur

93 297 138 334 ad
157 295 411 348 fractionem
438 294 577 341 panis,
609 300 646 327 ut
678 294 759 329 Act.
780 291 857 335 ll.,
888 290 920 325 &
938 290 1055 336 XX.;
1086 293 1209 328 nomi-

91 362 138 387 ne
166 351 265 387 enim
281 346 506 399 fractionis
546 347 666 394 punis
707 345 941 382 sacrificium
971 343 1206 382 Eucharisti-

90 414 178 440 cum
209 401 310 438 venit
339 399 432 449 (α).

144 452 237 504 487.
264 452 451 490 confirm.
480 453 608 502 primo
638 450 706 488 hoc
737 460 902 489 nostrum
939 459 1208 502 argumentum

92 519 136 545 εκ
156 506 361 557 Scripturis
391 504 657 555 depromptum
689 518 732 540 ex
763 506 891 542 eodeni
913 504 1088 553 Apostolo
1110 503 1208 541 Pau-

91 558 156 606 lo,
185 560 253 611 qui
284 559 321 596 iu
351 558 459 609 epist.
489 558 533 594 ad
559 557 676 594 Hvbr.
700 556 747 594 V.
769 557 807 595 G.
842 559 887 594 de
915 558 1064 596 Christo
1095 559 1206 594 inter-

90 620 259 664 pretatur
287 625 331 649 ea
360 609 477 649 verba
498 609 556 648 Ps.
576 610 680 648 ClX.
714 608 769 647 Ἰἰι
800 624 840 648 es
861 611 1056 648 Sacerdos
1085 614 1124 647 in
1153 623 1208 646 ce-

88 673 249 703 ternum
269 662 485 703 secundum
505 663 684 701 ordinem
702 663 994 702 Melchisedech
1010 691 1020 701 .
1052 664 1125 701 Hic
1141 677 1208 700 au-

88 727 165 756 tem
198 717 274 756 Rex
303 717 432 756 Salem
454 716 675 754 Abrahamo
706 719 904 754 revertenti
935 733 956 754 a
985 717 1091 755 caede
1111 716 1207 753 Cho-

92 770 337 810 dorlahomor
353 801 364 819 ‚
394 769 427 805 8(
456 772 629 822 quinque
652 769 796 820 Regum
815 801 825 818 ‚
855 771 1010 821 protulit
1030 783 1178 820 panem
1198 800 1209 817 ,

90 826 140 865 <9
169 830 329 872 vinum,
374 825 504 876 utique
534 825 571 860 in
603 823 835 861 sacrificium
866 823 946 860 Deo
984 836 1052 874 pro
1082 835 1209 873 repor-

91 887 168 915 tata
197 880 378 923 victoria;
407 886 495 914 erat
524 879 631 913 enlm
661 875 859 913 Sacerdos
888 875 965 913 Dei
995 877 1209 922 altissimi,

90 941 132 968 ut
159 931 299 970 dicitur
326 932 425 968 Gen.
446 928 553 967 XlV.
582 928 640 966 18.
688 929 767 967 Hoc
810 939 936 966 autem
975 928 1210 965 sacrificium

60 1014 61 1017 η
90 982 373 1022 Melchisedech
405 983 536 1033 panis,
575 981 608 1016 8(
639 983 718 1018 vini
750 982 1056 1019 manifestissima
1087 980 1209 1031 figura

89 1037 162 1074 fuit
192 1036 296 1074 illius
325 1033 529 1081 sacrificii,
559 1034 661 1085 quod
691 1035 728 1070 in
762 1048 884 1084 pane,
914 1034 946 1069 8(
978 1035 1066 1070 vino
1095 1033 1208 1070 Chri-

87 1098 163 1126 stus
191 1088 371 1126 Sacerdos
403 1086 610 1124 secundum
645 1087 819 1123 ordinem
851 1085 1134 1124 Melchisedech
1170 1087 1210 1124 in

86 1153 184 1179 nova
212 1141 294 1192 lege
323 1140 509 1178 instituit.
540 1139 622 1177 Hoc
653 1142 828 1177 unanimi
863 1141 1064 1177 concordia
1093 1152 1208 1190 agno-

87 1203 221 1232 verunt
249 1195 368 1233 sancti
398 1192 551 1240 Patres,
595 1206 758 1245 quorum
789 1194 1000 1231 testimonia
1030 1194 1207 1242 copiosis-

86 1249 185 1287 sime
211 1246 368 1286 collecta
398 1247 503 1284 fuere
532 1260 554 1283 a
573 1245 661 1284 Nat.
685 1246 899 1284 Alexandro
929 1248 967 1284 in
989 1244 1094 1283 Hisc.
1119 1244 1207 1282 Vet.

85 1308 176 1338 test.
207 1300 363 1338 Dissert.
384 1300 452 1338 ΠΙ.
482 1300 521 1337 ἰιι
542 1299 608 1338 llI.
646 1298 787 1337 Mundi
817 1309 966 1337 aetatem
996 1299 1106 1350 Prop.
1139 1298 1207 1336 lV.

86 1352 205 1392 Nobis
233 1353 395 1392 sufficiat
425 1367 524 1391 unus
552 1352 592 1389 S.
615 1351 766 1404 Martyr
792 1354 1036 1404 Cyprianus,
1071 1354 1138 1404 qui
1168 1367 1206 1388 e-

89 1406 336 1456 pisnhxltl.
379 1405 427 1443 [η
456 1405 672 1444 Sacerdote
701 1405 1021 1452 Melchisedech,
1055 1406 1206 1457 inquit,

87 1458 286 1512 SJcrtficii
328 1459 516 1497 dominici
545 1458 857 1496 Sacramentum
900 1458 1208 1510 praefiguratum

86 1511 332 1550 videmusn„
361 1511 450 1550 Fuit
477 1521 613 1550 autem
634 1511 832 1550 Sacerdos
854 1511 931 1550 Dei
959 1516 1128 1560 summi,
1157 1512 1206 1552 (9¹

85 1564 285 1604 benedixit
314 1564 522 1603 Abraham
543 1591 599 1603 ....
641 1563 756 1603 Nam
787 1569 871 1617 quis
902 1570 1034 1618 magis
1062 1565 1206 1603 Sacer-

86 1617 157 1656 dos
200 1617 276 1657 Dec·
311 1622 488 1667 summi,
530 1632 652 1668 quam
682 1618 882 1657 Dominus
918 1629 1052 1657 noster
1092 1618 1206 1656 Jesus

89 1669 284 1721 Christus,
325 1675 392 1723 quc·
417 1673 667 1724 sacrificium
696 1671 784 1710 Deo
814 1672 926 1710 Patri
954 1672 1087 1710 obtulit
1105 1703 1114 1719 ‚
1156 1673 1206 1711 (θ’

85 1723 218 1762 obtulit
247 1724 318 1763 hoc
347 1725 480 1773 idem,
523 1725 624 1774 quos!
653 1724 947 1762 Melchisedech
983 1724 1204 1772 obtulerat,

86 1777 186 1816 idest
215 1791 390 1828 panem,
432 1779 481 1818 (9⁶
509 1782 669 1825 vinum,
710 1791 824 1814 suum
862 1779 1010 1816 scilicet
1039 1790 1204 1826 corpus,

84 1829 425 1883 Θειιηςιιὶηεηι.)
453 1831 502 1869 Et
532 1830 646 1882 paulo
677 1841 755 1881 post
783 1831 972 1879 declarat,
1002 1831 1072 1868 hoc
1102 1832 1205 1868 idem

86 1883 323 1922 sacrificium
351 1883 481 1921 offerri
510 1899 530 1921 a
559 1882 730 1937 quolibet
759 1884 984 1931 Sacerdote,
1021 1886 1089 1935 qui
1127 1887 1206 1921 rice

93 1935 234 1974 Chrc'sti
261 1950 349 1974 rere
363 1936 577 1989 fungitur,
614 1940 679 1986 qui
707 1936 767 1985 id,
809 1937 911 1986 quod
944 1936 1118 1974 Christus
1135 1935 1205 1987 fe-

87 1992 166 2037 cit,
195 1993 401 2037 imitatur,
430 1991 480 2030 (9‘
510 1990 756 2040 sacrificium
777 2003 937 2036 verum,
967 1991 1016 2030 (9¹
1045 1990 1208 2039 plenum

88 2051 182 2085 tunc
211 2041 328 2092 offert
360 2047 402 2081 in
431 2041 619 2080 Ecclesia.
648 2041 736 2079 Deo
765 2042 877 2080 Patri
905 2043 992 2082 &a
1010 2073 1021 2090 ‚
1063 2043 1206 2093 quibus

87 2096 214 2135 verbis
243 2095 341 2135 nihil
371 2095 628 2144 luculentius,
671 2096 713 2145 &J
740 2095 935 2134 efficacius
971 2095 1100 2133 afferri
1140 2108 1205 2146 po-

87 2157 156 2188 test
184 2149 231 2187 ad
261 2159 429 2188 nostrum
458 2157 722 2201 argumentum
751 2148 1058 2187 confirmandum
1077 2175 1088 2186 .

143 2201 237 2247 488.
255 2202 387 2254 Neque
401 2203 611 2240 audiendus
628 2213 678 2239 est
692 2201 876 2239 Calvinus
892 2232 902 2248 ,
918 2203 986 2254 qui
1002 2201 1205 2250 contendit,

87 2270 112 2294 a
129 2253 413 2294 'Melchisedech
431 2270 568 2306 panem
587 2284 598 2303 ,
628 2255 661 2290 8(
693 2256 826 2292 vinnm
852 2254 1062 2292 nullatenus
1093 2256 1206 2292 fuisse

90 2307 189 2355 Deo,
203 2308 264 2345 sed
285 2308 545 2346 tantummodo
557 2306 776 2345 Abrahamo
788 2305 957 2344 oblatum
977 2338 988 2354 ,
1003 2308 1049 2344 ad
1066 2309 1208 2358 ipsum,

87 2373 250 2412 auosque
277 2359 419 2399 milites
448 2359 560 2398 lassos
596 2373 640 2398 ex
678 2360 840 2408 itinere,
887 2359 919 2396 8(
956 2360 1091 2410 praelio
1121 2360 1207 2398 refi-

89 2414 243 2452 ciendos
258 2443 270 2462 ,
298 2427 343 2452 ac
362 2423 559 2465 propterea
575 2413 811 2464 Scripturam
835 2426 908 2450 non
929 2413 1077 2460 dicere,
1108 2412 1210 2451 Met-

90 2465 358 2505 chisedechum
388 2465 596 2514 obtulisse,
627 2467 687 2504 sed
725 2466 933 2514 protulisse
969 2480 1101 2517 panem
1121 2496 1130 2508 ,
1174 2465 1208 2502 8(

93 2521 258 2569 vinum,
301 2528 341 2558 ut
368 2518 478 2558 nulla
508 2519 564 2558 ibi
592 2521 638 2557 sit
675 2518 858 2557 sacrificii
889 2520 1055 2557 umbra.
1099 2519 1146 2556 Et
1176 2520 1208 2556 si

95 2573 238 2610 oblatio
266 2571 577 2621 Melchisedech,
619 2572 747 2611 subdit
773 2572 985 2620 Calvinus,
1026 2572 1209 2610 sacrificii

97 2625 265 2664 Missalis
293 2625 416 2677 figura
443 2635 556 2673 esset,
584 2639 632 2664 an
654 2625 851 2677 Apostolus
872 2625 1010 2664 Paulus
1029 2628 1069 2665 iu
1100 2626 1209 2678 epist.

97 2677 146 2715 ad
176 2677 358 2716 Hebraens
387 2679 425 2716 id
454 2687 584 2716 notare
612 2678 943 2729 praetermisisset?

152 2728 247 2782 489.
275 2729 349 2769 Sed
379 2732 464 2769 vani
494 2729 535 2768 hi
563 2740 649 2768 sunt
676 2731 836 2779 cavilli‚
868 2733 1011 2784 quibus
1041 2733 1128 2772 satis
1158 2746 1212 2771 es·

99 2792 153 2823 set
179 2794 369 2834 opponere
396 2796 512 2835 supra.
552 2782 707 2821 allatam
736 2783 778 2822 S.
805 2785 992 2836 Cypriani
1028 2788 1214 2838 iuterpre-

99 2836 308 2882 tationem,
349 2848 437 2887 quae
468 2849 563 2887 pene
589 2838 807 2875 eommunis
848 2848 899 2876 est
937 2841 1039 2889 apud
1069 2849 1214 2877 sanctos

97 2888 227 2928 Patres
244 2914 254 2926 .
285 2887 417 2940 Neque
445 2901 534 2926 vero
562 2888 714 2940 probari
736 2898 874 2941 potest,
903 2898 1041 2942 panem
1063 2922 1073 2939 ‚
1103 2893 1135 2929 8(
1157 2895 1214 2931 vi-

99 2955 196 2981 num
227 2941 342 2979 fuisse
368 2956 391 2979 a
419 2940 702 2980 Melchisedech
731 2943 1007 2980 tantummodo
1045 2946 1084 2982 in
1117 2946 1211 2982 refe-

102 2996 264 3034 ctionem
295 2993 461 3033 militum
490 2993 708 3046 prolatum,
750 3009 824 3034 non
854 3005 980 3035 autem
1013 2997 1130 3036 simul
1161 3007 1211 3038 et-

159 3155 206 3190 (a)
231 3150 311 3195 Quo
335 3152 488 3196 primum
515 3159 668 3196 tempore
685 3174 695 3192 ,
734 3155 765 3184 ὰ
789 3163 858 3196 quo
883 3153 957 3185 loco
983 3154 1150 3197 coeperint
1177 3156 1224 3189 A·

110 3198 234 3239 postoli
261 3198 406 3231 Missam
432 3198 632 3238 celebrare,
665 3198 870 3242 ignoratur,
906 3199 1089 3232 silentibus
1115 3201 1223 3233 sacris

112 3243 286 3284 oraculis,
313 3255 352 3276 ac
378 3244 626 3277 vetustioribus
654 3244 832 3277 Patribus.
866 3244 991 3276 Statim
1018 3254 1092 3287 post
1119 3245 1225 3278 Chri-

113 3287 157 3318 sti
183 3290 467 3322 resurrectionem
495 3289 527 3322 id
554 3302 609 3323 eos
645 3290 764 3322 fecisse
782 3311 793 3330 ‚
832 3289 1007 3322 nonnullis
1040 3289 1224 3333 conjectu-

99 3332 160 3365 ,ris
184 3333 332 3378 probare
358 3336 484 3369 nititur
512 3335 671 3380 Theoph.
695 3335 907 3379 Raynandns
933 3337 987 3371 De
1004 3339 1113 3380 primu
1131 3335 1222 3370 ll1t's-

221 3377 456 3435 Gazzaniga,
490 3380 621 3423 Theol.
654 3381 764 3421 Tom.
789 3380 855 3421 lX·

1279 188 1355 224 iam
1389 187 1468 224 Deo
1509 190 1680 228 oblatum
1725 195 1761 230 in
1805 196 2037 235 sacrificium
2082 197 2391 239 Eucharisticum

1279 253 1349 298 pro
1379 251 1562 292 reportata
1593 245 1774 282 via-toria.
1826 248 2018 297 l'lterius,
2050 253 2281 290 sicrilicinm
2312 268 2394 291 ma-

1281 293 1414 330 nifeste
1445 294 1583 331 indicat
1615 296 1679 332 illa
1721 299 1881 337 causalis
1924 305 2112 353 apposita:
2156 317 2242 343 erat
2285 311 2393 344 enim

1277 344 1475 383 Sacerdos
1506 346 1582 385 Dei
1612 349 1823 395 ulcissimi3
1865 367 1952 403 quae
1983 358 2143 394 canulis
2175 361 2333 398 omuino
2363 362 2394 397 i-

1278 408 1389 451 nepta
1417 409 1535 448 esset,
1566 402 1594 438 si
1625 414 1699 438 non
1731 402 1837 450 Deo,
1866 406 1928 442 sed
1959 408 2192 446 solumunodo
2224 413 2394 450 Abraha-

1278 466 1368 499 mo,
1402 466 1559 504 panem,
1589 454 1622 489 &
1654 456 1787 492 vinum
1818 457 2038 496 obtulisset.
2089 461 2126 497 ld
2157 477 2305 514 «pioque
2336 467 2394 503 in-

1277 505 1377 543 dicat
1405 508 1598 543 canticum
1627 505 1798 556 ejusdem
1832 508 2112 548 Melchisedech
2148 513 2232 550 Deo
2262 520 2396 554 excel-

1277 571 1342 605 so,
1372 572 1446 609 quo
1473 568 1702 611 protegente
1719 561 1914 600 Abraham
1946 563 2063 602 hostes
2085 566 2296 604 devicerat:
2329 585 2394 607 un-

1277 611 1323 648 de
1353 613 1465 650 etiam
1497 612 1583 660 illi,
1615 622 1653 650 ut
1681 614 1902 664 Sacerdoti,
1935 616 2131 657 Abraham
2161 619 2263 656 zlvlcc
2294 622 2395 659 aleci-

1279 677 1371 702 mns
1400 664 1448 702 (le
1475 665 1656 704 omuibus
1673 692 1683 704 .
1715 667 1823 714 Quod
1853 679 1978 706 antem
2003 681 2122 708 noster
2144 673 2316 724 vulgatus
2339 676 2396 712 ln-

1278 727 1418 770 terpres
1447 719 1538 756 dicit
1567 720 1799 769 protulisse,
1843 722 1941 760 nihil
1970 722 2087 761 officit
2107 754 2116 771 ‚
2165 739 2252 763 cuin
2286 728 2399 766 facile

1278 771 1436 823 intelligi
1461 773 1572 823 possit
1589 802 1599 820 ,
1630 771 1912 812 Melchisedech
1937 777 2134 826 protulisse
2151 792 2263 830 panes
2281 811 2291 828 ‚
2321 790 2400 819 tam

1279 825 1324 862 ad
1355 824 1508 876 epulam
1527 854 1537 872 ‚
1567 839 1684 878 quain
1714 827 1761 864 ad
1790 828 2053 875 sacrificium3
2083 834 2240 884 antiqua
2267 842 2397 872 tamen

1280 880 1400 915 versio
1430 877 1594 916 habebat
1621 878 1780 918 obtulit.
1811 880 1890 919 Nec
1920 885 2032 920 etiam
2063 883 2209 932 officit,
2239 889 2338 938 quod
2354 888 2396 924 S.

1279 929 1419 967 Paulus
1448 931 1494 968 ad
1526 931 1644 969 Hebr.
1677 931 1761 970 Vll.
1791 934 1970 972 duntaxat
1999 934 2305 987 benedictionis,
2347 942 2397 981 Θ·

1278 982 1490 1020 sacerdotii
1510 983 1794 1024 Melchisedech
1813 1016 1824 1034 ,
1846 1001 1920 1025 non
1942 998 2069 1026 autem
2089 991 2270 1029 sacrificii
2293 1007 2398 1031 men-

1279 1038 1420 1073 tionem
1455 1038 1594 1084 faciat,
1638 1040 1729 1090 quia
1761 1038 1818 1076 illi
1855 1044 2089 1092 propositum
2133 1047 2399 1084 tantummodo

1279 1100 1356 1126 erat
1384 1090 1431 1126 de
1458 1089 1597 1128 Christi
1628 1092 1834 1129 sacerdotio
1864 1096 2073 1132 secundum
2103 1098 2273 1135 ordinem
2296 1098 2399 1136 Met-

1278 1142 1477 1180 chisedech
1509 1157 1597 1181 cum
1630 1144 1806 1182 Hebraeis
1843 1146 2052 1192 disserere;
2095 1164 2161 1187 uec
2197 1152 2399 1189 videbatur

1279 1196 1480 1246 expediens
1509 1205 1598 1232 tunc
1628 1199 1834 1247 temporis,
1877 1202 2173 1240 secretissimum
2207 1203 2398 1242 Euchari-

1275 1250 1358 1285 suae
1390 1249 1616 1300 mysterium
1648 1249 1725 1286 illis
1755 1253 1921 1300 apertius
1953 1266 2116 1291 reserare
2137 1282 2148 1292 .

1330 1301 1423 1352 490.
1452 1301 1710 1340 Confirmatur
1738 1304 1911 1341 secundo
1938 1319 1986 1342 ex
2030 1304 2173 1345 celebri
2215 1310 2399 1347 vaticinio

1276 1353 1486 1392 Malachiae
1511 1355 1538 1391 1.
1567 1368 1626 1393 10.
1647 1368 1725 1406 seq.
1758 1356 1824 1393 ubi
1857 1357 2045 1396 Dominus
2077 1362 2312 1399 exercituum
2343 1363 2401 1399 di-

1277 1409 1327 1446 cit
1349 1408 1541 1446 Hebraeis:
1572 1407 1725 1445 Munus
1754 1421 1836 1445 non
1864 1415 2083 1461 suscipiam
2113 1413 2161 1451 de
2191 1428 2317 1451 manu
2337 1428 2399 1454 ve-

1277 1469 1387 1498 stra:
1418 1459 1468 1498 ab
1497 1469 1584 1498 ortu
1613 1465 1721 1498 enim
1743 1462 1835 1499 solis
1855 1477 1976 1514 usque
2005 1464 2060 1501 <id
2088 1479 2276 1504 occasum
2307 1481 2396 1505 ma·

1275 1527 1400 1564 gnum
1430 1522 1488 1550 est
1518 1527 1680 1551 nomem
1711 1527 1844 1552 meum
1875 1520 1914 1552 in
1942 1517 2149 1567 gentibus,
2194 1521 2244 1560 Θ·
2287 1524 2327 1557 in
2357 1533 2399 1557 o-

1277 1570 1362 1604 mni
1392 1567 1475 1603 loco
1505 1566 1787 1619 sacrificatur,
1831 1570 1879 1609 ὠ·
1917 1568 2082 1617 offertur
2118 1576 2272 1610 nomini
2309 1586 2400 1612 meo

1275 1619 1419 1656 oblatio
1450 1619 1624 1668 munda,
1654 1623 1747 1671 quia
1767 1634 1963 1674 magnum
1994 1633 2053 1660 est
2081 1638 2229 1662 nomen
2260 1639 2398 1664 metim.

1274 1677 1316 1710 in
1343 1671 1543 1723 gentibus.
1573 1673 1658 1711 Jam
1688 1687 1776 1711 vero
1804 1689 1892 1713 cum
1916 1675 2017 1713 Deus
2048 1677 2111 1715 hic
2140 1689 2306 1729 opponat
2335 1694 2394 1718 sa-

1274 1727 1469 1764 crificium
1500 1739 1642 1764 novum
1674 1727 1885 1775 veteribus,
1914 1743 2002 1780 quae
2034 1731 2284 1781 reprobabat,
2323 1745 2400 1771 non

1274 1789 1394 1831 potest
1424 1781 1648 1817 vaticinium
1679 1779 1840 1832 intelligi
1869 1782 1915 1818 de
1943 1782 2135 1821 sacrificio
2166 1786 2293 1822 minus
2313 1799 2401 1837 pro-

1277 1833 1358 1884 prie
1388 1841 1539 1884 sumpto
1560 1863 1570 1880 ‚
1601 1832 1747 1870 scilicet
1775 1834 1819 1870 de
1851 1835 2025 1884 interno,
2055 1836 2089 1872 8(
2118 1837 2310 1888 spirituali
2341 1853 2401 1876 sa-

1276 1884 1452 1933 crificio,
1492 1885 1593 1937 quod
1624 1899 1694 1923 nec
1724 1899 1867 1924 novum
1896 1897 2003 1935 erat,
2045 1902 2117 1927 nec
2161 1903 2331 1943 unquam
2379 1905 2404 1930 a.

1275 1938 1357 1975 Deo
1378 1937 1587 1988 rejectum:
1616 1938 1728 1976 debet
1759 1952 1846 1991 ergo
1877 1940 2038 1992 intelligi
2069 1943 2114 1979 de
2136 1955 2250 1990 vero,
2281 1944 2314 1980 &
2335 1956 2401 1980 ex-

1274 2000 1382 2029 terno
1410 1990 1621 2038 sacrificio,
1651 1992 1753 2043 quod
1785 1993 1944 2031 unicum
1975 2005 2026 2031 est
2055 1995 2096 2032 in
2128 1994 2210 2046 lege
2240 2009 2403 2048 evange-

1276 2044 1375 2090 lica,
1419 2043 1454 2080 8(
1481 2043 1585 2096 quod
1615 2045 1653 2082 in
1681 2046 1788 2083 omni
1819 2045 1901 2084 loco
1931 2046 2013 2084 Deo
2040 2047 2198 2086 offertur
2217 2079 2226 2097 ‚
2257 2049 2404 2088 scilicet

1275 2097 1321 2135 de
1350 2096 1620 2135 Eucharistia.
1674 2096 1849 2136 Ulterius
1880 2101 2056 2150 praedicit
2086 2101 2189 2139 Deus
2218 2116 2282 2140 ore
2313 2102 2404 2140 Pro-

1275 2150 1428 2202 phetae,
1468 2149 1565 2187 hanc
1593 2149 1826 2190 oblationem
1857 2153 2026 2191 futuram
2059 2154 2283 2200 mundam;
2332 2155 2405 2192 hoc

1276 2213 1402 2241 autem
1434 2203 1503 2240 soli
1533 2205 1710 2241 convenit
1740 2204 2022 2252 Eucharistiae,
2066 2222 2182 2259 quae,
2229 2218 2266 2245 ut
2305 2209 2403 2245 bene

1277 2257 1436 2295 advertit
1456 2256 1633 2307 Synodus
1654 2256 1826 2295 Trident.
1849 2259 2085 2297 Sess.XXll.
2115 2274 2201 2311 cap.
2229 2273 2285 2307 1.‚
2316 2261 2404 2297 nul-

1278 2310 1320 2346 la
1348 2308 1614 2361 indignitate,
1643 2318 1714 2346 aut
1743 2310 1904 2348 mulitia
1931 2309 2184 2358 offerentium
2215 2316 2402 2362 inquinas-

1278 2366 1313 2400 η’
1341 2371 1488 2413 potest,
1525 2361 1670 2398 scilicet
1701 2372 1853 2413 propter
1881 2363 2026 2400 divinae
2057 2362 2187 2402 hostiae
2227 2367 2404 2404 esseutia-

1279 2415 1355 2453 lem
1386 2416 1615 2452 sanctitatem
1634 2443 1645 2461 ‚
1672 2427 1762 2451 cum
1793 2424 1916 2452 cetera
1945 2416 2075 2454 omnia
2103 2417 2320 2465 sacrificia,
2351 2420 2401 2457 si-

1279 2483 1325 2506 ve
1353 2478 1531 2513 externa,
1561 2467 1639 2503 sive
1670 2467 1841 2515 interna,
1880 2482 2029 2519 semper
2060 2470 2228 2518 fuerint,
2273 2471 2307 2507 8(
2335 2472 2403 2509 ad-

1280 2520 1354 2559 huc
1384 2527 1482 2566 siut,
1525 2532 1568 2556 ac
1598 2532 1749 2570 semper
1785 2530 1896 2558 erunt
1935 2522 2067 2573 aliqua
2105 2524 2403 2574 imperfectionis

1278 2574 1386 2611 sorde
1418 2573 1637 2618 innnnnda3
1667 2569 1903 2624 quod'Deus
1931 2587 1997 2613 ore
2026 2573 2301 2629 Prophetarum
2331 2589 2403 2614 sae-

1282 2629 1369 2678 pius
1397 2625 1568 2676 objecit.

1335 2679 1428 2731 491.
1463 2678 1676 2730 Utrumque
1718 2677 1845 2718 locum
1889 2679 2121 2733 conjungens
2151 2680 2192 2720 S.
2226 2681 2405 2733 Augusti-

1281 2747 1353 2771 nus
1382 2731 1632 2770 Lib.XV¹1¹.
1662 2730 1726 2770 De
1755 2737 1824 2770 civ.
1854 2732 1933 2772 Dei
1962 2748 2048 2784 cap.
2069 2735 2132 2772 35.
2162 2736 2215 2773 sic
2245 2737 2406 2773 convin-

1283 2786 1391 2824 cebat
1423 2786 1636 2874 pervicaces
1665 2784 1840 2824 Judaeos:
1871 2816 1898 2833 ,‚
1931 2786 2148 2826 Malachias
2176 2787 2405 2840 prophetans

1284 2869 1310 2889 „
1343 2839 1418 2877 Ecc
1440 2840 1584 2886 esiam,
1627 2851 1743 2888 quam
1775 2852 1842 2889 per
1871 2839 2065 2878 Christum
2095 2843 2289 2879 cernimus
2321 2854 2407 2892 pro-

1284 2923 1310 2942 „
1341 2902 1544 2945 pagatam.
1588 2891 1734 2928 Judaeis
1770 2893 2007 2943 apertissime
2035 2893 2129 2931 dicit
2172 2906 2215 2931 ex
2248 2905 2407 2944 persona

1283 2975 1310 2994 „
1340 2945 1437 2982 Dei:
1468 2943 1563 2982 Non
1592 2952 1649 2980 est
1681 2942 1774 2980 mihi·
1805 2945 1985 2982 voluntas
2015 2949 2055 2982 in
2085 2945 2210 2994 cobis,
2240 2947 2289 2987 ἕο·
2321 2958 2405 2983 tnu-

1281 3028 1308 3049 „
1336 3011 1411 3036 nus
1426 2998 1513 3039 ὅγε.
1544 2997 1624 3035 Hoc
1653 2996 1900 3050 sacrficium
1918 3011 1988 3049 per
2007 2998 2277 3038 sacerdotium
2292 2998 2404 3037 Chri-

2264 3081 2288 3101 „
2310 3052 2354 3088 sti

1295 3165 1332 3190 Lea
1357 3164 1440 3190 sect.
1465 3167 1494 3188 ι.
1521 3163 1549 3187 c.
1571 3165 1602 3187 2.
1646 3154 1734 3188 Aliis
1760 3154 1981 3200 probabilius
2005 3153 2145 3188 videtur
2172 3151 2306 3187 nonnisi
2332 3157 2406 3200 post

1293 3203 1456 3247 illapsum
1485 3201 1635 3246 Spiritus
1662 3202 1780 3234 Sancti
1808 3201 1841 3234 in
1878 3202 1954 3246 ipso
1989 3201 2170 3234 ccenaculo
2206 3199 2309 3231 fnisse
2335 3206 2406 3239 ΡΠ-

1292 3258 1385 3281 mam
1401 3249 1546 3281 Missam
1572 3247 1783 3281 celebratam
1799 3268 1810 3288 ,
1836 3251 1867 3280 ἃ
1893 3246 2034 3292 quidem
2051 3259 2070 3280 a
2090 3247 2216 3280 Sancto
2242 3243 2340 3276 Petro
2357 3240 2402 3271 Α-

1291 3294 1506 3339 postolorum
1534 3294 1714 3340 principe.

1831 3396 1870 3423 11
