2605 3624
838 101 918 146 DE
953 100 1260 144 BAPTISMO
1295 100 1736 148 PARVULORUM.

121 183 195 227 hoc
235 185 480 227 sacramento
519 195 593 224 non
630 181 814 233 incepisse
855 181 930 218 nisi
974 188 1055 234 post
1102 179 1243 219 Christi

137 242 358 288 iussionem,
387 239 420 275 ἃ
441 237 752 276 resurrectionem
769 260 780 272 .
809 234 924 273 Nunc
953 243 1080 272 autem
1102 234 1243 271 adden-

122 254 237 342 dum,
266 294 304 333 id
334 290 495 342 intelligi
523 297 695 340 oportere
724 295 803 340 post
832 287 1040 325 solemnem
1073 286 1244 337 Evange-

120 346 167 387 lii
188 344 529 400 promulgationem
546 368 558 380 .
588 341 688 380 Nam
708 341 883 394 Synodus
904 340 1131 378 'l'rideutiua
1146 340 1245 378 Sess.

121 399 218 446 Vl„
245 391 330 450 cap.
350 396 390 443 4.
420 395 575 448 loquens
603 395 650 433 de
678 395 921 434 translatione
942 394 1109 432 hominis
1129 392 1180 431 ab
1200 407 1246 431 eo

120 460 254 500 natu,
283 455 323 489 in
352 463 427 501 quo
455 453 635 488 nascitur
651 449 769 502 filius
797 452 916 499 primi
939 447 1059 495 Adae,
1090 451 1131 485 in
1160 456 1243 485 sta-

120 493 204 544 tum
230 506 377 558 gra-tiae
394 512 409 552 ,‘
447 503 497 544 (9⁰
525 502 748 553 culoptt'onis
765 502 950 554 filiorum
981 501 1058 540 Dei
1085 514 1154 552 per
1182 514 1242 539 se-

118 556 290 600 cundum
319 555 455 595 Atlam
483 556 619 595 Iesum
652 557 850 595 Christum
879 556 1131 594 Salvatorem
1173 567 1243 593 no·

118 620 272 660 strum,
303 609 385 650 haec
414 609 566 650 subdit:
599 609 700 661 Quce
728 609 888 662 quidem
917 610 1132 647 translatio
1160 616 1245 661 post

116 662 386 718 Et'angelium
414 664 711 717 promulgatum
739 667 825 702 sine
853 664 1015 702 lavacro
1031 675 1244 715 regenera-

117 722 264 768 tionis,
294 726 365 756 aut
393 719 481 771 ejus
509 727 595 756 roto
610 717 713 771 fieri
741 731 822 756 non
851 726 1004 768 potest.
1039 716 1178 768 Reipsa
1207 717 1246 753 iu

115 771 186 812 illa
216 773 342 825 prima
371 772 573 820 concione,
602 785 720 825 quam
742 779 821 824 post
839 779 1036 823 receptum
1057 769 1246 822 Spiritum

117 837 291 865 sanctum
321 824 451 864 Petrus
479 823 612 864 habuit
641 826 688 863 ad
717 825 868 863 Judaeos
898 825 981 862 Act.
1004 823 1076 872 11.‚
1106 823 1138 859 8<
1168 837 1246 874 qua

115 879 165 918 ad
201 880 273 917 tria
309 878 436 918 millia
463 877 602 918 Christi
639 878 756 917 fidem
796 885 1073 930 susceperuut,
1114 889 1247 916 omues

117 931 305 985 baptizari
333 930 481 972 voluit.

169 986 329 1034 Quaeres
356 983 558 1033 secundo,
601 993 735 1022 utrum
764 987 805 1022 in
842 986 1078 1036 suscipiente
1121 981 1246 1036 bapti-

115 1051 248 1080 smum
276 1042 501 1090 requiratur
527 1037 731 1076 intentio?

170 1092 262 1138 24¹·
291 1090 506 1130 Recolenda
532 1100 641 1140 sunt,
670 1104 759 1144 quae
788 1090 958 1130 diximus
975 1090 1246 1128 Dissertatione

113 1145 164 1185 Π.
193 1158 280 1198 cap.
300 1143 342 1184 6.
368 1145 416 1184 de
444 1146 649 1184 intentione
677 1144 849 1184 Ministri
868 1172 879 1184 .
928 1145 1126 1192 Quantum
1158 1158 1247 1183 vero

115 1197 164 1239 ad
193 1199 464 1251 suscipientes,
490 1198 655 1238 'Sanctus
684 1198 855 1241 Thomas
885 1198 923 1237 5.
945 1197 987 1237 P.
1016 1213 1056 1251 q.
1077 1197 1144 1237 68.
1174 1207 1246 1236 art.

118 1264 158 1303 7.
187 1253 239 1291 ita
259 1252 458 1304 respondet
477 1253 517 1291 in
536 1266 689 1304 argum.
719 1251 798 1290 Sed
817 1261 987 1290 contra:
1017 1251 1247 1290 Secundum

114 1307 240 1343 ritum
269 1302 468 1345 Ecclesiae
496 1304 723 1358 baptizandi
751 1305 1013 1359 profitentur,
1042 1319 1086 1344 se
1114 1314 1247 1357 petere

116 1357 169 1397 ab
183 1357 372 1398 Ecclesia
387 1358 629 1410 baptismum
642 1376 658 1406 ;
676 1373 746 1412 per
761 1359 863 1412 quod
876 1359 1113 1413 profitentur
1126 1373 1246 1398 suam

115 1415 376 1452 intentionem
405 1413 453 1453 de
481 1418 727 1466 susceptione
755 1414 1041 1452 Sacramenzt.

171 1465 263 1511 242.
293 1467 334 1504 ln
363 1480 521 1520 corpore
548 1478 674 1507 autem
705 1467 857 1506 articuli
890 1469 945 1506 ita
980 1467 1243 1520 prosequitur:

117 1546 146 1569 3,
178 1517 247 1557 Per
267 1519 503 1571 baptismum
531 1521 671 1574 aliquis
700 1522 861 1560 moritur
889 1523 1008 1560 veteri
1037 1522 1126 1560 vitae
1157 1535 1246 1573 pec-

113 1600 143 1622 „
173 1572 274 1620 cati,
301 1572 351 1610 ‘St
382 1574 519 1628 incipit
546 1575 756 1628 quamdam
793 1576 883 1614 vitae
914 1576 1118 1615 novitatem
1137 1605 1147 1623 ,
1189 1588 1247 1613 se·

112 1654 144 1676 2,
173 1623 349 1665 cundum
373 1626 473 1667 illud
502 1627 664 1668 Roman.
686 1628 757 1667 Vl.
779 1628 818 1675 4.
866 1629 1081 1681 consepulti
1109 1641 1247 1666 sumus

115 1704 145 1728 3,
177 1678 330 1718 Christo
349 1693 419 1730 per
445 1680 687 1733 baptismum
717 1686 759 1720 in
787 1691 988 1730 mortem,
1018 1691 1058 1718 ut
1087 1694 1245 1731 quomo-

117 1760 145 1780 „
175 1730 224 1769 clo
257 1732 432 1772 Christus
467 1739 643 1773 surrexit
685 1747 714 1773 a
758 1739 921 1773 mortuis
963 1748 1032 1786 per
1070 1735 1245 1787 gloriam

116 1813 144 1833 ,‚
174 1784 330 1834 Patris,
359 1790 419 1824 ita
439 1788 488 1828 ζ’)
509 1801 580 1827 nos
610 1792 651 1826 in
679 1791 850 1827 novitate
871 1791 959 1826 vitae
980 1787 1244 1826 ambulemus.

115 1866 146 1887 „
174 1837 222 1876 Et
251 1839 362 1888 ideo,
405 1842 502 1880 sicut
542 1841 718 1891 adhoc,
758 1842 860 1895 quod
902 1841 1017 1880 homo
1059 1842 1244 1880 moriatur

114 1918 144 1942 „
170 1893 290 1931 veteri
316 1894 409 1932 vitae
425 1924 438 1940 ,
466 1896 675 1948 requiritur
694 1896 904 1934 secundum
927 1896 1180 1948 Augustiuum
1203 1897 1243 1933 in

115 1970 143 1994 „
172 1943 337 1985 habente
365 1961 478 1987 usum
506 1947 621 1986 liberi
650 1948 801 1988 arbitrii
820 1947 1018 1997 voluntas,
1048 1963 1126 2000 qua
1155 1961 1245 1986 eum

111 2025 141 2047 3,
171 2000 306 2039 veteris
330 2001 423 2039 vitae
451 2002 660 2054 poeniteat3
702 2001 755 2040 ita
793 2002 1003 2055 requiritur
1043 2001 1244 2051 voluntas,

112 2078 142 2101 3,
169 2067 250 2106 qua
277 2054 447 2093 intendat
474 2056 566 2094 vitae
595 2055 830 2104 novitatem,
864 2053 978 2107 cujus
1008 2056 1248 2108 principium

116 2133 147 2155 „
176 2107 342 2160 estaipsa
368 2109 557 2162 susceptio
580 2107 845 2148 sacramenti.
873 2107 923 2147 Et
953 2108 1038 2146 ideo
1067 2122 1111 2146 ex
1140 2118 1249 2163 parte

115 2187 145 2208 „
171 2159 355 2212 'baptizati
385 2163 594 2215 requiritur
612 2161 785 2202 voluntas
802 2192 813 2211 ,
837 2163 922 2201 sive
951 2163 1110 2200 intentio
1128 2163 1246 2202 susci·

111 2239 146 2260 „
173 2213 304 2265 piendi
333 2213 652 2256 Sacramentum.
695 2214 752 2254 Et
781 2219 822 2253 in
850 2227 955 2267 resp.
985 2214 1040 2253 ad
1062 2229 1098 2254 2.
1131 2216 1174 2256 Si
1203 2218 1245 2256 in

115 2292 144 2313 ‚‚
171 2265 330 2316 minim,
372 2269 518 2320 inquit,
560 2268 700 2308 deesset
728 2269 884 2307 intentio
909 2269 1146 2320 suscipiendi
1175 2270 1246 2310 Sa-

114 2345 144 2366 „
172 2328 437 2370 emmenum,
467 2330 558 2360 esset
587 2320 900 2375 rebaptizandus.
943 2321 985 2360 Si
1016 2330 1142 2362 tamen
1172 2322 1244 2363 boc

49 2392 57 2399 ·
113 2399 144 2422 2,
171 2385 248 2412 non
277 2382 488 2425 constaret,
526 2384 617 2414 esset
644 2376 875 2415 dicendum:
924 2374 968 2414 Si
995 2388 1076 2414 uon
1104 2389 1147 2415 es
1176 2375 1246 2415 Inz-

117 2451 145 2477 2,
171 2429 368 2478 ptizatus‚
397 2429 472 2482 ego
499 2436 539 2468 te
567 2427 719 2480 baptizo
740 2429 784 2468 ''.
1049 2463 1055 2466 ⁴

171 2479 333 2529 Quaeres
360 2485 504 2532 tertio,
533 2491 666 2521 utrum
681 2482 795 2536 fides
823 2483 1051 2537 requiratur
1079 2497 1132 2524 ex
1150 2496 1245 2537 pazr-

117 2538 157 2571 te
183 2532 408 2585 baptizati?
458 2571 461 2573 .
583 2582 589 2588 ⁴

177 2587 272 2632 243.
299 2586 735 2644 RespondetAngelicus
763 2592 828 2632 cit.
857 2599 994 2645 quaest.
1023 2600 1094 2631 art.
1111 2591 1150 2631 8.
1179 2605 1246 2632 ne-

123 2639 249 2688 gat'we
275 2653 366 2680 cum
393 2643 434 2682 S.
463 2645 649 2697 Gregorio
676 2645 781 2700 Papa
808 2647 959 2685 dicente
988 2645 1078 2684 Lib.
1108 2647 1178 2685 IX.
1208 2662 1246 2686 e-

120 2690 210 2742 pist·
236 2690 323 2742 612:
342 2723 370 2744 „
390 2695 451 2736 Ab
479 2700 636 2752 antiqua
664 2710 818 2752 patrum
847 2699 1080 2739 institutione
1108 2700 1248 2740 didici-

122 2769 152 2791 „
180 2757 292 2796 mus,
332 2757 374 2787 ut
400 2750 468 2802 qui
497 2752 598 2805 apud
627 2752 804 2793 haeresim
823 2784 834 2803 ‚
881 2754 920 2805 iu
949 2752 1150 2793 Trinitatis
1181 2768 1246 2792 uo-

122 2823 150 2844 „
178 2798 282 2839 mine
314 2798 581 2855 baptizantur,
619 2821 708 2846 cum
738 2808 786 2846 ad
829 2815 996 2855 sanctam
1026 2806 1245 2848 Ecclesiam

121 2877 148 2899 :a
178 2851 362 2903 redeunt,
403 2863 468 2896 aut
497 2859 674 2911 unctione
694 2860 918 2902 ‘chrismatis
939 2891 950 2911 ,
993 2869 1058 2901 aut
1085 2862 1245 2916 imposi-

171 3016 218 3052 (α)
242 3013 294 3048 Ut
322 3014 502 3050 innuimus
526 3018 628 3054 Tomz
647 3021 674 3054 1.
701 3022 1019 3059 eLutheranorum
1045 3032 1138 3061 secta
1164 3036 1245 3073 pro-

123 3055 265 3094 dierunt
294 3062 534 3107 Anabaptistae
550 3086 561 3105 ,
585 3064 670 3100 duce
698 3067 861 3112 Pel-argo,
886 3083 946 3104 sen
972 3069 1053 3103 Nic.
1083 3073 1245 3108 Storckio

125 3116 218 3140 anno
248 3107 356 3141 1521.
380 3110 435 3142 cui
478 3118 593 3154 postea
637 3123 671 3144 se
709 3114 968 3157 conjunxerunt
995 3116 1103 3151 Mart.
1129 3120 1246 3153 Cella-

121 3151 197 3186 xius
215 3176 226 3195 ,
265 3153 422 3188 Thomas
450 3156 639 3191 Munzerus
660 3179 671 3197 ,
704 3160 847 3192 Marcus
893 3161 1046 3195 Stubner
1065 3186 1075 3204 ,
1110 3165 1241 3209 aliique

123 3194 268 3233 fanatici
290 3221 301 3241 ,
347 3203 378 3233 ὅ(
405 3202 702 3238 turbulentissimi
730 3204 888 3238 homines
905 3226 916 3246 ,
956 3207 1016 3250 qui
1045 3217 1155 3243 totam
1182 3221 1242 3254 pe·

125 3250 172 3273 ne
194 3244 447 3288 Germaniam,
474 3249 654 3284 Bataviam
674 3271 686 3291 ‚
716 3251 935 3292 Helvetiam,
961 3255 992 3284 &
1017 3255 1243 3298 potissimum.

120 3288 385 3334 ·Westphaliam
411 3293 590 3336 caedibus,
615 3297 771 3342 rapinis,
795 3298 978 3342 omnisque
1004 3300 1141 3343 generis
1166 3309 1256 3334 mat

128 3331 174 3367 lis
198 3336 417 3380 repleverunt
438 3362 450 3382 ,
485 3350 524 3377 ut
550 3354 689 3378 necesse
714 3343 821 3380 suerit
845 3342 984 3379 eosdem
1009 3346 1116 3380 armis
1144 3357 1241 3381 coer-

2299 117 2379 169 17ss

1310 210 1340 230 „
1370 181 1471 218 tione
1501 195 1636 221 manus
1655 213 1665 231 ,
1709 192 1772 222 aut
1800 184 1877 224 sola
1908 188 2135 239 professione
2164 189 2281 242 fidei,
2311 195 2358 232 ad
2387 196 2435 234 si·

1316 264 1342 284 ‚,
1371 247 1467 272 num
1497 237 1627 273 matris
1657 235 1842 275 Ecclesiae
1874 253 2093 281 revocentur
2118 245 2137 260 ’'

1371 287 1462 333 244.
1493 287 1620 326 Postea
1651 290 1688 326 in
1717 303 1821 342 corp.
1851 301 1923 330 art.
1955 295 2003 331 ita
2032 310 2097 334 suo
2127 312 2231 337 more
2247 300 2435 353 profunde

1313 342 1583 379 ratiocinatur:
1620 371 1646 390 „
1669 342 1756 380 Duo
1792 343 2009 384 efficiuntur
2040 349 2078 385 iu
2115 354 2242 391 anima
2272 369 2340 406 per
2368 355 2435 393 ba-

1314 425 1341 445 „
1370 395 1554 446 ptismum
1573 425 1583 443 ,
1621 394 1765 434 scilicet
1793 396 1987 436 character
2005 430 2015 447 ,
2046 401 2078 435 8(
2108 407 2223 452 gratia
2242 433 2251 443 .
2295 408 2435 461 Dupli-

1313 478 1340 498 „
1369 448 1462 486 citer
1491 460 1580 499 ergo
1627 447 1774 502 aliquid
1805 464 1847 488 cx
1893 454 2109 490 necessitate
2156 461 2359 508 requiritur
2388 464 2436 501 ad

1313 531 1339 552 ‚‚
1368 501 1623 554 baptismum:
1669 516 1748 543 uno
1777 505 1908 552 modo,
1940 506 2021 543 siue
2050 520 2127 558 quo
2155 513 2273 560 gratia
2305 513 2436 554 haberi

1316 586 1341 605 „
1370 568 1444 592 nou
1475 564 1621 606 potest,
1651 570 1739 607 quse
1770 567 1823 595 est
1852 559 2010 597 ultimus
2040 560 2192 600 exsectus
2214 564 2435 605 Sacramen-

1315 639 1342 659 „
1372 610 1423 646 ti:
1452 607 1486 644 8<
1509 608 1579 646 hoc
1608 610 1719 647 modo
1747 621 1847 649 recta
1877 612 1969 651 fides
2000 627 2043 650 cx
2067 617 2282 655 necessitate
2312 624 2437 671 requi-

1315 691 1341 712 „
1371 662 1467 700 ritur
1496 662 1543 699 ad
1571 662 1829 715 baptismum,
1859 669 1950 718 quia
1980 668 2076 706 sicut
2107 669 2247 708 dicitur
2278 669 2438 711 Roman.

1317 745 1343 766 „
1373 716 1440 754 111.
1460 715 1686 754 :eadmund
1715 717 1793 756 Dei
1822 729 1880 757 est
1908 733 1977 772 per
1999 720 2136 774 fidem
2156 721 2247 762 Iesu
2272 724 2411 764 Clzristi
2429 754 2439 765 .

1320 799 1348 820 „
1378 768 1466 808 Alio
1484 770 1594 808 modo
1612 772 1819 823 requiritur
1839 772 1988 826 aliquid
2009 788 2053 812 ex
2075 779 2288 816 necessitate
2303 780 2348 817 ad
2372 780 2438 819 ba·

1317 853 1343 873 „
1372 824 1555 875 ptismum
1577 853 1589 873 ,
1617 825 1700 862 siue
1728 839 1804 878 quo
1824 825 2019 866 character
2049 829 2228 882 baptismi
2265 833 2440 886 imprimi

1315 907 1342 927 ‚‚
1373 889 1444 915 nou
1474 886 1620 929 potest:
1663 877 1696 914 8(
1725 882 1779 918 sic
1809 889 1909 920 recta
1938 881 2032 922 fides
2074 883 2251 936 baptizati
2282 899 2354 925 nou
2385 901 2442 925 re-

1316 960 1343 979 „
1371 931 1539 982 quiritur
1553 944 1597 969 ex
1628 934 1849 972 necessitate
1877 936 1923 974 ad
1954 935 2188 989 baptismum
2207 969 2217 987 ,
2247 942 2342 980 sicut
2371 954 2442 979 nec

1316 1012 1343 1034 „
1374 994 1475 1022 recta
1503 985 1599 1023 fides
1616 985 1868 1039 baptizantis,
1911 989 2120 1028 dummodo
2148 993 2267 1032 adsint
2297 1003 2440 1041 cetera,

1317 1067 1344 1087 „
1372 1051 1461 1089 quae
1490 1048 1576 1077 sunt
1604 1040 1651 1077 de
1679 1043 1899 1080 necessitate
1927 1043 2188 1083 sacramenti:
2230 1059 2306 1086 non
2336 1049 2443 1087 euim

1315 1121 1343 1140 „
1372 1091 1663 1131 Sacramentum
1708 1096 1908 1146 perficitur
1937 1111 2005 1148 per
2047 1096 2228 1149 justitiam
2273 1100 2441 1139 hominis

1315 1174 1343 1194 ,‚
1373 1145 1494 1183 dantis
1511 1175 1522 1194 ‚
1551 1145 1611 1184 vel
1630 1149 1868 1200 suscipientis
1898 1149 2133 1202 baptismum
2151 1182 2162 1201 ‚
2191 1154 2255 1193 sed
2275 1168 2344 1207 per
2365 1156 2443 1194 vir-

1310 1227 1342 1247 „
1372 1206 1490 1236 tutem
1520 1198 1596 1237 Dei
1618 1199 1638 1214 ’'
1661 1225 1672 1238 .

1372 1251 1464 1297 245.
1494 1251 1642 1304 Objicit
1684 1261 1810 1293 autem
1854 1254 1929 1294 sibi
1959 1255 2143 1296 Ecclesiae
2172 1259 2318 1309 ritum,
2367 1274 2444 1314 quo

1313 1304 1535 1359 baptizandi
1580 1308 1863 1360 interrogautur
1890 1310 1938 1348 de
1967 1309 2064 1350 fide,
2106 1309 2180 1351 Sed
2224 1316 2448 1367 respondet:

1312 1389 1341 1409 ,‚
1371 1360 1474 1411 quod
1503 1359 1679 1400 Ecclesia
1722 1363 1884 1401 intendit
1925 1363 2099 1403 homines
2137 1365 2356 1420 baptizare,
2405 1377 2446 1407 ut

1314 1443 1342 1462 „
1373 1414 1627 1453 emundentur
1669 1430 1692 1453 a
1727 1426 1902 1468 peccato,
1946 1419 2157 1458 secuudum
2199 1420 2298 1460 illud
2335 1422 2447 1460 isaia:

1313 1497 1342 1517 „
1372 1466 1541 1506 XXVll.
1570 1481 1610 1520 9.
1640 1467 1720 1507 Hic
1749 1479 1806 1508 est
1835 1475 1966 1509 omnis
1982 1471 2177 1523 fructus,
2207 1482 2248 1510 ut
2277 1474 2444 1526 aufera-

1310 1550 1341 1569 ,,,
1370 1529 1433 1557 tur
1477 1531 1716 1570 peccatum.
1754 1523 1802 1560 Et
1832 1524 1941 1572 ideo,
1989 1535 2175 1576 quantum
2218 1536 2269 1565 est
2298 1528 2344 1566 de
2374 1543 2440 1578 se,

1317 1603 1344 1622 ‚,
1374 1587 1446 1611 non
1476 1575 1636 1613 intendit
1664 1577 1755 1614 dare
1791 1576 2026 1629 baptismum
2050 1608 2061 1627 ,
2105 1580 2175 1618 nisi
2206 1579 2444 1622 habentibus

1316 1656 1342 1676 „
1375 1636 1515 1666 rectam
1546 1628 1663 1666 fidem
1682 1659 1692 1678 ‚
1722 1631 1802 1668 sine
1831 1642 1910 1684 qua'
1936 1644 2009 1669 uon
2033 1641 2083 1670 est
2112 1635 2286 1673 remissio
2307 1650 2443 1688 pecca-

1316 1710 1342 1730 „
1374 1689 1523 1718 torum:
1561 1681 1595 1717 8(
1623 1692 1776 1735 propter
1805 1683 1876 1723 hoc
1907 1686 2109 1738 interrogat
2146 1688 2366 1728 accedentes
2395 1690 2444 1729 ad

1317 1764 1343 1783 „
1373 1734 1608 1787 baptismum
1627 1766 1638 1783 ‚
1668 1750 1717 1774 au
1746 1736 1925 1776 credaut?
1954 1739 1995 1776 Si
2017 1748 2142 1778 tamen
2164 1743 2244 1780 siue
2274 1752 2374 1781 recta
2395 1744 2442 1783 fi-

1313 1817 1341 1837 „
1370 1788 1416 1826 de
1444 1788 1587 1842 aliquis
1614 1789 1850 1842 baptismum
1869 1793 2049 1844 suscipiat
2078 1803 2181 1833 extra
2201 1795 2442 1845 Ecclesiam,

1314 1870 1340 1890 ‚‚
1370 1853 1444 1879 non
1472 1843 1638 1895 percipit
1658 1842 1770 1881 illum
1801 1845 1847 1882 ad
1878 1859 1985 1883 suam
2006 1846 2196 1887 salutem.
2227 1849 2340 1888 Unde
2361 1851 2440 1889 Au-

1313 1923 1340 1943 „
1369 1896 1543 1947 gustiuus
1571 1896 1663 1934 dicit
1677 1895 1767 1935 Lib.
1789 1897 1858 1935 IV.
1888 1897 1952 1937 De
1975 1897 2173 1950 baptismo
2201 1911 2344 1941 contra
2359 1902 2443 1943 Do-

1313 1977 1341 1997 „
1369 1957 1481 1987 nat.:
1511 1947 1700 1988 Ecclesia
1728 1950 1919 2000 paradiso
1935 1965 2177 2004 comparata
2194 1955 2344 1995 indicat
2373 1971 2443 1996 no-

1313 2031 1344 2051 „
1374 1999 1458 2049 bis,
1486 2014 1601 2053 posse
1629 2003 1788 2055 quidem
1819 2005 2060 2058 baptismum
2076 2011 2162 2062 ejus
2191 2009 2371 2050 homines
2401 2025 2441 2050 e-

1316 2084 1344 2106 „
1372 2058 1473 2093 tiam
1489 2054 1600 2108 foris
1627 2061 1838 2110 accipere,
1886 2060 1957 2100 sed
1985 2062 2158 2102 salutem
2188 2062 2443 2105 beatitudinis

1312 2137 1346 2159 „
1375 2118 1497 2149 extra
1525 2123 1621 2150 eam
1649 2115 1856 2153 neminem
1885 2119 2113 2168 percipere,
2143 2118 2200 2158 vel
2227 2128 2364 2159 tenere
2384 2121 2406 2137 ''
2428 2143 2441 2158 .

1744 2219 1919 2261 CAPUT
1955 2222 2009 2262 X.

1570 2324 1636 2364 De
1671 2325 1864 2379 baptismo
1898 2329 2178 2381 parvulorum.

1370 2407 1684 2478 246.Parvulos
1712 2442 1796 2473 aute
1826 2448 1936 2475 usum
1974 2438 2130 2477 rationis
2158 2437 2285 2478 valide
2314 2439 2440 2493 bapti·

1308 2486 1390 2524 zari
1421 2499 1549 2539 posse,
1597 2498 1781 2539 negarunt
1808 2488 1910 2528 Saec.
1931 2490 2021 2530 ΧΠ.
2052 2491 2286 2542 Hieracitae‚
2324 2495 2438 2532 Wal-

1313 2539 1464 2588 denses,
1494 2540 1756 2580 Petrobusiani
1779 2571 1790 2590 ,
1829 2543 2053 2583 Henriciani
2071 2574 2082 2593 ‚
2112 2545 2259 2600 aliique
2287 2547 2441 2587 obscuri

1315 2594 1480 2632 nominis
1510 2593 1708 2633 haeretici.
1751 2595 1828 2635 Sed
1856 2596 1958 2636 hunc
1996 2612 2162 2638 errorem
2192 2601 2313 2638 multo
2342 2602 2439 2639 cele-

1315 2646 1484 2686 briorem
1527 2647 1770 2687 reddiderunt
1812 2648 1934 2703 aliqui
1965 2651 2170 2692 Novatores
2206 2655 2307 2693 Saec.
2329 2654 2439 2694 XVI.

1314 2701 1382 2754 qui
1399 2710 1597 2755 propterea
1616 2701 1897 2755 Anabaptistae
1924 2705 2015 2744 dicti
2046 2716 2158 2755 sunt,
2189 2709 2281 2760 quia
2310 2708 2437 2762 bapti-

1315 2768 1442 2793 smum
1471 2756 1600 2809 pueris
1627 2755 1760 2795 datum
1790 2758 1924 2797 iisdem
1953 2759 2094 2798 adultis
2121 2759 2201 2811 jam
2233 2763 2343 2800 factis
2373 2765 2440 2801 ite-

1312 2821 1402 2849 ruin
1433 2808 1678 2848 conferebant
1708 2810 1772 2861 (a)
1791 2836 1803 2851 .
1847 2811 1977 2860 Quam
2024 2815 2258 2867 perniciosus
2298 2817 2345 2854 sit
2374 2816 2439 2854 hic

1311 2875 1448 2912 error,
1478 2863 1592 2904 facile
1621 2874 1779 2917 apparet
1808 2877 1853 2905 ex
1882 2865 1969 2917 his,
1997 2881 2087 2921 quae
2115 2881 2203 2923 cap.
2223 2883 2351 2923 super.
2382 2871 2439 2910 di-

2327 2936 2387 2963 xi—

1315 3034 1418 3068 cere,
1462 3037 1653 3074 eorumque
1680 3027 1874 3074 perduelles
1911 3028 2017 3065 duces
2041 3027 2149 3066 variis
2189 3032 2370 3079 suppliciis
2395 3029 2437 3064 de

1315 3073 1430 3108 medio
1457 3075 1600 3108 tollere.
1628 3077 1734 3110 Multi
1762 3086 1862 3111 erant
1887 3089 2012 3113 eorum
2038 3090 2200 3120 errores,
2227 3093 2293 3113 non
2322 3079 2432 3112 solum

1314 3130 1436 3154 contra
1461 3122 1628 3155 Ecclesiae
1654 3121 1855 3157 doctrinam
1876 3145 1886 3163 ,
1913 3123 1971 3158 sed
1996 3126 2103 3159 etiam
2132 3135 2251 3161 contra
2277 3125 2434 3159 debitam

1309 3165 1533 3212 Principibus
1551 3189 1562 3209 ‚
1605 3170 1637 3201 &
1664 3170 1933 3214 Magistratibus
1959 3170 2221 3213 obedientiam,
2263 3183 2346 3216 quos
2377 3182 2427 3202 re-

1309 3222 1427 3247 censet
1453 3214 1536 3248 Nat·
1566 3215 1765 3250 Alexander
1800 3217 1834 3250 in
1860 3217 1960 3252 Hist.
1987 3218 2089 3253 Eccl.
2117 3220 2202 3252 Saec.
2232 3219 2328 3252 XVl.
2355 3226 2427 3257 cap·

1308 3267 1342 3290 2-
1368 3269 1436 3294 art.
1460 3273 1513 3294 11.
1540 3260 1605 3295 Sed
1642 3269 1814 3308 quantum
1841 3262 1883 3297 ad
1910 3275 1983 3298 rem
2011 3274 2192 3304 nostram,
2234 3263 2428 3298 obsoletam

1306 3302 1379 3348 jam
1400 3327 1411 3345 ,
1449 3309 1480 3339 ἀ
1504 3315 1679 3342 vetustate
1705 3310 1878 3353 sepultam
1912 3311 2146 3355 anabaptismi
2183 3310 2344 3342 liter-esim
2370 3317 2430 3337 su-

1307 3350 1480 3386 scitarunt
1495 3373 1507 3393 ,
1531 3351 1719 3396 docentes,
1739 3356 1957 3401 baptismum
1971 3356 2164 3390 infantibus
2183 3355 2353 3389 collatum
2371 3361 2424 3384 es-
