2605 3624
281 156 335 196 56

218 228 459 267 Victorinum
476 257 487 275 ,
516 228 551 264 8<
570 235 655 266 ante
676 227 827 267 Petrum
848 227 1108 267 Lombardum
1125 254 1136 265 .
1168 229 1248 266 Hoc
1269 243 1336 267 au-

214 290 290 319 tem
322 282 513 330 utriusque
528 281 712 320 Ecclesiae
742 281 936 320 silentium
968 283 1165 321 manifeste
1193 282 1336 322 indica-

221 347 263 370 re
294 332 407 383 liujus
436 334 618 386 dogmatis
648 337 851 373 novitatem
870 366 879 383 ,
908 335 1068 374 dicunt.

276 386 365 423 230.
398 385 507 439 Resp.
527 392 680 438 primo,
712 389 808 426 nihil
840 390 965 426 minus
994 388 1201 427 verisimile
1232 402 1334 438 esse,

214 453 333 489 quam
363 439 517 478 Graecos
546 451 636 479 tunc
667 458 688 480 a
718 443 860 480 Latinis
889 441 1044 494 aliquod
1073 443 1250 480 doctriuae
1272 456 1334 480 uo-

215 501 303 528 strae
333 502 448 543 caput
476 504 713 546 acceptasse,
757 495 907 547 quaudo
936 496 1060 533 Latini
1090 497 1182 546 ipsis
1213 497 1333 533 maxi-

214 558 278 582 me
307 546 416 583 invisi
447 558 572 585 erant:
603 563 645 586 eo
674 561 811 599 nempe
841 557 1009 599 tempore
1027 578 1036 596 ,
1066 561 1141 600 quo
1161 562 1197 585 se
1217 563 1237 586 a
1261 549 1333 586 La-

214 599 303 636 tinis
318 597 457 649 injuste
471 614 666 653 oppressos
683 616 760 639 esse
780 601 1102 653 conquerebantur
1119 631 1130 648 ,
1160 615 1332 639 omnem-

211 665 287 701 que
316 652 456 691 dabant
483 667 668 706 operam,
698 664 737 692 nt
766 655 986 693 Latinorum
1017 653 1149 705 jugum
1180 664 1331 692 excute-

210 713 320 747 rent3
349 707 450 756 quod
481 708 571 758 ipsis
601 708 750 745 tandem
781 721 850 759 pro
870 717 954 745 voto
973 709 1147 744 successit
1165 733 1175 745 .
1205 707 1329 745 Dein-

210 756 260 794 de
289 756 387 795 illud
415 759 640 798 Latinorum
669 761 879 812 Imperium
918 773 992 798 uon
1021 760 1092 797 suit
1121 761 1326 798 admodum

207 808 391 861 longuin3
440 814 531 850 idest
559 814 608 851 ab
638 828 736 851 auno
771 813 913 860 1204„
956 825 1031 865 quo
1060 828 1081 849 a
1110 812 1234 850 Gallis
1252 843 1263 861 ,
1292 814 1327 850 8t

207 861 363 902 Venetis
382 866 722 917 Constantinopolis
751 875 858 917 capta
881 866 951 902 fnit
967 895 978 912 ,
1007 865 1040 901 &
1062 865 1235 917 direpta3
1266 880 1325 904 us-

207 929 284 966 que
313 918 359 955 ad
389 932 528 956 annum
564 919 688 963 12613
719 932 794 969 quo
825 918 1029 956 Balduinus
1057 919 1104 956 II.
1134 933 1156 956 a
1175 920 1324 957 Caesare

206 970 347 1006 Alexio
374 970 639 1022 Strategopulo
665 971 714 1009 ab
746 971 850 1008 Urbe
880 970 1013 1022 pulsus
1050 971 1149 1009 fuit.
1197 971 1325 1011 Tertio

203 1019 279 1059 Iioc
312 1022 391 1072 ipso
421 1037 627 1073 pancorum
649 1037 833 1061 annorum
858 1023 1058 1062 intervallo
1074 1024 1196 1076 major
1216 1026 1326 1063 Grae-

206 1087 342 1111 corum
372 1089 459 1127 pars
488 1078 526 1114 in
542 1076 771 1125 Vallacliia,
801 1077 962 1130 aliisque
984 1077 1080 1115 hene
1097 1077 1224 1116 multis
1244 1078 1323 1117 Eu-

203 1139 310 1177 J‘opae
333 1127 570 1177 Provinciis,
600 1145 695 1183 quas
715 1131 843 1169 Latini
871 1143 1061 1183 occupare
1089 1144 1162 1170 non
1191 1140 1322 1184 potue-

200 1190 311 1230 runt,
355 1183 432 1220 suis
463 1182 636 1234 legibus,
673 1198 716 1222 ac
745 1184 1082 1222 consuetudinibus
1110 1193 1188 1222 tuta
1217 1186 1321 1224 vive·

200 1232 292 1279 ἓως
335 1235 475 1287 reliqui
507 1245 631 1274 autem
663 1239 700 1274 in
731 1237 847 1285 Asia,
893 1251 969 1289 quo
1000 1236 1225 1276 Theodorus
1248 1239 1322 1277 La-

200 1288 317 1324 scaris
345 1289 557 1339 Imperium
588 1289 781 1328 Orientale
824 1289 1088 1339 transtulerat,
1130 1291 1261 1343 procul
1300 1307 1323 1331 a

200 1339 354 1378 Latinis
383 1351 487 1381 erant
520 1346 704 1395 separati.
751 1342 859 1381 Nihil
903 1345 1023 1394 magis
1060 1359 1081 1381 a
1110 1357 1199 1383 vero
1227 1344 1321 1383 alie-

202 1405 315 1441 num,
345 1409 463 1445 quam
492 1396 650 1435 durante
678 1396 782 1434 bello
810 1411 917 1435 sacro
937 1397 1161 1435 Latinorum
1181 1398 1319 1437 doctri-

200 1459 286 1483 nam
318 1446 364 1483 de
393 1448 648 1487 §aeramentis
676 1451 792 1488 fuisse
822 1451 860 1487 in
891 1451 1072 1487 Graecam
1104 1451 1318 1489 Ecclesiam

197 1500 385 1535 invectam
405 1526 415 1537 .
446 1501 515 1537 His
543 1502 661 1549 addo,
692 1516 869 1552 magnam
899 1516 976 1540 esse
1006 1504 1103 1541 inter
1131 1503 1224 1541 duas
1245 1504 1318 1543 Ec-

196 1549 331 1589 clesias
359 1553 399 1590 in
428 1551 647 1604 aliquorum
667 1551 1001 1592 Sacramentorum
1022 1556 1318 1594 administratio—

195 1617 243 1641 ne
272 1604 416 1643 rituum
445 1606 722 1655 diversitatem,
751 1620 838 1658 quae
859 1620 1054 1644 sacrorum
1084 1609 1229 1645 rituum
1259 1610 1316 1646 di-

193 1659 352 1696 versitas
379 1659 581 1697 manifeste
609 1660 787 1707 ostendit,
817 1674 887 1697 nec
908 1659 1060 1697 Latinos
1089 1673 1111 1696 a
1139 1660 1317 1708 Graecis,

196 1723 269 1747 nec
298 1724 425 1750 rursus
454 1713 543 1751 istos
571 1712 620 1751 ab
649 1712 728 1752 illis
744 1712 991 1751 Sacramenta
1004 1714 1224 1764 accepisse,
1253 1714 1318 1751 sed

194 1775 325 1802 omnes
341 1765 391 1803 ab
407 1767 668 1818 antiquissima
681 1766 948 1817 Apostolorum
965 1766 1178 1814 traditione,
1196 1780 1318 1818 quan-

195 1826 278 1854 tum
307 1819 355 1855 ad
384 1818 660 1867 substantiam3
692 1821 870 1871 quamvis
899 1827 1023 1870 postea
1051 1818 1105 1855 ad*
1128 1819 1317 1870 majorem

196 1869 256 1907 liis
297 1872 488 1923 mysteriis
529 1876 781 1911 reverentiam
821 1871 1139 1919 conciliandam,
1182 1872 1314 1909 inultae

196 1926 420 1962 successivis
451 1925 685 1976 temporibus
713 1926 850 1963 additae
878 1926 952 1962 siut
981 1925 1248 1973 caeremoniae,
1282 1925 1316 1961 &

194 1977 375 2027 quaedam
405 1979 445 2015 in
477 1988 637 2031 utraque
665 1979 838 2017 Ecclesia
866 1978 1073 2016 admodum
1102 1977 1289 2017 diversae.

252 2029 344 2068 231.
374 2031 508 2084 Neque
537 2035 650 2070 etiam
679 2032 783 2070 obest
810 2040 980 2070 veterum
1008 2031 1238 2082 scriptorum
1268 2031 1316 2069 si-

192 2081 355 2121 lentium
385 2085 432 2122 de
451 2085 646 2138 aliquibus
661 2085 942 2131 Sacramentis3
971 2097 1103 2122 eorum
1133 2085 1236 2122 enim
1259 2084 1317 2122 iu-

193 2137 367 2175 stitutum
396 2152 472 2176 non
503 2148 580 2177 crat
607 2139 654 2177 de
681 2154 722 2178 re
756 2138 937 2176 omnibus
978 2137 1173 2175 notissima
1201 2137 1320 2175 verba

192 2188 353 2228 iacere.
401 2192 582 2230 Ceterum
624 2192 778 2230 nullum
817 2191 954 2229 horum
984 2190 1318 2228 Sam-armentorum

193 2241 313 2280 fuisse
340 2243 390 2283 ab
421 2245 465 2283 iis
494 2247 737 2297 ignoratum,
767 2244 828 2284 vel
858 2243 1099 2296 neglectum,¹
1121 2244 1198 2281 suis
1226 2243 1326 2281 locis,

195 2296 340 2347 patebit
357 2327 367 2345 ,
398 2303 549 2350 quando
577 2299 624 2336 de
643 2298 804 2350 singulis
823 2311 976 2349 agemus
993 2323 1003 2335 .
1034 2298 1313 2348 impraesentia-

197 2362 284 2387 rum
314 2352 402 2388 satis
432 2360 483 2389 est
518 2365 699 2400 monere,
742 2352 807 2389 vix
836 2365 880 2389 ac
910 2365 957 2389 ne
986 2351 1050 2387 vix
1088 2350 1243 2402 quidem
1274 2351 1314 2388 in

196 2415 238 2440 re
268 2404 359 2439 tanti
389 2405 578 2442 «nomenti
621 2406 822 2444 novitatem
853 2405 1016 2456 potuisse
1043 2404 1122 2441 sine
1164 2404 1313 2450 turbis,

196 2454 515 2506 disputationibus
536 2486 548 2504 ,
577 2472 620 2495 ac
649 2458 910 2496 Conciliorum
940 2456 1229 2495 definitionibus
1258 2458 1315 2494 in-

195 2506 286 2546 vehi
309 2537 320 2555 ,
352 2516 391 2544 ut
420 2522 570 2560 semper
600 2512 787 2561 contigit,
816 2510 967 2562 quando
995 2509 1151 2562 aliquod
1180 2511 1318 2562 dogma

195 2573 340 2598 novum
373 2560 504 2599 furtim
548 2562 678 2600 invehi
707 2572 876 2614 coeptum
907 2572 980 2601 est.
1022 2562 1164 2602 Dicant
1191 2572 1319 2601 autem

196 2614 442 2663 Adversarii,
485 2615 515 2652 si
545 2624 723 2667 possunt,
765 2616 1009 2665 quandonam
1039 2625 1124 2654 ante
1164 2616 1319 2655 illorum

195 2666 385 2705 Ecclesiae
427 2668 878 2719 pseudoreformationem
920 2668 966 2704 de
996 2682 1155 2707 numero
1184 2670 1319 2709 Sacra-

195 2727 412 2757 mentorum
440 2721 671 2772 disputatum
694 2720 836 2759 fuerit?
866 2719 1046 2757 Secundo
1075 2730 1223 2772 tempus
1241 2753 1252 2771 ,
1283 2723 1318 2759 ὃς

196 2773 326 2810 Iocum
357 2774 631 2822 determinent,
679 2775 819 2826 quibus
867 2773 951 2812 haec
988 2774 1157 2812 doctrina
1186 2776 1232 2811 de
1261 2790 1316 2813 se-

195 2827 372 2878 ptenario
400 2827 735 2865 Sacramentorum
780 2840 938 2865 numero
973 2827 1012 2864 in
1043 2826 1216 2865 Ecclesia
1245 2829 1318 2866 Oc-

199 2878 380 2916 cidentali
410 2882 533 2931 spargi
564 2882 713 2931 coepit3
760 2880 949 2932 quomodo
977 2889 1114 2928 aucta,
1158 2879 1191 2916 St
1222 2881 1319 2920 facta

203 2931 463 2972 universalis?
496 2932 625 2972 Tertio
654 2934 844 2986 quomodo
873 2935 911 2972 in
927 2934 1114 2972 Graetiam
1144 2943 1321 2986 penetra·-

253 3091 303 3131 (α)
329 3091 414 3126 Vid.
440 3092 529 3126 idem
549 3094 660 3127 Johus
677 3093 923 3138 Lndoipimsin
937 3095 1132 3128 Comment.
1160 3093 1202 3126 ad
1221 3106 1323 3127 suam¹

202 3138 298 3173 nist.
327 3140 450 3183 pag-3.
470 3161 481 3179 ,
519 3143 549 3172 δι
577 3141 682 3184 267.3
721 3149 797 3172 tum
821 3142 926 3173 etiam
951 3142 1006 3174 Jo.
1031 3141 1110 3174 Alb·
1142 3140 1318 3173 Fabricius

202 3186 242 3219 in
269 3186 424 3219 ὑαίιιῑανί
467 3189 544 3220 luce
570 3186 753 3229 Evangelii
780 3197 858 3230 pag.
879 3187 957 3229 7¹0·
985 3198 1082 3231 δρψ,
1119 3187 1177 3219 ubi
1216 3187 1319 3219 refert

203 3233 443 3276 responsiones
471 3233 570 3266 Abba
600 3233 758 3276 Gregorii
776 3231 816 3264 ad
833 3234 982 3277 Quaesiecz
1001 3232 1236 3275 Lzzclolphianu
1250 3247 1263 3269 ,·
1290 3235 1320 3264 &

205 3289 281 3322 cap.
297 3278 330 3310 6.
358 3279 404 3311 ita
432 3278 648 3324 respondisse
675 3278 826 3311 dicitnr:
854 3278 1107 3323 IIIrsteriorum
1136 3285 1146 3318 <
1171 3280 1195 3311 i.
1214 3291 1243 3310 e.
1260 3279 1322 3311 Sa-

185 3333 466 3357 ¹crarnentorum
492 3331 501 3361 )
532 3334 646 3358 certus
670 3338 821 3357 naucerus
849 3338 920 3357 non>
937 3333 1012 3358 esc.
1040 3326 1185 3358 (bustat
1210 3334 1322 3359 tamen

209 3372 292 3408 illos
319 3377 331 3411 (
355 3370 545 3418 AEthiopes
569 3377 583 3416 >
607 3373 749 3408 dicere.-
774 3371 989 3418 Mystertum
1012 3371 1207 3418 Baptismi,
1233 3371 1322 3416 My-

1056 148 1321 193 DISSERT.
1350 149 1382 192 I.
1416 148 1544 192 CAP.
1569 148 1669 192 VII.

1403 229 1524 274 verit3
1553 227 1689 265 deinde
1710 226 1748 265 iu
1771 228 1921 276 Asiam,
1951 226 1985 265 8<
2014 228 2226 268 communis
2245 228 2393 268 tandem
2416 233 2519 284 apud

1402 294 1530 319 omnes
1559 281 1761 319 Christiani
1791 283 1953 320 nominis
1984 290 2103 321 sectas
2132 285 2310 322 evaserit.
2354 284 2448 323 Haec
2477 299 2518 322 ο-

1403 335 1509 371 mnia
1538 343 1704 372 constare
1733 334 1939 382 deberent,
1987 337 2044 383 si,
2094 345 2132 374 ut
2161 337 2365 375 adversarii
2396 338 2516 376 blate-

1404 397 1518 435 rant,
1561 401 1633 425 non
1666 388 1736 424 fuit
1765 387 1814 424 ab
1844 387 2029 439 Apostolis
2071 390 2268 428 derivata.
2316 389 2516 442 Praecipue

1401 441 1494 491 quia
1523 439 1586 477 liic
1616 441 1740 490 agitur
1769 453 1842 478 non
1872 441 1916 478 de
1936 440 2067 493 aliqua
2095 443 2351 494 speculativa,
2385 444 2418 479 δε
2449 445 2517 482 ab·

1400 502 1518 529 strusa
1548 494 1730 540 veritate,
1769 507 1858 545 quae
1888 495 1999 532 rudes
2034 494 2192 546 populos
2235 497 2349 534 latere
2378 499 2519 548 potuis-

1398 554 1483 592 set,
1529 546 1593 583 sed
1622 545 1668 582 de
1696 545 1977 593 Sacramentis,
2027 562 2114 599 quae
2145 550 2300 600 publice
2339 549 2522 589 fidelibus

1399 598 1710 635 administrantur
1727 628 1739 646 ,
1767 598 1814 635 ad
1843 597 2153 647 justificationem
2170 603 2228 641 vel
2245 603 2492 641 obtinendam
2507 634 2519 651 ,

1399 651 1458 689 vel
1490 651 1781 689 conservandam
1799 680 1809 697 ‚
1840 649 1873 686 8<
1902 653 2144 701 augendam5
2174 669 2339 706 quorum
2368 665 2520 707 propte—-

1398 717 1462 741 rea
1493 705 1727 754 ignorantia,
1769 717 1842 741 nec
1869 704 1908 742 in
1936 706 2034 755 ipsis
2059 707 2104 743 de
2147 709 2260 746 trivio
2289 708 2518 748 mulieribus

1397 757 1489 808 fingi
1521 766 1658 809 potest·

1451 811 1541 849 252.
1570 812 1660 848 Inst.
1682 810 1819 862 Aliqui
1838 823 1883 847 cx
1904 811 2034 849 nostris
2050 811 2140 862 ipsis
2155 810 2360 851 Catholicis
2375 844 2385 861 ,
2416 827 2518 865 prae-

1396 864 1510 914 cipue
1537 872 1665 902 autem
1695 864 1931 902 Missionarii
1950 893 1961 912 ‚
1990 864 2150 903 Graecos
2178 875 2382 915 accusant,
2412 868 2518 919 quod

1394 917 1575 967 quaedam
1611 917 1857 956 Sacramenta
1895 930 1968 955 non
2016 927 2240 969 agnoscant.
2289 919 2385 957 Inter
2421 920 2517 958 alios

1393 971 1623 1008 Graecorum
1668 979 1901 1008 accusatores
1947 971 2111 1008 citantur
2140 971 2272 1010 AEneas
2300 972 2520 1024 Episcopus

1393 1021 1644 1071 l'arisiensis,
1676 1023 1904 1061 Ratramnus
1934 1023 2169 1072 Monachus,
2200 1025 2406 1063 Anselmus
2435 1026 2516 1064 Ha-

1393 1079 1677 1128 vespergensis,
1707 1077 1864 1114 Cardin.
1896 1076 2158 1125 Humbertus,
2196 1078 2327 1115 Gurdo
2356 1080 2517 1117 Carme-

1390 1127 1485 1174 lita,
1533 1130 1658 1167 Gabr.
1686 1129 1877 1168 Prateolus
1894 1159 1904 1177 ‚
1955 1129 2123 1168 Thomas
2150 1145 2173 1167 a
2200 1130 2287 1168 Jesu
2305 1161 2315 1178 ,
2359 1132 2394 1169 8<
2424 1135 2516 1172 Ant.

1389 1182 1540 1222 Canens
1570 1183 1895 1234 Archiepiscopus
1918 1183 2162 1234 Corcyrensis
2180 1213 2191 1230 ,
2220 1185 2307 1235 ⁶qui
2339 1185 2377 1221 in
2407 1184 2520 1224 Hist.

1389 1233 1455 1273 De
1488 1235 1724 1273 Graecorum
1753 1239 2017 1274 recentiorum
2047 1234 2262 1278 haeresibus,
2289 1237 2334 1275 ad
2366 1237 2516 1289 Grego-

1389 1289 1491 1326 rium
1508 1289 1615 1327 XIII.
1645 1290 1795 1327 Graccis
1826 1289 1962 1326 multos
1992 1301 2135 1326 errores
2155 1288 2290 1340 objicit
2321 1290 2423 1328 circa
2443 1291 2512 1329 Sa-

1389 1350 1608 1387 cramenta5
1640 1344 1836 1394 praecipue
1865 1351 1989 1380 antem
2019 1342 2125 1393 quod
2151 1356 2218 1380 nec
2242 1343 2515 1381 Confirmatio-

1387 1408 1482 1432 nem-
1506 1396 1731 1444 admittant,
1762 1410 1831 1434 nec
1863 1395 2084 1433 Extremam
2109 1394 2336 1433 Unctionem
2353 1423 2363 1434 .
2395 1396 2510 1444 Quod

1388 1449 1492 1486 idem
1518 1450 1563 1487 de
1593 1448 1830 1501 AEthiopibus
1859 1458 1899 1486 ut
1939 1456 2087 1486 certum
2131 1449 2259 1486 asserit
2287 1448 2403 1487 Jobus
2433 1449 2515 1487 Luc

1387 1500 1552 1553 dolphus
1579 1506 1620 1539 ιή
1637 1500 1953 1553 ΗίςῑφΕὶᾷγορ.
1973 1501 2061 1539 Lib.
2078 1502 2146 1539 Ill.
2176 1515 2211 1538 c.
2236 1502 2272 1540 5.
2293 1531 2304 1549 ,
2335 1502 2519 1552 reficiens

1387 1563 1426 1591 nt
1456 1554 1669 1593 fabulosam
1699 1555 1817 1594 illam
1838 1555 2089 1601 relationem,
2128 1568 2246 1606 quam
2275 1556 2321 1592 de
2352 1557 2520 1607 abyssi«

1385 1619 1524 1644 norum
1555 1609 1736 1660 religione
1766 1608 1934 1646 ediderat
1963 1607 2177 1645 Damianus
2205 1621 2227 1644 a
2256 1607 2358 1645 Goez
2400 1609 2516 1647 nobi-

1384 1658 1431 1695 lis
1462 1660 1664 1699 Lusitanus
1705 1662 1882 1712 deceptus
1926 1661 2139 1698 narratione
2169 1660 2344 1698 Matthaei
2378 1662 2512 1699 Arme-

1385 1712 1425 1748 ni
1443 1740 1453 1758 ,
1483 1713 1552 1763 qui
1583 1715 1729 1764 primus
1759 1726 1803 1750 ex
1824 1712 2014 1764 zEtliiopia
2043 1713 2091 1749 ad
2113 1712 2412 1754 Emmanuelem
2433 1715 2516 1753 Ln-

1386 1765 1533 1802 sitaniae
1566 1765 1706 1817 Regem
1736 1766 1897 1817 Legatus
1927 1766 2129 1803 advenerat
2160 1765 2225 1816 (a)
2249 1792 2260 1805 .

1444 1817 1534 1857 253.
1567 1818 1677 1871 Hesp.
1708 1819 1778 1856 His
1807 1818 2017 1866 omnibus,
2061 1817 2095 1854 Se
2126 1819 2156 1856 si
2185 1820 2272 1870 quis
2300 1828 2386 1857 sunt
2413 1819 2521 1868 alii„

1386 1884 1454 1908 nos
1478 1875 1706 1923 opponimus
1736 1871 1857 1909 multo
1873 1872 2046 1909 firmiora
2071 1881 2339 1918 monumenta,
2370 1872 2523 1924 quibus·

1385 1924 1430 1960 de
1460 1934 1560 1962 recta
1590 1926 1841 1971 Graecorum,
1871 1933 1985 1974 atque
2013 1923 2272 1962 Orientalium
2303 1925 2377 1961 fide
2406 1926 2512 1963 circa

1383 1986 1525 2027 septem
1555 1977 1803 2014 Sacramenta
1829 1978 1984 2013 omnino
2026 1976 2292 2014 convincimur
2315 2003 2325 2014 .
2369 1976 2515 2028 Hujus-

1385 2030 1490 2066 modi
1508 2038 1590 2066 sunt
1611 2028 1722 2067 Libri
1743 2027 1960 2081 Symbolici
1982 2026 2139 2066 illarum
2169 2031 2342 2080 gentium
2360 2060 2370 2076 ,
2399 2045 2509 2068 nem=

1387 2096 1434 2134 pe
1463 2081 1699 2132 Euchologia
1719 2112 1730 2130 ,
1774 2081 1807 2116 8<
1835 2080 2091 2127 Catechismi3
2135 2082 2304 2134 publicae
2349 2083 2512 2122 Patriar-

1387 2134 1548 2173 charum
1563 2165 1579 2182 ‚
1605 2134 1989 2187 Metropolitanorum
2007 2134 2276 2187 ,aliorumque
2293 2135 2510 2175 Praesulum

1388 2190 1647 2240 responsiones
1664 2217 1674 2236 ,
1695 2188 1934 2240 Synodorum
1955 2188 2069 2225 etiam
2087 2189 2229 2225 iteratae
2250 2189 2484 2228 definitiones
2497 2216 2518 2229 0»

1387 2242 1460 2279 His
1485 2242 1719 2280 inconcussis
1749 2241 2003 2278 monumentis
2031 2241 2205 2279 addimus
2225 2256 2378 2294 quoque
2407 2243 2512 2282 Scri-

1380 2304 1532 2347 ptorum
1563 2295 1791 2332 Graecorum
1821 2293 1985 2331 illustria
2027 2296 2265 2344 testimonia,
2309 2295 2441 2348 quales
2470 2312 2518 2336 ao>

1382 2348 1459 2400 pud
1490 2349 1590 2400 ipsos
1632 2357 1714 2386 sunt
1743 2346 1897 2385 Simeon
1927 2346 2243 2386 Tessalonicensis
2266 2379 2276 2396 ,
2319 2351 2387 2401 qui
2425 2362 2521 2387 suos>
2572 2347 2574 2349 ¹

1382 2401 1498 2439 libros
1526 2402 1572 2439 de
1601 2401 1857 2438 Sacramentis
1886 2410 1969 2438 ante
1997 2400 2216 2439 Concilium
2239 2402 2519 2441 Florentinum

1386 2455 1531 2502 edidit,
1574 2453 1736 2492 Gabriel
1766 2452 2011 2504 Metropolita
2040 2452 2413 2506 philadelphiensis,
2442 2469 2510 2494 cu.-

1386 2508 1447 2559 jus
1477 2507 1676 2546 'Praetatiis
1704 2506 2032 2544 de-Sacramentis
2063 2507 2237 2556 impressi
2267 2518 2353 2545 sunt
2384 2507 2512 2546 Vene-

1387 2563 1451 2599 tiis
1478 2574 1576 2600 anno
1596 2559 1709 2599 1600.
1727 2589 1737 2607 ,
1779 2559 1987 2610 Gregorius
2015 2557 2351 2610 Protu-Syncellus
2380 2562 2420 2598 in
2450 2559 2510 2596 E-

1386 2618 1531 2666 pitome
1559 2614 1778 2653 divinorum
1808 2611 2127 2664 ίῑῖχεῐενὶονυνη,
2158 2611 2388 2650 &Meletius
2418 2611 2510 2664 Piga

1388 2667 1609 2706 Patriarclia
1626 2665 1903 2704 Alexandrinus
1919 2695 1929 2713 ,
1959 2664 2072 2716 cujus
2092 2673 2215 2702 extant
2235 2665 2322 2702 dure
2352 2666 2508 2717 dogma-

1386 2723 1472 2760 ticae
1503 2721 1670 2773 epistolas
1688 2720 1798 2757 editae
1815 2732 1914 2758 anno
1939 2731 2053 2770 1709·
2084 2717 2153 2755 His
2169 2719 2400 2757 inconcussis
2422 2720 2511 2757 suna

1385 2775 1572 2813 (lamentis
1602 2775 1740 2811 frustra
1777 2781 2023 2824 opponuntur
2066 2772 2275 2808 testimonia
2304 2771 2508 2810 Missiona-

1386 2830 1559 2875 riorum,
1589 2835 1653 2864 aut
1681 2825 1847 2863 aliorum
1877 2825 2135 2875 sc1·iptom111‚
2165 2826 2232 2875 qui
2263 2823 2375 2862 facile
2404 2824 2518 2862 deci-⁷
2552 2823 2563 2827 ’

1386 2882 1426 2933 pi
1456 2888 1682 2932 potuerunt3
1725 2878 1785 2916 vel
1816 2877 1916 2929 quod
1947 2878 2115 2915 viderent
2152 2879 2244 2914 ritus
2274 2878 2311 2914 in
2340 2878 2511 2915 admini-

1386 2934 1546 2973 strandis
1574 2931 1833 2972 Sacramentis
1862 2946 1883 2969 a
1912 2931 2045 2969 nostris
2072 2930 2182 2982 longe
2210 2931 2400 2971 diversos:
2427 2929 2505 3020 dvel

2349 2995 2424 3034 quo

1390 3097 1529 3127 sterium
1556 3093 1595 3125 S.
1623 3092 1749 3130 σκωμ-
1774 3091 1988 3135 Μγείενίωπ
2007 3091 2249 3136 Con-fessionis
2266 3112 2275 3120 ·
2300 3088 2509 3134 Alia‘Mre*

1391 3145 1522 3179 steria,
1550 3143 1599 3172 uel
1629 3143 1850 3171 octe-ramenta
1869 3152 1931 3171 non
1960 3146 2034 3171 sunt
2060 3143 2187 3171 inusu-
2214 3133 2277 3184 Sed
2299 3135 2405 3177 ignoti
2432 3136 2509 3169 hu*

1388 3187 1445 3231 jus
1472 3186 1633 3229 Gregcrii
1661 3186 1793 3217 nnllam
1818 3197 1889 3217 esse
1914 3186 2183 3221 auctoritatem,
2209 3191 2351 3224 ejusque
2380 3182 2512 3232 ingizo--

1389 3233 1503 3265 rancia
1532 3233 1634 3264 fuisse
1664 3230 1881 3275 Ludotplium
1907 3231 2052 3264 abusum
2079 3228 2120 3262 ad
2147 3238 2215 3259 snae
2244 3235 2345 3278 sectae
2373 3238 2511 3272 [πεμμ-

1388 3277 1479 3310 dicia
1505 3277 1739 3314 confirmanda
1754 3299 1766 3318 2
1806 3277 1966 3323 pluribus
1990 3273 2138 3312 ostendit
2162 3273 2336 3310 Eusebius
2361 3274 2509 3310 Remu-.-

1388 3323 1501 3360 dorius
1522 3347 1529 3358 ε
