2605 3624
543 163 624 209 nr:
659 158 1221 207 SACRAMENTORUM
1256 159 1312 204 N.
1348 160 1399 203 L.
1431 160 1771 208 EFFICACIA.
2257 176 2309 216 55

53 245 334 296 Sama-inuis,
375 242 476 297 quod
512 256 604 280 cum
646 241 903 280 credidissent
935 238 1106 291 Philippo
1134 253 1173 280 e-

58 316 133 343 van
164 304 320 342 elizanti
339 297 388 336 de
414 310 539 349 regno
558 295 666 345 Dei,
695 299 736 333 in
765 299 928 333 nomine
947 293 1040 332 Jesu
1065 293 1172 332 Chri-

65 362 117 396 sti
157 353 434 406 aptizabantur
453 354 543 398 viri,
571 362 623 388 ac
643 350 829 387 mulieres
847 364 860 393 ‚·
891 356 928 386 ut
957 361 1096 399 nempe
1118 350 1174 386 in·

57 408 294 462 nauigamus,
323 405 439 443 fidem
468 403 627 456 quidem
649 406 686 441 iu
714 403 853 441 adultis
874 403 1089 454 praecedere
1107 402 1173 440 de-

59 462 173 510 bere,
201 457 512 512 justificationem
541 466 667 495 autem
696 470 765 509 per
784 456 1077 495 Sacramentum
1106 456 1173 494 ob·

58 514 251 555 uiuendum
280 525 384 551 esse.
413 511 498 549 Huc
530 511 698 563 denique
727 519 894 562 spectant
924 509 1038 547 verba
1063 508 1174 547 Chri·

55 569 100 608 ·ti
121 567 276 606 Domini
296 564 425 605 Marci
446 563 541 602 XVI
569 564 652 602 16.:
683 564 759 611 Qui
788 562 997 601 crediderit
1028 562 1076 602 <9¹
1106 561 1175 600 ba-

54 624 223 675 ptizatus
238 618 399 672 fuerit,
428 619 558 656 salvus
587 622 688 656 erit.
728 617 807 656 Ubi
837 616 884 654 ad
911 615 1073 654 salutem
1105 629 1176 653 non

53 674 171 714 fidem
199 675 319 713 solam
338 671 513 712 sufficere
530 701 541 720 ,
568 671 633 710 sed
663 680 801 724 praeter
827 670 943 709 fidem
971 671 1088 707 etiam
1110 669 1179 708 Sa·

55 737 297 768 “amentum
325 726 510 778 Baptismi
539 726 713 777 requiri,
740 724 942 762 manifeste
969 722 1125 760 docetur
1142 748 1153 760 .

113 781 206 821 556.
235 779 348 819 Prob.
368 777 541 818 secundo
560 789 730 817 nostrum
750 778 887 829 dogma
915 785 1086 815 veterum
1107 775 1181 814 Ec-

55 834 184 874 clesiae
206 834 363 872 Patrum
377 833 598 872 auctoritate
615 857 626 869 .
655 831 754 869 Nam
775 830 1063 881 antiquissimus
1083 828 1179 867 Ter-

54 888 242 928 tullianus
271 887 361 926 Lib.
402 885 468 925 De
495 884 704 936 Baptismo
732 898 819 935 cap.
854 896 888 921 r.
919 881 1032 920 Felix
1052 913 1064 930 ,
1095 884 1180 932 ait,

60 941 354 980 Saramentum
381 951 500 991 aquoe
528 947 677 976 nostrae
695 967 706 986 ,
749 949 830 988 qua
859 934 1001 974 ablutis
1029 935 1180 975 delictis

57 999 237 1045 pristinoe
262 996 457 1034 coecitatis
471 1022 483 1040 ,
512 995 553 1028 in
573 996 696 1029 vitam
717 1000 918 1028 aeternam
940 989 1180 1028 liberamur.

55 1048 171 1087 Plura
197 1046 341 1085 similia
383 1045 497 1084 babet
526 1046 565 1083 in
595 1045 726 1083 eodem
763 1043 893 1091 libro,
937 1044 982 1080 ad
1015 1043 1179 1096 proban-

54 1101 144 1140 dam
174 1099 357 1153 Baptismi
398 1097 611 1137 efficaciam
633 1128 644 1139 .
689 1097 737 1135 Et
767 1099 806 1136 in
837 1096 926 1135 Lib.
956 1095 1021 1134 De
1050 1109 1180 1135 resur-

54 1163 151 1193 rect.
178 1156 318 1192 carnis
346 1166 432 1205 cap.
462 1151 502 1191 8.
536 1151 642 1190 Caro
660 1182 671 1200 ,
714 1152 839 1204 inquit
857 1180 868 1199 ,
911 1149 1107 1199 abluitur,
1137 1159 1179 1188 ut

59 1211 202 1246 anima
223 1205 493 1246 emaculetur:
521 1218 619 1244 caro
636 1208 820 1257 ungitur,
850 1212 891 1241 ut
919 1208 1065 1242 anima
1085 1216 1180 1241 con-

56 1270 231 1300 secretur
251 1275 267 1305 ;
308 1272 406 1298 caro
434 1263 645 1312 signatur,
688 1267 730 1295 ut
761 1261 907 1296 anima
937 1262 1142 1296 muniatur
1162 1273 1177 1302 ,-

56 1327 154 1354 caro
183 1327 331 1352 manus
359 1317 607 1365 impositione
635 1311 901 1350 adumbratur
921 1342 932 1359 ,
961 1320 1002 1349 ut
1030 1316 1179 1350 anima

52 1381 75 1406 s
103 1372 192 1409 tritu
219 1368 461 1406 illuminetur
480 1382 496 1412 ;
538 1379 636 1405 caro
664 1378 853 1415 corpore,
896 1366 946 1406 <9¹
976 1370 1178 1418 sanguine

59 1421 202 1459 christi
231 1425 414 1468 vescitur,
443 1429 485 1457 ut
513 1421 563 1462 (θ’
591 1424 736 1458 anima
765 1419 814 1457 (le
831 1418 919 1456 Deo
947 1423 1177 1472 saginetur.

112 1474 204 1526 557.
234 1475 274 1513 S.
302 1475 518 1526 Cyprianus
546 1475 585 1512 in
615 1475 724 1526 epist.
746 1472 910 1511 LXXII.
939 1473 986 1510 ad
1016 1473 1178 1524 Stepha-

54 1541 147 1566 num
176 1529 296 1576 dicit,
343 1526 640 1566 catechumenos
667 1527 782 1577 plene
811 1525 1097 1578 sanctificari,
1127 1527 1177 1567 ὠ·

58 1594 146 1620 esse
168 1581 275 1633 filios
304 1579 381 1620 Dea·
401 1611 413 1631 ‚
456 1595 546 1620 cum
575 1580 822 1620 sacramento
851 1580 1036 1632 Baptismi
1064 1593 1178 1618 rena-

55 1643 213 1675 scantur
229 1661 245 1674 .
478 1654 481 1658 ·

65 1711 75 1720 ο
109 1687 204 1728 558.
233 1687 308 1726 Sed
335 1695 491 1740 praestat
518 1687 652 1726 audire
680 1686 721 1724 S.
745 1685 998 1737 ¹&ugustinum
1019 1715 1028 1728 ,
1059 1697 1176 1737 quem

55 1740 201 1779 obtorto
227 1739 328 1778 collo
355 1741 564 1779 adversarii
594 1741 630 1777 in
661 1754 743 1778 suas
774 1748 897 1791 partes
940 1738 1089 1776 trabere
1119 1753 1176 1776 sa-

58 1802 192 1845 tagunt
221 1794 314 1845 (a).
356 1794 397 1831 In
426 1793 484 1831 Ps.
515 1793 695 1832 LXXIII.
726 1806 832 1830 num.
866 1805 902 1830 2.
933 1792 1068 1840 docet,
1099 1805 1173 1830 non

57 1847 189 1884 eadem
215 1861 295 1885 esse
323 1846 568 1885 Sacramenta
597 1847 753 1893 veteris,
795 1846 829 1882 &
860 1846 949 1883 uovi
981 1855 1178 1883 testamen·

57 1901 85 1938 ti
106 1929 118 1947 ,
147 1901 240 1951 quia
268 1900 354 1937 alia
381 1909 471 1937 sunt
501 1899 776 1937 Sacramenta
804 1898 949 1935 <lautia
978 1899 1147 1935 salutem
1165 1927 1175 1944 ,

56 1953 143 1991 alia
168 1956 441 2004 promittentia
470 1952 722 1990 salvatorem
743 1979 754 1989 .
784 1951 1060 1989 Sacramenta
1089 1953 1178 1987 not-i

55 2009 286 2045 testamenti
312 2004 411 2056 dant
430 2005 605 2043 salutem
621 2018 635 2041 .·
666 2004 941 2043 Sacramenta
961 2008 1100 2042 veteris
1121 2013 1177 2041 te-

54 2064 246 2098 stamenti
271 2062 538 2111 promiserunt
570 2057 850 2096 Salt’atorem.
881 2059 921 2097 In
951 2057 1179 2096 Enchiridio

54 2126 140 2166 cap.
149 2111 216 2159 64.
230 2112 469 2166 Baptismum
482 2112 592 2160 dicit,
613 2125 686 2151 non
703 2112 830 2150 solum
845 2111 1073 2164 origin-alem
1094 2110 1179 2149 cul—

53 2180 169 2219 pam,
196 2165 267 2205 sed
281 2169 414 2205 activa
427 2179 577 2218 quoque
590 2174 760 2217 peccata
777 2195 787 2214 ,
817 2178 1078 2216 quoecumque
1093 2177 1179 2202 cor-

55 2218 117 2267 de,
131 2233 213 2268 ore,
227 2233 342 2271 opere
356 2223 575 2259 commissa
589 2223 804 2268 invenerit,
828 2220 964 2257 tollere
982 2245 992 2257 .
1024 2220 1067 2257 In
1087 2218 1178 2257 Lib.

54 2272 168 2312 XIX.
182 2283 310 2313 contra
326 2273 507 2312 Faustum
529 2287 614 2326 cap.
641 2286 700 2312 ιι.
722 2273 1083 2312 Sacramentorum
1100 2276 1177 2321 vis,

58 2327 212 2380 inquit,
241 2326 562 2367 inenarrabiliter
591 2328 694 2366 valet
723 2328 937 2379 plurimum
954 2342 970 2372 ,-
1011 2327 1060 2367 (9‘
1091 2326 1180 2364 ideo

54 2389 284 2433 contempta
327 2382 472 2420 sacrile
499 2394 543 2419 os
571 2381 684 2434 facit
707 2407 718 2419 .
761 2382 819 2420 Ac
857 2382 1014 2419 demum
1044 2379 1178 2419 Traet.

55 2430 223 2474 LXXX.
251 2436 292 2473 in
319 2435 428 2475 Joan.
499 2433 597 2484 nile,
629 2437 779 2488 inquit,
808 2444 927 2474 tanta
949 2438 1002 2473 ris
1031 2446 1178 2486 aquae,

54 2496 97 2525 ut
124 2501 263 2540 corpus
290 2497 464 2543 tangat,
492 2489 542 2530 ὠ·
572 2501 640 2528 cor
668 2488 806 2528 abluat
826 2488 851 2526 ?

69 2565 76 2572 ·
107 2541 202 2596 559.
229 2541 364 2597 Neque
393 2543 739 2596 praetermittendus
768 2553 820 2582 est
849 2556 895 2581 ex
916 2540 1091 2580 Patribus
1119 2539 1178 2579 la-

56 2594 143 2633 tinis
168 2596 210 2635 S.
240 2596 318 2635 Leo
345 2595 469 2649 Papa,
499 2598 568 2650 qui
597 2599 638 2636 iu
667 2597 792 2635 Serm.
814 2595 989 2644 XX1V.,
1019 2609 1084 2634 seu
1106 2595 1178 2634 lV.

58 2648 98 2686 in
117 2647 245 2688 Nativ.
266 2649 423 2689 Domini
454 2663 489 2688 c.
511 2651 552 2689 3.
583 2649 707 2688 Omni
727 2649 905 2698 homini,
935 2649 1059 2702 iuquit
1075 2680 1086 2698 ,
1115 2661 1177 2686 re-

59 2706 242 2741 nascenti
279 2716 389 2755 aqua
417 2703 681 2753 Baptismatis
727 2708 858 2742 instar
886 2711 945 2741 est
973 2707 1075 2741 uteri
1104 2705 1177 2740 vir-

61 2754 232 2806 ginalis,
271 2757 410 2796 eodem
440 2757 583 2808 Spiritu
613 2757 764 2796 Sancto
793 2757 967 2807 replente
982 2756 1175 2810 sontem,

62 2809 128 2856 «Ιυὶ
155 2809 307 2858 replevit
334 2811 383 2851 (9¹
406 2809 613 2864 Virginem
631 2842 642 2861 ,
671 2821 711 2849 ut
730 2820 940 2862 peccatum
958 2841 969 2860 ,
998 2809 1100 2861 quozl
1127 2808 1178 2848 ibi

62 2863 242 2898 vacuavit
269 2875 390 2902 sacra
416 2870 644 2916 conceptio,
690 2864 751 2904 hic
781 2869 961 2918 mystica
989 2865 1102 2903 tollat
1132 2877 1178 2901 a·

63 2911 208 2974 blutIo.
237 2913 397 2965 Nescio,
424 2933 473 2956 an
502 2918 652 2971 aliquid
680 2921 801 2971 magis
821 2920 1040 2971 energicum
1069 2931 1179 2956 exco-

62 2974 177 3017 gnari
221 2968 334 3019 possit
361 2969 408 3006 ad
434 2970 704 3011 declarandam
743 2987 936 3011 summam
966 2967 1180 3011 efficaciam

65 3019 249 3071 Baptismi
280 3020 327 3058 ad
355 3019 512 3060 delenda
539 3035 693 3074 peccata
712 3051 722 3063 .

118 3073 212 3120 540.
244 3073 314 3111 His
342 3072 516 3111 Patribus
558 3076 683 3114 latinis
710 3086 784 3116 tres
810 3092 954 3131 graecos
994 3077 1182 3132 adjunga-

66 3139 153 3166 mus
188 3127 234 3165 ad
264 3127 564 3178 cognoscendam
608 3131 802 3181 utriusque
829 3132 1014 3171 Ecclesiae
1058 3132 1184 3185 perse-

68 3188 167 3220 ctam
196 3181 238 3221 iu
266 3179 337 3219 hoc
365 3180 539 3232 dogmate
567 3184 848 3221 consonantiam
868 3212 881 3232 ,
908 3184 1052 3225 scilicet
1079 3185 1184 3226 Basi-

1242 240 1367 287 Iium,
1399 240 1630 292 Gregorium
1661 241 1873 292 Nyssenum
1893 275 1902 291 ‚
1933 247 1964 282 ἃ
1995 247 2198 300 cyrillum
2218 248 2365 290 Jerom.

1243 292 1504 346 Iymitauum.
1555 294 1700 331 Horum
1733 297 1879 346 primus
1911 298 2023 337 Ilom.
2057 302 2162 340 XIII.
2194 317 2262 355 per
2292 304 2361 341 Ba-

1241 348 1424 399 ptismum
1453 347 1547 384 dicit
1575 352 1760 385 renovari
1791 353 1978 386 animam
1996 378 2005 387 .
2038 354 2083 391 Et
2113 366 2257 406 postca:
2287 356 2366 395 Ba-

1241 404 1409 450 ptismus
1436 412 1530 452 ergo
1559 405 1713 450 peccati
1743 414 1849 439 mors
1867 431 1878 450 ,
1907 407 2061 440 animae
2090 415 2339 458 regeneratio
2356 439 2366 454 ,

1242 453 1465 504 adoptionis
1506 458 1644 506 gratia
1665 481 1676 492 .
1724 454 1820 505 Ejus
1861 465 1988 494 autem
2019 458 2134 495 frater
2163 463 2369 513 Gregorius

1242 507 1436 560 Nyssenus
1464 507 1572 546 Orat.
1611 509 1649 545 in
1685 507 1826 546 Christi
1857 509 2124 560 Baptismum,
2170 526 2369 565 postquam

1242 561 1417 608 dixisset,
1447 560 1687 613 Baptismum
1704 575 1780 599 esse
1801 566 2072 610 espititionem
2090 575 2341 613 peccatorurtz
2354 599 2366 616 ‚

1242 618 1521 652 remissiffliem
1551 614 1784 652 delictorum
1803 646 1813 662 ,
1843 621 2109 655 renovationis
2138 618 2186 657 <9-
2208 631 2248 656 re
2280 632 2368 657 ene-

1248 671 1416 705 rationis
1444 680 1638 716 causam,
1670 669 1721 706 ita
1743 668 1886 706 subdit:
1917 671 2055 720 Aqua,
2085 684 2175 708 cum
2206 673 2300 709 niiil
2321 683 2370 711 st:

1249 721 1385 769 aliud,
1415 734 1539 772 quam
1567 734 1676 772 aqua
1694 752 1704 770 ,
1734 735 1908 772 superna
1928 728 2066 776 gratia
2094 723 2371 773 benedicente,

1250 779 1291 812 in
1320 787 1410 812 eum
1428 804 1439 822 ,
1468 787 1558 825 quae
1587 783 1722 814 mente
1750 779 1986 825 percipitur,
2024 776 2228 816 hominem
2256 792 2372 818 reno-

1249 837 1315 866 rat
1334 833 1660 880 generationem.
1693 828 1807 879 Quod
1836 834 1868 867 si
1896 834 1982 881 quis
2002 830 2097 869 mihi
2127 830 2342 870 dubitando
2359 863 2371 882 ,

1250 885 1453 934 negotium
1469 880 1654 920 exhibeat
1672 912 1683 930 ,
1713 887 1969 935 interrogans
1986 914 1996 932 ,
2026 897 2107 936 qua
2135 889 2293 923 ratione
2321 899 2367 923 a·

1249 948 1329 985 qua
1357 934 1607 988 regeneret?
1636 935 1788 974 Dicam
1808 942 1955 987 optimo
1978 939 2072 990 jure
2100 937 2157 976 ad
2176 952 2298 976 eum:
2329 953 2370 979 o-

1249 988 1388 1027 stende
1418 989 1513 1026 tni'ii
1550 989 1714 1027 molum
1743 995 1989 1039 nativitatis,
2037 1005 2127 1043 quoe
2144 991 2201 1045 fit
2230 1006 2371 1031 secun-

1248 1042 1341 1080 dum
1358 1055 1527 1081 carnem
1540 1073 1550 1091 ,
1571 1044 1620 1084 (ἲ)
1636 1056 1708 1095 ego
1729 1043 1794 1081 tibi
1815 1049 1891 1081 vim
1912 1048 2251 1097 regenerationis,
2281 1059 2372 1096 qua:

1246 1095 1467 1134 secundum
1487 1100 1675 1134 animam
1686 1096 1739 1148 fit
1755 1126 1765 1144 ,
1787 1110 2014 1145 eit-ponam.
2045 1098 2222 1152 Denique
2237 1099 2277 1137 S.
2292 1101 2372 1151 Cy-

1247 1149 1358 1188 rillus
1373 1149 1599 1202 Jerosolym.
1619 1149 1814 1187 catechesi
1830 1150 1897 1188 111.
1928 1149 2003 1188 Per
2022 1164 2173 1203 aquam
2187 1181 2197 1200 ,
2219 1154 2372 1207 inquit,

1245 1208 1384 1256 gratia
1413 1203 1536 1241 datur
1562 1203 1651 1243 (9¹0.

1302 1257 1394 1302 341.
1425 1257 1521 1305 Hae,
1549 1256 1716 1309 aliaeque
1731 1255 1896 1305 similes,
1916 1258 2053 1310 saepius
2068 1259 2261 1311 repetitae,
2290 1272 2375 1297 sau-

1246 1318 1296 1348 ct.
1317 1309 1473 1349 Patrum
1495 1309 1705 1349 locutiones
1734 1311 1826 1363 quid
1855 1310 1961 1348 aliud
1982 1311 2199 1363 significant
2215 1341 2226 1361 ,
2253 1325 2376 1365 quam

1246 1363 1425 1402 latentem
1444 1394 1455 1412 ,
1487 1363 1521 1400 ἃ
1542 1363 1779 1403 invisibilem
1804 1364 1874 1402 Dei
1903 1367 2065 1416 gratiam
2087 1365 2196 1404 nobis
2225 1380 2293 1418 per
2307 1365 2376 1405 Sa-

1245 1427 1441 1456 cramenta
1472 1418 1623 1457 infundi
1645 1447 1655 1465 ,
1685 1418 1731 1456 ad
1761 1428 2003 1470 peccatorum
2024 1421 2274 1470 expiationem
2293 1448 2303 1466 ,
2333 1432 2373 1456 a-

1246 1473 1446 1525 nimaeque
1475 1470 1842 1509 sanctificationem?
1885 1471 1970 1509 Non
2015 1484 2102 1522 ergo
2129 1471 2376 1511 Sacramenta

1245 1539 1356 1563 novae
1388 1526 1480 1576 legis
1509 1533 1594 1562 sunt
1624 1525 1728 1574 sigua
1754 1538 1905 1570 vacua,
1949 1524 2119 1572 sterilia,
2148 1525 2181 1561 &
2212 1526 2374 1574 inania,

1246 1592 1337 1629 quoe
1367 1580 1528 1629 gratiam
1559 1578 1821 1614 tantummodo
1851 1576 2125 1628 praefigurant5
2170 1578 2231 1616 sed
2262 1579 2373 1631 signa.

1247 1640 1335 1669 sunt
1364 1630 1478 1682 plena
1497 1659 1508 1678 ,
1537 1629 1571 1665 8(
1601 1628 1801 1678 efficacia,
1840 1640 1929 1680 quae
1958 1631 2120 1681 gratiam
2150 1631 2372 1680 continent,

1249 1683 1502 1735 eamdemque
1531 1684 1572 1721 in
1601 1683 1732 1721 anima
1757 1691 1885 1721 nostra
1912 1684 2158 1735 producunt,
2186 1686 2259 1723 uisi
2288 1684 2374 1723 obi-

1246 1750 1330 1774 cem
1360 1744 1580 1774 invemant.

1302 1790 1395 1835 542.
1423 1789 1530 1835 Quid
1559 1789 1605 1826 ad
1635 1786 1722 1826 haec
1749 1787 1940 1828 sectarii?
1989 1788 2144 1842 Frigide
2171 1790 2373 1843 respondet

1246 1842 1430 1880 Calvinus
1458 1841 1549 1880 Lsb.
1578 1841 1648 1879 IV.
1680 1840 1808 1880 Instit.
1838 1856 1924 1895 cap.
1946 1842 2007 1888 14.
2037 1843 2258 1891 nuum-26„
2287 1843 2377 1883 haeo

1245 1897 1377 1934 omnia
1406 1895 1453 1933 ad
1483 1894 1799 1947 amplificandam
1829 1895 2168 1935 Sacramentorum
2213 1897 2374 1949 dignita-

1246 1958 1324 1987 tem
1352 1949 1472 1999 paulo
1502 1948 1830 2002 magnificentius
1850 1949 2082 1988 areierz'bus
2110 1954 2261 2000 scripta
2263 1950 2374 2003 juis-

1245 2016 1318 2052 se,
1355 2015 1405 2040 ac
1422 2002 1590 2056 figuras
1618 2015 1705 2040 esse
1736 2001 2040 2055 hyperbolicas.
2085 2003 2268 2056 Frigide,
2314 2007 2372 2043 in-

1245 2070 1388 2109 quam,
1418 2056 1451 2093 &
1482 2057 1682 2108 imperite.
1711 2055 1753 2094 Si
1784 2058 1889 2096 enim
1919 2056 2017 2096 hanc
2046 2057 2220 2110 regulam
2248 2058 2376 2110 expli·

1247 2111 1461 2149 candorum
1490 2120 1661 2148 veterum
1690 2108 1848 2149 Patrum
1879 2112 2143 2163 arripiamus,
2172 2111 2272 2150 uihil
2303 2113 2374 2150 erit

1247 2165 1289 2202 in
1318 2177 1426 2202 sacra
1455 2164 1658 2203 traditione
1687 2163 1780 2202 adeo
1800 2163 1943 2212 solide,
1973 2173 2257 2217 constanterque
2287 2165 2374 2202 sun-

1248 2218 1378 2256 datum
1396 2248 1407 2266 ,
1437 2218 1540 2270 quod
1568 2217 1746 2256 similiter
1781 2217 1947 2256 convelli
1977 2231 2051 2256 uon
2083 2219 2221 2267 possit.
2265 2216 2373 2254 Addo

1247 2270 1470 2310 locutiones·
1489 2271 1624 2310 allatas
1651 2273 1867 2324 priscorum
1889 2270 2074 2309 Ecclesiae
2105 2270 2260 2308 l‘atrum
2289 2282 2370 2308 esso

1246 2325 1427 2364 locutioni
1445 2325 1655 2376 Scripturae
1686 2339 1804 2363 sacrae
1835 2324 1995 2362 omnino
2023 2321 2193 2371 similes,
2222 2335 2312 2376 quae
2331 2330 2372 2361 ut

1247 2392 1364 2432 supra
1393 2392 1503 2416 num.
1533 2378 1627 2416 355.
1655 2378 1849 2425 vidimus,
1893 2389 2005 2430 aquae
2035 2376 2221 2428 Baptismi
2249 2377 2375 2414 virtu·

1246 2441 1323 2471 tem
1353 2432 1527 2471 tribuunt
1557 2443 1621 2468 nos
1650 2429 1907 2478 mundandi,
1936 2428 2176 2478 renovandi,
2204 2440 2370 2483 regene-

1247 2486 1394 2535 randi,
1424 2483 1711 2537 sanctificandi
1728 2514 1739 2532 ,
1769 2484 1817 2525 (θ’
1845 2480 2060 2521 salvandi.

1302 2540 1394 2585 545.
1424 2538 1537 2576 Prob.
1569 2537 1729 2576 ulterius
1764 2535 1952 2575 catholica
1993 2537 2131 2575 veritas
2161 2550 2206 2574 ex
2233 2535 2372 2575 defini-

1244 2594 1410 2632 tionibus
1440 2591 1654 2630 Ecclesiae.
1696 2589 1914 2629 Concilium
1962 2591 2068 2629 enim
2108 2588 2374 2629 Florentinum

1242 2649 1314 2685 sub
1343 2646 1522 2698 Eugenio
1544 2644 1613 2682 lV.
1642 2657 1745 2683 anno
1776 2643 1891 2690 1455.
1920 2643 2216 2694 suffragantibus
2258 2644 2378 2680 etiam

1243 2701 1394 2738 Graecis
1423 2701 1462 2737 in
1493 2696 1667 2737 Decreto
1699 2695 1866 2736 Unionis
1911 2699 1964 2735 ita
2005 2696 2203 2735 definivit:
2246 2696 2374 2734 Not-ce

1244 2754 1340 2807 legis
1371 2752 1645 2791 Sacramenta
1687 2751 1857 2789 multum
1887 2762 1916 2788 a
1945 2748 2227 2788 Sacramentis
2256 2748 2372 2798 diffe-

1244 2815 1336 2845 runt
1365 2810 1545 2858 antiquae
1588 2806 1714 2858 Iegis:
1762 2805 1833 2842 illa
1862 2807 1971 2842 enim
2014 2817 2096 2841 non
2143 2802 2373 2841 causabant

1245 2864 1424 2914 gratiam
1441 2891 1452 2909 ,
1489 2858 1561 2898 secl
1588 2872 1684 2897 eam
1711 2859 1839 2897 solum
1866 2869 1937 2908 per
1963 2860 2196 2909 passionem
2229 2854 2371 2895 Christi

1247 2914 1431 2953 dandam
1449 2912 1717 2966 figurabant.
1746 2910 1851 2950 Haec
1880 2923 1969 2949 vero
1997 2920 2136 2948 nostra
2164 2910 2214 2951 (9⁶
2243 2914 2367 2948 conti-

1248 2977 1345 3006 nent
1371 2971 1575 3021 gratiam,
1618 2966 1668 3007 &
1697 2969 1829 3015 ipsam
1858 2963 1979 3017 digne
2005 2962 2252 3003 sumentibus
2280 2976 2373 3001 con-

1238 3023 1410 3075 ferunt.
1449 3021 1498 3060 Et
1526 3033 1750 3073 quanquam
1781 3020 1913 3058 Graeci
1955 3019 1995 3056 in
2026 3018 2191 3070 patriam
2218 3017 2373 3055 reduces

1251 3076 1465 3115 foedissimo
1506 3082 1684 3112 renovato
1719 3071 1921 3112 schismate
1949 3071 1999 3109 ab
2030 3071 2182 3109 unionis
2225 3071 2374 3108 decreto

1252 3127 1452 3168 in'multis
1481 3135 1741 3176 recesserunt,
1780 3127 1821 3165 in
1849 3124 1921 3164 hac
1951 3133 2078 3163 tamen
2107 3124 2373 3162 sacramento-

1251 3195 1341 3222 rum
1370 3180 1543 3222 efficacia
1571 3179 1786 3220 confitenda
1813 3187 2021 3219 constantes
2051 3183 2342 3231 permanserunt
2361 3197 2372 3210 .

2210 3230 2313 3277 Qua·

113 3356 161 3391 (ιι)
189 3351 294 3399 Quem
312 3377 323 3396 ,
367 3355 492 3401 inquit
518 3355 688 3389 Calvinus
728 3354 806 3390 Lib.
834 3353 895 3389 IV.
932 3352 1084 3391 institut.
1111 3367 1187 3401 cap.
1219 3354 1273 3400 ¹4·
1299 3354 1335 3391 {n
1362 3355 1453 3398 fine,
1490 3364 1526 3392 u,
1550 3357 1736 3400 optimum,
1777 3363 1818 3389 ex
1848 3360 1918 3389 tota
1944 3351 2179 3395 “qeiquitaoe'
2214 3346 2252 3377 ὕ,
2274 3340 2372 3385 fide-

72 3398 237 3434 lissimum
265 3409 382 3438 testem
412 3406 531 3446 sapius
558 3406 723 3437 citanms.
