2605 3624
662 113 743 160 DE
779 112 1058 158 INTERNA
1093 112 1367 156 MlMS'i'tu
1402 111 1826 157 INTENTJONE.

108 200 370 253 Augustinus,
418 196 452 233 8(
489 201 569 247 post
601 192 854 245 Augustinum
896 192 1130 229 Innocentius
1162 193 1226 231 lll.

109 267 196 306 cap.
226 253 411 303 Majores
439 248 488 287 de
502 247 736 298 Βαριῐενπο,
765 247 916 298 &ejus
946 243 1149 290 effectibus
1169 246 1226 283 ‹Ii-

108 320 218 345 cens:
268 304 345 355 Qui
360 302 465 356 ficte
493 301 549 338 ad
577 299 816 351 baptismum
852 298 1037 346 accedit,
1079 297 1225 336 chara-

105 369 255 399 cterem
283 359 440 408 suscipit
475 353 787 392 Christianitatis
816 357 1052 402 impressum
1070 377 1081 390 .

162 412 253 450 500.
282 409 358 448 Nos
399 417 527 447 autem
565 421 679 460 supra
723 420 833 444 num.
865 407 955 458 259.
987 414 1152 443 mentem
1183 405 1224 444 S.

105 464 223 504 Patris
238 462 539 515 explicavimus,
568 461 668 513 quod
699 473 766 511 per
797 459 990 498 fallaciam
1009 490 1019 507 ,
1049 458 1082 496 8(
1105 461 1224 497 simu-

105 518 283 557 lationem
313 529 387 554 nou
410 514 639 554 intellexerit
667 514 951 552 simulationem
985 514 1223 561 intentionis,

103 570 164 609 vel
196 571 386 609 internam
422 570 635 608 irrisionem
655 597 665 616 ,
695 569 757 606 sed
789 568 909 618 potins
939 565 1223 605 simulationem

105 623 196 663 fidei
223 623 433 662 Catliolicae
451 653 462 671 ,
493 637 514 661 a
534 636 610 676 qua
640 621 889 673 suscipientes
918 622 1077 658 interius
1105 618 1224 657 alieni

100 686 233 715 erant:
278 676 380 715 liunc
409 686 535 715 autem
579 682 691 715 rectae
720 675 810 714 fidei
848 674 1039 712 defectum
1076 675 1224 712 veritati

102 729 286 782 baptismi
320 743 393 768 non
423 731 578 768 obesse.

156 784 248 823 501.
277 783 352 822 Sed
383 794 488 836 urget
517 783 705 835 Serryus‚
735 780 832 820 lianc
862 780 1141 832 responsionem
1165 794 1229 818 ex-

102 836 288 890 plodens.
335 837 377 876 S.
407 836 515 876 Pater
545 836 640 874 hanc
661 834 864 873 ‹fallaciam
882 864 893 882 ,
922 847 986 871 seu
1016 832 1227 871 simulatio-

99 905 187 929 nem
217 893 331 930 etiam
362 894 403 929 in
431 889 573 928 haeresi
602 889 780 927 admisit:
822 901 897 925 non
928 899 1016 938 ergo
1057 886 1228 938 loquitur

95 944 144 982 de
171 944 414 983 simulatione
442 943 531 982 fidei
561 941 768 981 Catholicae
787 966 797 979 .
835 941 1020 978 Praeterea
1052 940 1153 978 idem
1184 941 1226 979 S.

98 995 208 1035 Patet·
238 997 336 1036 lianc
364 996 648 1035 simulationem
687 995 865 1046 supponit
904 1003 980 1031 tam
1011 997 1052 1030 in
1083 992 1224 1031 Eccle-

98 1054 184 1097 sia,
215 1063 332 1103 quam
364 1051 403 1088 in
433 1064 476 1088 ea
494 1080 505 1098 ,
533 1062 623 1099 quoe
650 1057 812 1099 putatur
831 1047 1044 1085 Ecclesia:
1074 1061 1146 1084 non
1164 1061 1222 1086 er-

95 1115 144 1156 go
172 1101 342 1155 quuitur
370 1103 417 1140 de
445 1103 685 1141 simulatione
715 1110 827 1139 rectae
858 1101 949 1139 fidei
972 1127 982 1138 .

155 1155 249 1195 502.
281 1155 420 1207 Resp.‚
463 1155 560 1195 hanc
589 1155 872 1194 simulationem
919 1154 1008 1193 fidei
1039 1154 1123 1192 sieri
1155 1167 1221 1206 po-

94 1209 207 1248 tuisse
235 1223 309 1248 non
338 1209 461 1248 solum
494 1211 532 1247 in
563 1209 737 1249 Ecclesia
766 1206 953 1247 catholica
972 1239 982 1257 ,
1012 1208 1074 1246 sed
1105 1210 1220 1247 etiam

92 1263 134 1301 in
169 1263 315 1302 l'laeresi
334 1293 345 1312 ‚
374 1262 436 1302 vel
466 1261 705 1302 Seliismate.
748 1262 854 1310 Quid
884 1263 988 1300 enim
1021 1261 1221 1314 prohibet,

94 1315 287 1359 Judaeum,
307 1330 351 1356 ex
379 1330 438 1370 gr.
459 1347 472 1366 ,
509 1317 570 1356 vel
601 1316 796 1356 Gentilem
825 1315 925 1354 lucri
946 1346 957 1365 ,
1002 1315 1065 1354 vel
1095 1315 1222 1356 ambi-

96 1370 211 1408 tionis
238 1372 383 1410 motivo
410 1381 536 1424 petere
565 1371 626 1409 vel
656 1386 678 1410 a
707 1368 929 1419 catholicis,
973 1369 1034 1407 vel
1065 1368 1114 1407 ab
1146 1368 1222 1406 hae-

94 1424 253 1472 reficis,
283 1423 317 1461 8(
347 1423 600 1464 schismaticis
629 1425 889 1477 baptismum,
919 1424 1016 1462 sicut
1046 1423 1153 1475 petiit
1182 1436 1223 1460 o-

93 1475 165 1514 lim
195 1477 245 1516 ab
275 1478 461 1530 Apostolis
476 1479 609 1517 Simon
639 1478 808 1530 Magus3
841 1487 878 1515 ut
907 1486 1063 1529 accepto
1093 1486 1221 1529 postea

96 1529 243 1582 Spiritu
272 1539 400 1570 sancto
416 1540 537 1585 posset
554 1533 709 1571 virtutes
724 1529 904 1584 operari?
937 1531 1133 1569 Referente
1153 1544 1222 1568 au-

89 1590 170 1622 tem
203 1583 359 1623 Socrate
386 1585 476 1624 Lib.
498 1585 586 1624 Vll.
617 1585 722 1623 Hist.
754 1583 867 1622 Eccl.
898 1599 984 1636 cap.
1008 1584 1100 1634 57.,
1130 1597 1220 1621 cum

91 1635 250 1676 Judaeus
280 1638 370 1677 ficto
404 1639 536 1677 animo
577 1639 812 1691 baptismum
841 1652 863 1674 a
892 1636 1012 1674 Paulo
1040 1637 1221 1674 Novaria-

95 1703 235 1729 norum
264 1691 455 1743 Episcopo
485 1693 683 1742 petiisset,
717 1705 814 1743 aqua
845 1691 885 1728 in
917 1691 1071 1727 lavacro
1100 1692 1221 1739 posita

93 1742 209 1781 semet
229 1773 239 1790 ,
270 1742 305 1779 8(
335 1745 471 1781 iterum
501 1743 680 1792 effluxit,
710 1754 749 1781 ut
770 1744 895 1781 Judaei
925 1743 1034 1780 dolus
1064 1743 1219 1794 patefie-

94 1804 151 1833 ret
172 1821 183 1834 .
226 1795 416 1843 Quamvis
444 1806 570 1835 autem
601 1797 671 1835 boc
702 1797 933 1835 miraculum
966 1795 1219 1846 explodatur,

91 1861 163 1886 nou
194 1857 321 1888 tamen
351 1849 501 1902 explodi
534 1861 649 1901 potest
681 1852 811 1903 petitio
839 1850 1021 1902 baptismi
1046 1849 1219 1887 aJudaeo

91 1901 268 1939 simulate
298 1905 424 1942 sacta.
453 1906 469 1954 (
502 1903 591 1941 Vid.
623 1903 671 1941 T.
703 1905 732 1941 I.
763 1905 805 1953 ).

147 1954 240 1993 505.
271 1955 371 1993 lllud
401 1956 522 2002 addo,
552 1956 734 1995 omnibus
764 1955 971 1994 fatentibus
992 1985 1002 2003 ,
1033 1965 1146 2008 caput
1169 1955 1215 1994 il·

92 2005 161 2046 lud
194 2007 257 2046 55.
286 2008 326 2046 S.
358 2009 559 2060 Augustini
589 2009 702 2047 valde
730 2008 936 2046 obscurum
967 2023 1075 2055 esse;
1116 2010 1218 2047 unde

89 2069 167 2109 tot,
196 2074 240 2100 ac
261 2070 336 2100 tam
365 2063 527 2102 div-ersae
557 2063 779 2114 prodierunt
796 2061 1079 2113 'Tlreologorum
1110 2062 1217 2102 illius

85 2114 440 2168 interpretationes.
483 2115 685 2163 Quomodo
715 2116 830 2167 igitur
858 2115 931 2154 sibi
961 2114 1217 2155 blandiuntur

90 2168 332 2217 adversarii,
362 2182 469 2222 posse
494 2183 540 2207 ex
571 2169 639 2208 illo
668 2168 767 2206 trahi
797 2170 984 2207 invictum
1007 2198 1019 2216 ,
1063 2169 1097 2205 8(
1127 2183 1214 2222 ρει·-

87 2223 268 2273 spicuum
297 2232 564 2274 argumentum
594 2222 905 2276 adprobandum
923 2253 934 2271 ,
964 2225 1214 2263 necessariam

91 2287 164 2312 non
196 2289 272 2314 esse
300 2276 347 2314 ad
376 2278 573 2315 veritatem
603 2276 841 2315 Sacramenti
873 2278 1063 2314 internam
1095 2280 1213 2316 mini·

86 2329 149 2364 stri
182 2329 458 2369 intentionem?

138 2380 230 2428 504.
264 2382 378 2435 Urget
419 2393 603 2437 praeterea
630 2384 796 2438 Serryus
839 2385 1031 2423 notissima
1060 2383 1101 2422 S.
1133 2384 1212 2423 Au-

83 2435 223 2485 gustini
242 2466 253 2485 ,
284 2437 404 2492 immo
430 2440 543 2477 totius
558 2437 743 2478 Ecclesiae
775 2440 968 2490 principia
985 2447 1116 2476 contra
1134 2438 1212 2476 Do-

82 2489 253 2549 natistas,
285 2490 456 2544 iniquam
473 2492 507 2529 8(
525 2491 757 2531 maculosam
775 2493 1002 2543 baptizantis
1017 2492 1211 2529 conscien-

80 2549 174 2601 tiam
193 2572 204 2592 ,
233 2553 416 2583 secretam
446 2545 560 2595 licet,
592 2545 626 2582 8(
654 2546 844 2585 occultam
863 2575 873 2592 ,
904 2558 978 2583 uon
1011 2558 1115 2596 posse
1143 2545 1212 2583 ba·

81 2602 219 2654 ptjzatO
246 2610 411 2646 nocere3
456 2602 548 2652 quia
577 2601 605 2638 si
638 2614 683 2638 ex
723 2609 823 2637 recta
866 2599 1092 2649 baptizantis
1121 2612 1210 2636 con-

76 2649 239 2686 >scientia
267 2649 445 2703 baptismi
475 2653 648 2692 efficacia
690 2654 895 2706 penderet,
941 2651 1069 2690 nullus
1119 2661 1212 2690 esset

82 2699 131 2759 de
158 2714 225 2761 suo
253 2702 443 2756 baptismo
471 2721 654 2756 securus,
697 2707 787 2746 Lib.
809 2708 840 2745 I.
869 2705 980 2744 Cont.
1009 2706 1082 2744 litt.
1113 2705 1211 2744 Peti-

83 2749 179 2791 liam
208 2768 294 2808 cap.
331 2771 366 2797 1.

141 2805 233 2845 505.
262 2809 334 2848 Sed
378 2816 554 2866 superius
583 2829 690 2853 num.
714 2814 805 2854 282.
835 2828 914 2866 seq.
945 2812 1064 2852 simili
1096 2827 1207 2866 argu·

81 2869 209 2920 mem?
237 2874 282 2898 ex
313 2864 482 2906 doctriua
510 2868 552 2906 S.
581 2868 746 2907 Thmnae
775 2870 1000 2920 deprompto
1037 2867 1117 2919 jam
1152 2882 1210 2904 re-

81 2925 314 2975 posunnus,
356 2921 504 2959 nonnisi
536 2921 720 2960 moralem
764 2923 1031 2960 certitudinem
1071 2931 1208 2960 nostrae

85 2965 372 3030 justificationis
397 2969 538 3010 babere
566 2988 634 3013 nos
662 2989 769 3026 posse
790 3005 801 3023 ,
831 2975 928 3014 lianc
943 2974 1078 3014 haberi
1094 2977 1208 3013 etiam

80 3029 203 3080 posita
233 3032 450 3060 necessitate
477 3036 630 3064 secretae
670 3030 905 3077 intentionis,
943 3042 1032 3081 quae
1064 3043 1210 3081 praesu-

83 3086 139 3111 1111
171 3077 325 3113 omnino
354 3075 464 3114 debet
495 3080 534 3116 in
564 3091 633 3125 e0,
661 3081 728 3130 qui
758 3082 880 3128 serio,
911 3081 944 3118 8(
976 3085 1045 3120 rite
1073 3083 1209 3121 Sacra·

83 3136 213 3165 menta
242 3128 507 3176 adininistrat3
536 3142 608 3168 non
635 3141 761 3168 autem
797 3132 895 3172 hanc
924 3135 1106 3173 moralem
1129 3150 1212 3173 cer-

76 3181 289 3219 *titudinem
319 3181 450 3221 haberi
482 3196 588 3235 posse
614 3183 661 3220 de
690 3185 908 3233 sanctitate,
937 3196 1001 3224 aut
1029 3187 1106 3225 fide
1136 3190 1211 3226 mi-

91 3233 196 3272 nistri
217 3262 228 3273 .
271 3235 372 3274 Nam
403 3245 658 3289 praeterquam
688 3237 787 3288 quod
818 3248 970 3288 possunt
998 3240 1119 3291 aliqui
1151 3254 1208 3278 es·

86 3296 126 3347 Of
155 3285 366 3339 hypocritas
385 3320 395 3338 ,
434 3303 545 3328 nemo
572 3299 635 3327 aut
665 3291 864 3336 minister,
908 3299 970 3327 aut
999 3293 1206 3343 suscipiens

85 3336 379 3385 &aeramentum
409 3354 525 3397 potest
552 3358 640 3384 eam
675 3344 915 3383 securitatem
958 3342 1098 3383 habere
1126 3359 1205 3385 suae

2278 117 2349 153 131

1295 192 1529 238 sanctitatis,
1571 205 1687 242 quam
1721 193 1830 229 lubet
1861 205 1937 229 sum
1979 192 2219 230 intentionis:
2266 191 2348 229 hm·
2380 208 2414 227 ι’-

1295 247 1374 282 nim
1404 245 1766 295 certitudwpliysica
1796 254 1845 280 est
1869 275 1877 291 ,
1909 248 1971 283 cui
2004 248 2143 284 salsum
2174 245 2326 283 subesse
2348 260 2413 282 ne·

1292 307 1402 350 qutt;
1432 297 1548 335 altera
1580 298 1726 334 nonnisi
1760 297 1939 334 moralis.

1349 350 1442 389 506.
1472 351 1548 389 Ob.
1578 360 1720 400 qttctrto
1739 377 1749 386 .
1778 350 1958 387 Nicotaus
1979 352 2005 386 I.
2037 353 2075 389 in
2107 351 2219 402 Ilesp.
2249 352 2293 389 ad
2326 364 2416 390 con·

1293 403 1426 442 sultat.
1457 403 1710 455 Bulgarorum
1741 417 1825 454 cap.
1855 403 1968 449 104,
2000 402 2032 438 8<
2063 404 2268 453 Cre-‚gorius
2289 407 2335 443 ΙΙ.
2366 405 2416 443 1¹]-

1293 460 1378 510 pist.
1409 458 1455 494 ad
1487 457 1729 495 Bonifacium
1761 456 1888 507 Episc.
1934 456 2141 506 probarunt
2180 458 2415 508 baptismum

1292 526 1312 548 a
1346 511 1495 563 pagano
1516 541 1527 558 ‚
1557 510 1591 546 8(
1621 526 1639 548 a
1661 510 1796 547 Judaeo
1824 509 1982 553 datuni3
2011 522 2098 560 qua:
2130 509 2289 547 duorum
2323 512 2416 550 Ιίνιι-

1291 565 1442 603 uticum
1479 564 1628 602 decreta
1672 564 1889 601 reseruntur
1932 564 2044 599 etiarn
2076 578 2096 599 a
2126 562 2167 599 S.
2199 562 2344 601 'I'lmnn
2377 565 2415 602 3.

1295 618 1335 656 I‘.
1365 626 1502 670 quaest.
1524 617 1590 667 67.
1620 627 1690 655 art.
1717 618 1780 662 5.;
1827 625 1864 653 at
1905 628 1993 652 vero
2022 616 2108 666 quis
2151 614 2278 652 credat
2300 645 2310 662 ,
2348 617 2413 654 Ju-

1293 672 1452 719 daeum,
1482 671 1541 708 vel
1561 672 1752 723 paganum
1784 671 1972 707 internam
2005 668 2144 705 hahere
2169 669 2416 707 intentionem

1297 726 1492 772 faciendi,
1523 728 1623 776 quod
1655 725 1745 763 facit
1778 721 1977 761 Ecclesia?
2009 722 2140 773 :Neque
2171 722 2312 759 laudati
2344 723 2420 758 dno

1296 778 1501 817 Pontifices
1528 777 1827 816 examinandum
1858 785 2064 829 putarunt,
2092 790 2141 813 an
2171 775 2326 813 JudJeus
2345 805 2354 822 ,
2384 776 2419 810 8(

1296 832 1466 885 Paganus
1495 831 1591 870 hanc
1622 831 1870 870 intentionem
1913 829 2149 877 habuerint,
2196 830 2257 866 sed
2295 829 2420 866 solum

1295 900 1343 924 an
1374 887 1538 924 formam
1569 886 1754 924 Ecclesiae
1783 884 2102 922 observaverint.
2148 881 2273 920 Multo
2307 895 2419 933 aper-

1294 941 1368 978 tius
1397 939 1565 992 loquitur
1594 940 1831 977 Innocentius
1864 936 1958 985 1V.‚
2005 936 2118 987 cujus
2156 936 2273 974 verba
2303 949 2419 986 snpra

1293 993 1492 1032 retulimus
1521 1007 1632 1032 num.
1664 992 1754 1038 244.
1784 991 1949 1044 probans
1990 989 2224 1041 baptismum
2255 1004 2275 1026 a
2305 989 2419 1026 Sara-

1291 1060 1385 1084 ceuo
1413 1047 1595 1085 collatum
1615 1077 1625 1094 ,
1664 1050 1728 1096 qui
1758 1049 1982 1097 non'gertzt
2011 1048 2053 1080 in
2084 1051 2218 1080 mente
2234 1042 2386 1094 facere
2407 1072 2419 1091 ‚

1290 1099 1392 1150 quod
1407 1100 1519 1152 fucit
1550 1099 1774 1143 Ecclesm‚·
1812 1103 1937 1135 immo
1966 1101 1999 1134 si
2027 1100 2273 1134 contrarium
2302 1109 2416 1147 ger-e-

1289 1163 1348 1191 ret
1379 1157 1420 1191 in
1451 1162 1611 1202 mente,
1641 1154 1790 1191 scilicet
1819 1165 1899 1189 non
1917 1151 2067 1202 jacere
2086 1150 2187 1201 quoti
2203 1150 2315 1202 sucu
2333 1149 2416 1187 Ec-

1289 1208 1412 1245 clesiu
1430 1233 1442 1246 .

1345 1261 1438 1312 507.
1470 1260 1609 1312 Resp.,
1640 1258 1846 1298 Nicolaum
1877 1255 2101 1294 Pontificem
2131 1257 2246 1293 fuisse
2274 1271 2296 1293 a
2325 1256 2416 1294 Bul-

1289 1316 1393 1366 garis
1421 1315 1633 1352 consultum
1653 1343 1664 1362 ‚
1706 1325 1779 1351 non
1807 1312 1855 1350 de
1882 1311 2102 1349 necessitate
2130 1310 2346 1347 intentionis
2377 1311 2418 1348 in

1291 1369 1541 1406 ministrando
1569 1367 1804 1420 baptismum
1823 1395 1834 1414 ,
1863 1365 1927 1403 sed
1957 1364 2003 1401 de
2032 1375 2187 1416 persona
2219 1363 2410 1407 ministri3

1291 1436 1340 1460 an
1370 1422 1516 1460 scilicet
1554 1420 1668 1459 homo
1697 1433 1773 1459 non
1802 1419 2041 1471 baptizatus,
2084 1415 2300 1467 cujusmodi
2331 1425 2418 1453 sunt

1290 1475 1417 1513 Judaei
1440 1505 1450 1523 ,
1499 1475 1533 1511 8(
1563 1474 1704 1526 Pagani
1727 1503 1738 1520 ‚
1781 1474 1895 1525 possit
1937 1472 2170 1522 baptismum
2214 1469 2415 1506 conferre.

1291 1528 1501 1581 Respondet
1532 1541 1620 1566 vero
1637 1527 1805 1564 Pontifex
1828 1523 2061 1574 affrmutire
2076 1552 2088 1569 ‚
2116 1522 2324 1560 dummodo
2343 1522 2415 1559 Isc-

1289 1582 1417 1619 clesiae
1450 1583 1573 1619 forma
1614 1580 1860 1618 observetur.
1905 1577 2086 1628 Idemque
2122 1576 2288 1613 decrevit
2317 1576 2416 1613 Gre-

1289 1637 1417 1686 gorius
1446 1635 1494 1671 ll.

1345 1687 1436 1726 508.
1467 1687 1538 1726 Sed
1571 1685 1790 1739 quomodo,
1820 1685 1946 1737 inquit
1975 1682 2241 1731 adversarius,
2271 1695 2414 1733 suppo-

1287 1742 1326 1779 ni
1360 1751 1498 1793 potest,
1530 1742 1568 1777 in
1601 1739 1821 1790 hujusmodi
1852 1738 2021 1788 profanis
2037 1735 2256 1774 hominibus
2287 1736 2412 1774 inten-

1288 1795 1430 1832 tionem
1462 1808 1538 1832 esse
1556 1793 1722 1831 faciendi
1741 1821 1751 1839 ‚
1780 1791 1883 1844 quod
1905 1791 1995 1828 facit
2016 1789 2214 1828 Ecclesia?
2244 1788 2410 1826 Verum-

1287 1856 1412 1885 tamen
1444 1847 1514 1885 hoe
1544 1844 1782 1899 impossibile
1812 1858 1887 1882 non
1920 1843 2106 1895 judicavit
2135 1843 2176 1880 S.
2206 1841 2376 1879 Thomas
2399 1874 2408 1885 ,

1285 1903 1352 1952 qui
1384 1901 1421 1939 5.
1452 1900 1493 1938 Ρ.
1522 1908 1658 1952 quaest.
1679 1898 1744 1950 67.
1773 1907 1846 1936 art.
1879 1898 1915 1935 5.
1946 1897 1993 1935 ad
2026 1911 2062 1934 2.
2094 1896 2191 1934 hauc
2234 1895 2411 1933 eamden:

1284 1953 1552 1992 difficultatem
1573 1954 1816 2005 expendens,
1847 1951 1945 1999 Ille,
1977 1951 2126 2002 inquit,
2156 1951 2220 1998 qui
2250 1961 2328 1986 uon
2355 1957 2413 1985 est:

1285 2005 1506 2057 baptizatus
1524 2036 1534 2055 ,
1565 2010 1746 2056 quamvis
1774 2018 1856 2043 non
1873 2008 2070 2057 pertinent
2101 2002 2156 2041 ad
2178 2001 2410 2040 Ecclesium:

1285 2074 1329 2098 re
1346 2092 1356 2108 ,
1387 2062 1444 2098 cel
1473 2061 1742 2099 sacramento
1759 2090 1770 2108 ‚
1799 2068 1925 2111 potest
1953 2067 2095 2096 tamen
2124 2055 2180 2094 αλ
2207 2069 2302 2094 eum
2322 2069 2409 2107 per-

1285 2118 1411 2154 tinere
1439 2119 1656 2154 intentione
1674 2145 1683 2163 ‚
1713 2114 1763 2155 (9·
1783 2109 2039 2151 similitudine
2066 2119 2182 2149 actus
2199 2141 2210 2158 ,
2239 2114 2409 2155 inquan-

1284 2177 1368 2206 tum
1398 2170 1548 2207 scilicet
1577 2167 1746 2207 intendit
1771 2166 1949 2219 facere,
1991 2163 2094 2217 quod
2122 2163 2236 2216 facit
2267 2162 2409 2200 Eccle-

1280 2226 1344 2261 sia
1367 2253 1377 2271 ,
1406 2223 1456 2264 <9
1475 2222 1667 2275 formam
1688 2220 1887 2260 Ecclesioe
1916 2227 2047 2258 servat
2076 2222 2118 2255 in
2145 2215 2404 2268 baptizando,

1270 2277 1330 2317 (θ’
1359 2280 1416 2314 sic
1444 2285 1633 2326 operatur
1662 2285 1701 2312 ut
1731 2278 1914 2312 minister
1932 2272 2100 2318 Christi,
2131 2275 2195 2321 qui
2224 2274 2407 2307 virtutem.

1280 2343 1399 2368 suam
1430 2343 1509 2367 non
1538 2330 1717 2382 alligat-it
1759 2327 1996 2377 baptizatis,
2039 2328 2140 2362 sicut
2179 2335 2252 2360 nec
2282 2325 2408 2360 etiam

1280 2383 1588 2422 Sacrameueis.
1632 2382 1747 2419 Porro
1778 2394 1851 2418 non
1890 2379 2001 2417 aliter
2041 2378 2260 2428 contingere
2302 2389 2408 2428 posse

1281 2438 1457 2485 videtur,
1489 2446 1527 2473 ut
1556 2437 1622 2488 qui
1654 2435 1889 2486 baptismum
1920 2447 1942 2471 a
1970 2431 2132 2478 JudaeO,
2164 2428 2224 2467 vel
2257 2428 2403 2479 Pagano

1310 2500 1409 2537 etat,
1444 2491 1513 2527 nisi
1547 2490 1584 2527 in
1609 2487 1782 2541 periculo
1812 2487 1942 2524 mortis
1969 2486 2220 2531 constitutus,
2250 2482 2407 2521 nullum

1280 2505 1418 2581 liabeat
1438 2543 1718 2589 Christianum,
1749 2556 1769 2578 a
1799 2553 1876 2592 quo
1905 2539 2139 2591 baptizetur.
2170 2538 2213 2575 In
2242 2536 2308 2574 tali
2340 2551 2407 2574 au-

1280 2606 1355 2635 tem
1386 2611 1473 2635 casu
1503 2597 1660 2634 omnino
1688 2594 1979 2647 supponendum
2011 2600 2089 2639 est,
2118 2590 2151 2627 8(
2183 2592 2250 2644 qui
2281 2590 2407 2642 bapti-

1280 2665 1407 2689 smum
1440 2651 1556 2702 petit,
1587 2649 1779 2702 l’aganum
1797 2678 1808 2696 ‚
1838 2647 1896 2686 vel
1919 2647 2100 2685 Judaeum
2130 2644 2265 2683 docere
2293 2644 2340 2681 de
2362 2645 2408 2681 iis

1279 2705 1485 2753 omnibus,
1515 2717 1604 2756 quae
1634 2702 1847 2756 peragenda
1877 2710 1990 2749 sunt,
2033 2699 2068 2736 8(
2098 2697 2312 2750 paganum,
2343 2696 2406 2735 vel

1277 2758 1458 2796 Judaeum
1489 2757 1588 2796 velle
1619 2757 1776 2808 petentis
1807 2755 1989 2793 voluntati
2020 2755 2180 2791 omuino
2215 2751 2406 2791 satisface-

1278 2825 1346 2859 re,
1395 2821 1433 2849 ut
1464 2811 1698 2864 baptismum
1741 2810 1908 2847 conserat
1939 2821 1984 2846 eo
2013 2807 2152 2854 modo,
2195 2819 2274 2858 quo
2309 2803 2405 2843 alter

1277 2866 1466 2904 desiderat
1486 2892 1494 2902 .

1333 2920 1425 2972 509.
1456 2917 1666 2957 Innocentii
1697 2924 1860 2954 mentem
1892 2914 1970 2966 jam
2002 2913 2262 2966 explicuimus
2291 2924 2405 2964 supra

1278 2988 1315 3012 n.
1338 2975 1458 3022 245„
1490 2973 1556 3011 ubi
1585 2971 1897 3017 observavimus,
1927 2968 2186 3008 clarissimum
2220 2967 2318 3005 bunc.
2337 2965 2404 3002 Ju-

1276 3029 1329 3066 ris
1357 3027 1539 3065 Canonici
1570 3033 1905 3063 commentatorem
1937 3024 2087 3073 exigere
2120 3031 2258 3072 prseter
2286 3028 2404 3057 mate-

1278 3083 1375 3120 riam
1400 3112 1411 3130 ,
1455 3081 1488 3117 &
1520 3081 1683 3118 sormam
1727 3081 1988 3116 intentionem
2032 3074 2286 3124 baptizandi,
2330 3084 2400 3109 nou

1281 3146 1407 3173 autem
1429 3132 1591 3173 laminii
1608 3145 1756 3170 carnes
1772 3163 1782 3180 ,
1804 3141 1873 3170 aut
1890 3130 2107 3169 balnearum
2123 3160 2133 3175 ,
2165 3137 2400 3181 quamquam

1277 3202 1353 3227 non
1384 3190 1509 3239 exigat
1546 3188 1821 3233 intentionem,
1865 3194 1904 3222 ut
1933 3183 2150 3235 baptismus
2191 3189 2367 3232 operetur
2388 3204 2400 3221 ‚

1276 3242 1460 3293 quidquid
1489 3244 1648 3291 operari
1675 3248 1824 3290 potest.

1327 3295 1419 3334 510.
1450 3295 1591 3333 Dices.
1622 3295 1727 3343 Quid
1757 3295 1784 3332 si
1817 3291 2031 3330 ordinarius
2060 3289 2396 3327 Sacramentorum

1272 3349 1448 3389 minister
1474 3347 1608 3389 atheus
1636 3348 1710 3397 sit,
1738 3346 1942 3396 solumque
1970 3353 2165 3382 externum
2197 3341 2315 3393 ritum
2342 3347 2399 3371 se-

2283 3399 2344 3425 rto
