2605 3624
242 106 319 153 140

175 179 224 220 εἰ»
246 178 419 216 absolute
440 190 451 218 ‚·
480 174 696 214 secundum
714 175 1014 215 caeremoniatta
1032 191 1118 216 vero
1135 209 1144 228 ,
1165 192 1291 232 quan-

173 242 255 270 tum
287 229 341 267 ud
370 234 577 267 veritatem
606 243 675 280 per
703 242 754 267 etz
771 228 1004 282 figuratum
1023 258 1033 270 .

228 297 292 322 22.
323 282 460 321 Instab.
493 283 597 321 Isaiae
616 283 699 321 Lll.
735 297 767 321 1.
797 285 937 321 dicitnr
965 284 1010 323 de
1038 299 1154 337 regno
1181 285 1292 324 Chri-

172 338 239 384 sti,
277 350 350 375 non
383 336 555 375 futurum
584 338 622 375 in
653 336 719 375 illo
748 340 1096 387 incc'rcumcisum,
1139 340 1188 381 Εἰ)
1217 344 1292 378 im-

168 389 390 429 mundum·

229 444 293 483 25.
325 443 437 496 Hesp.
466 447 594 493 primo
624 444 679 482 ibi
722 458 933 484 sermonem
964 459 1041 484 esse
1070 446 1116 484 de
1144 446 1294 484 Jerusa-

170 496 251 536 lem
280 501 435 535 civitate
472 502 603 535 sancii·
621 528 630 546 ,
674 512 791 549 quam
835 499 1051 537 consolatur
1081 498 1293 551 Propheta,

172 552 386 603 praedicens
416 550 503 600 illi,
549 566 620 589 non
651 553 979 602 'pertransiturum
1024 566 1091 604 per
1121 567 1204 590 eam
1234 557 1293 591 in-

171 609 450 642 circumcisum
468 634 478 652 ,
508 605 556 645 ὅ)
586 604 859 653 immundum,
890 606 982 643 idest
998 606 1165 644 Gentiles
1183 635 1193 654 ,
1223 607 1291 657 qni

171 668 281 696 antea
312 658 435 695 eidem
478 658 662 696 dominati
707 659 881 695 fuerant.
924 658 997 696 Sed
1028 661 1057 696 si
1087 661 1172 711 quis
1201 659 1291 696 velit

172 709 244 749 hoc
275 711 472 763 Prophetae
503 710 704 749 oraculum
734 713 892 762 mystice
933 712 980 748 de
1010 725 1123 763 regno
1150 711 1290 750 Christi

168 764 416 817 intelligere,
458 774 545 802 tunc
576 766 686 802 etiam
732 777 799 801 nos
830 766 993 815 mystice
1036 764 1292 816 intelligemus

167 819 501 856 circumcisionem
525 830 596 856 non
614 817 873 855 manufactam
896 847 907 865 ,
936 819 998 855 sed
1021 817 1261 869 spiritualem
1279 849 1290 867 ,

167 884 243 909 non
272 873 423 919 carnis,
452 871 514 908 sed
545 871 697 907 cordis.

223 925 288 970 2-4.
319 926 409 962 lust.
440 925 575 961 iterum
593 949 603 960 .
636 923 742 961 Deus
768 936 832 961 ore
849 923 1057 962 Ezechielis
1079 924 1220 963 XLIV.
1250 936 1289 977 9.

168 989 270 1017 arcet
299 978 347 1014 ab
377 979 545 1026 ingressu
575 977 633 1013 sui
662 981 886 1014 sanctuarii
926 991 1079 1016 omnem
1109 978 1289 1032 alienige-

168 1044 260 1069 nam
278 1033 600 1067 incircumcisum
630 1029 767 1078 corde,
795 1031 844 1071 Εἰ)
860 1034 1181 1070 incircumcisum
1198 1045 1289 1070 cur-

132 1092 247 1122 ſtrne:
278 1096 364 1135 ergo
379 1085 493 1134 exigit
509 1096 585 1121 non
599 1083 722 1121 solum
752 1085 1081 1123 circumcisionem
1112 1087 1290 1137 spiritua—

166 1137 270 1185 lem,
301 1137 364 1176 sed
394 1138 508 1176 etiam
537 1136 731 1176 carnalem
749 1168 760 1188 ,
791 1146 832 1175 ut
860 1139 1018 1190 proinde
1047 1141 1217 1179 nondum
1244 1141 1289 1179 sit

163 1191 342 1242 abrogata
363 1216 374 1229 0

223 1246 285 1282 25,
318 1244 430 1296 Hesp.
448 1243 676 1296 prophetam
692 1245 847 1284 nomine
866 1250 1178 1285 circumcisionis
1197 1260 1288 1285 car-

164 1302 254 1346 nis,
300 1299 380 1336 sine
407 1312 485 1349 qua
515 1311 625 1336 nemo
653 1298 817 1338 audebat
846 1301 994 1352 ingredi
1031 1302 1288 1339 sanemarium

163 1351 240 1391 Dei
260 1381 270 1398 ,
302 1350 512 1403 intelligere
542 1365 614 1390 non
629 1352 752 1391 solum
783 1357 938 1406 proprie
965 1355 1104 1392 dictam
1121 1356 1288 1392 circum-

164 1405 347 1442 cisionem
370 1434 381 1452 ,
424 1418 512 1455 quae
542 1413 620 1442 erat
651 1413 791 1457 typus,
822 1407 855 1443 δε
886 1409 1114 1459 praeparatio
1143 1408 1188 1446 ad
1218 1408 1290 1446 ba-

165 1459 348 1509 ptismum
367 1488 377 1504 ,
407 1458 471 1494 sed
501 1459 613 1494 etiam
643 1461 978 1499 circumcisionem
1008 1474 1081 1498 non
1111 1462 1289 1499 manufa-

165 1520 264 1548 ctam
285 1540 295 1558 ,
324 1523 390 1547 seu
420 1510 547 1562 ipsum
576 1510 810 1562 baptismum
829 1542 840 1558 ,
870 1514 949 1551 sine
977 1526 1054 1566 quo
1084 1528 1193 1552 nemo
1223 1529 1289 1566 po-

160 1572 227 1602 test
257 1564 413 1602 introire
444 1564 483 1601 in
515 1565 773 1602 sanctuarium
804 1565 905 1614 Dei,
948 1580 1013 1603 seu
1043 1567 1084 1604 in
1126 1580 1287 1618 regnum

162 1615 351 1656 coelorum
370 1644 381 1655 .
423 1616 559 1669 Neque
587 1630 676 1655 vero
716 1618 880 1657 insolens
908 1628 961 1657 est
989 1617 1186 1671 Prophetis
1216 1634 1259 1658 ea
1277 1650 1289 1668 ,

160 1684 249 1724 quae
280 1672 467 1723 pertinent
496 1671 543 1708 ad
571 1669 711 1709 Christi
737 1671 980 1721 Ecc'resiam,
1009 1673 1137 1711 verbis
1166 1686 1289 1710 enun-

162 1726 265 1763 ciare
294 1727 334 1763 in
364 1724 481 1763 veteri
511 1732 733 1762 testamento
759 1727 931 1765 usitatis.
958 1726 1024 1765 Sic
1046 1728 1202 1765 nomine
1228 1727 1288 1765 Je-

160 1778 326 1817 rusalem
355 1791 526 1831 persaepe
556 1778 772 1830 intelligunt
793 1779 984 1818 coelestem
1002 1782 1162 1833 patriam
1181 1810 1192 1828 ‚
1222 1793 1290 1819 no-

161 1834 267 1870 mine
296 1831 432 1883 templi
460 1831 674 1870 Ecciesiam
693 1862 703 1879 ,
753 1833 788 1868 ὃς
815 1835 968 1871 nomine
1010 1834 1290 1872 sacrificiorum

162 1886 408 1923 incruentum
439 1885 610 1936 corporis
629 1916 640 1933 ,
688 1884 722 1921 ἃ
751 1888 947 1938 sanguinis
974 1886 1114 1931 Christi
1143 1887 1290 1926 sacrifi-

166 1939 299 1987 cium,
329 1937 441 1988 cujus
470 1936 539 1975 illa
566 1940 650 1990 typi
681 1948 814 1987 erant,
845 1939 879 1975 8<
910 1939 1044 1991 figurae
1062 1966 1073 1978 .

168 2012 177 2018 -
221 1991 284 2030 26.
316 1992 391 2030 Gt).
421 1990 621 2029 secundo.
664 1992 722 2029 Ex
752 2005 828 2044 quo
871 1993 911 2030 in
940 1993 1105 2032 adventu
1134 1992 1289 2033 Messiae

163 2047 392 2085 cessaverint
433 2046 676 2083 caeremoniae
718 2045 932 2094 mosaicae,
974 2059 1050 2084 non
1091 2049 1290 2099 sequitur,

166 2100 387 2151 abrogatam
406 2099 521 2138 fuisse
551 2100 664 2137 etiam
681 2099 1011 2138 circumcisionem
1028 2130 1039 2148 ,
1068 2102 1161 2152 quia
1178 2100 1262 2138 haec
1278 2131 1289 2149 ,

166 2162 256 2191 teste
285 2152 371 2190 Jesu
400 2152 550 2191 Christo
577 2152 637 2191 J0.
659 2151 745 2191 Vll.
778 2166 841 2191 22.
871 2166 952 2192 non
995 2162 1055 2192 est
1083 2166 1136 2192 ex
1169 2153 1291 2207 Moy-

168 2219 236 2254 se,
267 2205 335 2243 sed
365 2218 418 2243 ea:
446 2204 631 2244 Patribus
651 2232 661 2244 .

220 2272 283 2310 27.
317 2258 427 2311 Resp.
445 2290 455 2308 ,
487 2261 603 2297 fuisse
631 2259 789 2312 quidem
810 2261 1140 2300 circumcisionem
1163 2260 1290 2300 datam

164 2312 391 2351 Abrahamo
410 2343 421 2360 ‚
463 2313 528 2351 sed
558 2323 596 2351 ut
624 2315 777 2365 signum
814 2317 1100 2368 protestativum
1129 2315 1220 2353 fidei
1249 2316 1291 2354 in

164 2375 367 2405 venturum
400 2366 609 2415 Messiam,
651 2368 823 2420 adeoque
853 2377 932 2419 post
961 2367 1044 2420 ejus
1085 2369 1293 2407 adventum

164 2432 311 2457 cessare
340 2419 512 2458 debuisse
535 2447 545 2458 .
576 2420 764 2459 Audiatur
779 2421 820 2459 S.
837 2421 1004 2460 Thomas
1025 2436 1059 2461 1.
1091 2435 1127 2460 2.
1157 2431 1293 2475 quaest·

171 2472 261 2511 105.
291 2480 360 2510 art.
387 2472 423 2510 5.
454 2474 499 2510 ad
521 2473 559 2519 [4.
578 2503 588 2521 ,
633 2475 700 2513 ubi
741 2475 881 2527 inquit:
903 2505 929 2524 ,‚
951 2476 1065 2515 Fides
1096 2475 1292 2514 Abraham

168 2556 195 2575 „
226 2534 303 2563 erat
332 2527 595 2564 commendata
626 2529 664 2565 in
693 2527 791 2577 hoc,
829 2530 932 2582 quod
961 2529 1120 2569 credidi-t
1147 2530 1293 2568 divinae

171 2610 197 2628 „
228 2579 468 2631 promissioni
497 2579 544 2618 de
587 2580 713 2618 futuro
742 2584 912 2632 semine,
961 2585 1000 2621 in
1028 2596 1107 2637 quo
1133 2583 1294 2621 benedi-

167 2663 196 2682 „
227 2641 359 2670 centur
389 2645 519 2672 omnes
533 2643 658 2685 gentes
676 2660 686 2672 .
717 2634 765 2673 Et
788 2636 874 2673 ideo
899 2638 1086 2688 quamdiu
1118 2636 1187 2675 hoc
1216 2646 1295 2676 erat

169 2715 196 2734 „
228 2686 401 2723 futurum
422 2715 433 2732 ,
463 2687 658 2738 oportebat
687 2691 886 2727 contestari
917 2689 1034 2729 fidem
1053 2690 1221 2729 Abrahae
1252 2692 1293 2729 in

170 2768 197 2788 υ
226 2739 517 2778 circumcisione
539 2767 549 2777 .
587 2740 661 2779 Sed
690 2751 888 2795 postquam
919 2743 1000 2794 jam
1031 2743 1100 2780 hoc
1129 2752 1181 2782 est
1211 2757 1296 2796 per-

172 2821 198 2839 „
229 2791 370 2828 fectum
389 2821 399 2839 ,
429 2802 570 2843 oportet
600 2796 702 2832 idem
731 2796 807 2833 alio
835 2798 943 2847 signo
971 2795 1193 2844 declarare,
1222 2797 1296 2835 sci-

169 2874 198 2894 „
228 2843 315 2881 licet
345 2845 559 2896 baptismO,
588 2848 717 2900 quiin
750 2849 820 2888 hoc
849 2850 1134 2888 circumcisioni
1165 2863 1295 2888 succe-

169 2928 196 2947 „
227 2897 309 2935 dit.
330 2897 352 2913 '²
387 2899 469 2936 Hoc
513 2900 613 2938 idem
657 2911 757 2939 notat
788 2902 993 2955 Angel'icus
1020 2903 1066 2940 de
1095 2901 1291 2952 Sabbato,

173 2950 278 3003 qued
321 2950 443 2989 fuerat
473 2954 597 3003 ptimo
627 2955 841 2994 institutum
871 2956 920 2995 ad
948 2955 1194 2995 recolendum
1224 2955 1292 2994 be-

170 3003 356 3042 neficium
397 3006 625 3055 creationis,
668 3008 732 3045 die
769 3011 931 3062 septima
971 3008 1191 3054 absolutae3
1227 3009 1292 3047 sed

170 3066 358 3097 mutatum
391 3066 516 3109 postea
545 3059 617 3097 fuit
646 3061 685 3098 in
713 3062 815 3099 diem
846 3063 1120 3110 Dorninicrrm,
1149 3065 1190 3099 in
1219 3075 1292 3113 quo

173 3121 519 3149 commemoratur
558 3125 661 3150 nom
704 3124 893 3154 creatum
935 3115 1125 3154 inchoata
1166 3118 1207 3153 in
1235 3128 1296 3154 re-

166 3167 458 3203 ·surrectionem
490 3164 632 3204 Christi·
653 3193 663 3205 .

231 3218 296 3256 28.
325 3219 401 3256 Ob.
431 3223 549 3256 tertio
569 3246 578 3256 .
623 3220 824 3272 Apostolus
867 3223 914 3261 ad
945 3222 1106 3261 Roman.
1136 3221 1224 3260 XV.
1255 3222 1298 3263 8.

173 3272 288 3320 dicit,
328 3271 527 3311 Christum
555 3272 690 3311 Jesum
707 3274 842 3326 fuisse
872 3279 1098 3313 ministrum
1128 3280 1296 3314 circum-

174 3326 333 3366 cisionis
350 3352 361 3368 .
390 3325 562 3368 Ulterius
591 3327 693 3369 idem
723 3327 763 3369 S.
786 3327 927 3369 Paulus
955 3328 1201 3370 Timotheum
1221 3332 1295 3371 cir-

1026 97 1297 142 DISSERT.
1332 99 1407 144 ΠΙ.
1443 99 1571 144 CAP.
1605 100 1661 143 11.

1358 181 1569 229 cumcidit,
1618 189 1658 218 ut
1687 179 1849 219 habetur
1878 180 1916 219 in
1948 180 2030 219 Act.
2061 179 2227 234 Apostol.
2257 195 2343 236 cap.
2366 183 2476 227 XVI.

1416 248 1480 287 29.
1513 234 1624 286 Hesp.
1653 248 1743 272 cum
1772 234 1812 272 S.
1843 234 1994 272 Thoma
2023 236 2129 274 Lect.
2153 237 2181 273 Ι.
2212 238 2250 275 in
2291 237 2393 276 hunc
2422 238 2478 276 lo-

1360 301 1449 326 cum
1467 318 1477 335 ,
1506 288 1701 325 Christum
1732 287 1845 325 suisse
1874 289 2108 341 appellatum
2139 289 2375 329 Ministrum
2403 295 2479 330 cir-

1361 344 1638 389 cumcisionis,
1668 342 1760 392 quia
1789 342 1826 378 in
1855 344 2010 394 propria
2040 356 2198 394 persona
2226 359 2338 383 suum
2355 345 2480 384 Evan-

1362 393 1505 444 gelium
1536 394 1626 431 solis
1653 393 1798 431 Judaeis
1839 396 2076 434 circumcisis
2106 399 2356 450 praedicavit3
2401 413 2478 450 quo

1362 459 1470 483 sensu
1517 447 1615 483 idem
1648 445 1786 483 Paulus
1823 447 1870 484 ad
1913 448 2002 486 Gal.
2024 449 2073 486 Il.
2106 465 2142 501 7.
2171 452 2246 490 sibi
2292 453 2480 492 creditum

1362 499 1477 536 fuisse
1518 499 1609 536 dicit
1640 498 1894 549 Evangelium
1935 507 2142 552 praeputii,
2184 507 2281 543 sicut
2310 506 2343 541 δι
2373 504 2482 542 Petro

1360 554 1694 588 circumcisionis:
1727 552 1791 588 ubi
1823 554 1974 592 nomine
2001 560 2182 606 praeputii
2211 558 2478 610 intelliguntur

1359 604 1557 652 Gentiles,
1605 605 1760 642 nomine
1802 613 1928 642 autem
1966 611 2277 650 circumcisionis
2321 613 2480 652 veniunt

1358 658 1483 695 Judaei
1506 684 1516 695 .

1417 712 1484 750 50.
1514 710 1687 749 Alterum
1718 723 1806 749 vero
1834 709 1994 749 solvitur
2015 742 2027 760 ,
2069 713 2330 765 observando,
2361 719 2399 756 id
2429 719 2482 756 A·

1358 764 1552 816 postolum
1582 765 1713 803 secisse
1741 764 1909 817 quadam
1939 766 2117 817 prudenti
2149 772 2362 807 oeconomia
2391 784 2479 820 pro-

1359 827 1445 867 pter
1472 818 1629 856 Jfflloeos
1651 848 1660 866 ,
1690 823 1755 869 qui
1784 827 1901 856 erant
1931 823 1972 856 iu
2001 819 2076 857 illis
2105 821 2226 870 locis,
2263 836 2309 859 ne
2338 823 2482 863 scilicet

1359 871 1732 919 scandalizarentur,
1763 873 1932 910 videntes
1960 873 2123 912 abeoin
2151 878 2364 914 soci-etatem
2382 889 2482 927 pree-

1357 926 1558 964 dicationis
1588 933 1824 978 assumptum
1855 940 1932 964 esse
1952 926 2201 966 Timotheum
2232 930 2481 969 incircumci-

1357 992 1469 1027 sum,
1517 979 1585 1031 qui
1615 988 1739 1017 tamen
1769 979 1903 1018 saltem
1942 993 1986 1017 ex
2018 990 2121 1032 parte
2164 983 2294 1020 matris
2323 983 2481 1021 Judaens

1357 1043 1465 1072 erat.
1508 1033 1761 1071 Circumcisio
1790 1042 1919 1071 autem
1950 1034 2023 1071 fuit
2052 1034 2293 1087 aliquamdiu
2324 1036 2482 1076 tolerata.

1357 1086 1396 1125 in
1427 1085 1530 1134 illis,
1559 1088 1626 1138 qui
1656 1087 1974 1125 convertebantur
2003 1100 2048 1125 ex
2078 1088 2275 1126 Judaismo
2296 1119 2308 1137 ,
2340 1099 2377 1127 ut
2406 1089 2483 1142 Sy-

1357 1154 1501 1192 nagoga
1529 1154 1619 1178 cum
1648 1140 1815 1191 quodam
1845 1140 1981 1177 honore
2011 1141 2058 1178 ad
2084 1142 2335 1193 sepulchrum
2366 1143 2486 1181 dedu-

1357 1204 1534 1232 ceretur.
1562 1193 1671 1230 Unde
1700 1192 1733 1228 δε
1764 1194 1844 1244 ipse
1874 1192 2014 1231 Paulus
2050 1208 2082 1232 ι.
2111 1195 2283 1234 Corinth,
2313 1195 2383 1233 IX.
2415 1209 2483 1235 2ο.

1357 1248 1475 1295 dicit,
1522 1261 1560 1285 se
1587 1245 1755 1298 fuctum
1785 1244 1920 1297 fuisse
1948 1245 2130 1296 Juiloeis,
2172 1257 2385 1299 tamquam
2415 1248 2482 1287 Ju-

1359 1300 1519 1349 dceum,
1549 1309 1589 1337 ut
1608 1298 1767 1338 Jmtaeos
1797 1301 2039 1349 lucraretur,
2068 1301 2306 1341 observando
2335 1301 2485 1342 scilieet

1357 1354 1504 1407 aliquas
1533 1353 1716 1392 Mosaicae
1747 1353 1840 1405 legis
1882 1355 2158 1403 caeremonias,
2199 1370 2295 1407 quas
2322 1355 2487 1394 abolitas

1358 1422 1435 1446 esse
1448 1427 1461 1457 >‚
1492 1420 1566 1446 non
1593 1406 1820 1449 dubitabat.
1864 1408 1928 1446 Sic
1959 1408 2032 1446 sibi
2062 1417 2177 1460 caput
2208 1409 2361 1446 totondit
2390 1422 2484 1449 cum

1359 1471 1471 1509 voto,
1520 1470 1645 1512 postea
1674 1476 1715 1500 se
1755 1460 2003 1514 purificavit,
2051 1461 2234 1500 abstinuit
2263 1476 2285 1499 a
2313 1461 2411 1500 cibis
2441 1462 2485 1504 in

1357 1515 1439 1567 lege
1454 1516 1577 1552 vetitis
1597 1514 1668 1552 ἃς.
1683 1545 1693 1563 ,
1711 1523 1749 1552 ut
1771 1523 1869 1566 patet
1890 1516 1973 1553 Act.
1997 1514 2129 1562 XVI„
2159 1514 2328 1562 XVIII„
2351 1514 2487 1564 XXI„

1358 1569 1392 1604 ἃ
1421 1567 1572 1607 XXIV.
1609 1567 1702 1607 Vid.
1731 1567 1774 1606 S,
1802 1567 1972 1606 Thomas
2016 1568 2178 1606 inferius
2218 1582 2258 1607 n·
2292 1568 2357 1607 52.
2401 1569 2484 1608 lau-

1358 1622 1507 1659 dandus
1529 1647 1541 1659 0
1740 1634 1745 1639 ·

1415 1673 1577 1722 Quaeres
1599 1677 1728 1724 primo
1745 1704 1755 1722 ,
1786 1674 1947 1725 quando
1968 1677 2217 1713 circumcisio
2232 1674 2485 1714 cessaverit?

1415 1727 1480 1766 51.
1511 1726 1626 1779 Resp.
1653 1727 1694 1766 S.
1725 1726 1894 1765 Thomas
1921 1741 1954 1766 1.
1985 1741 2022 1765 2.
2051 1736 2189 1779 quaest.
2224 1726 2311 1765 103.
2341 1736 2414 1765 art.
2444 1728 2485 1767 ’5.

1360 1781 1391 1818 8(
1423 1780 1462 1826 4.
1493 1780 1614 1819 multa
1643 1780 1754 1820 habet
1783 1780 1830 1818 de
1858 1791 2028 1832 tempore
2049 1810 2061 1828 ‚
2103 1793 2182 1833 quo
2209 1781 2486 1829 circumcisio,

1358 1835 1526 1887 aliaeque
1568 1835 1814 1873 caeremoniae
1867 1833 2009 1886 legales
2048 1847 2191 1872 cessare
2238 1833 2489 1873 debuerunt·

1358 1888 1481 1927 Nobis
1506 1897 1633 1927 autem
1663 1889 1749 1927 satis
1778 1889 1894 1926 fuerit
1923 1902 1966 1926 ea
1987 1887 2154 1936 referre,
2185 1887 2327 1939 quibus
2355 1896 2425 1926 art.
2446 1887 2488 1933 4,-

1360 1941 1558 1994 respondet
1600 1941 1817 1979 difficultati
1859 1940 1934 1978 sibi
1977 1942 2104 1993 primo
2145 1941 2228 1978 loco
2269 1942 2488 1992 oppositas,

1358 1995 1462 2046 quod
1490 1994 1659 2045 Apostoli
1690 2003 1769 2045 post
1798 1993 2005 2032 adventum
2025 1993 2191 2044 Spiritus
2219 1995 2339 2031 sancti
2368 1996 2408 2032 in
2425 1993 2489 2032 die

1358 2048 1593 2086 Pentecostes
1618 2045 1743 2084 adhuc
1772 2046 2055 2084 observaverint
2084 2045 2248 2098 legalia:
2278 2061 2365 2085 nam
2390 2046 2487 2085 Pau-

1359 2101 1416 2139 tus
1445 2100 1688 2139 circumcidit
1717 2098 1992 2147 Timotheum,
2035 2108 2075 2137 ut
2103 2100 2244 2138 dicitur
2274 2100 2487 2140 Act.XV1.

1359 2155 1468 2193 Hanc
1498 2167 1588 2194 vero
1602 2151 1870 2191 difficultatem
1902 2152 1957 2190 his
1979 2152 2105 2192 verbis
2124 2152 2237 2191 solvit
2255 2153 2489 2205 AngelicuS.

1414 2209 1479 2248 52.
1510 2237 1535 2256 „
1563 2207 1676 2245 Circa
1706 2205 1777 2244 hoc
1813 2206 2069 2244 diversimode
2111 2208 2267 2245 sensisse
2309 2208 2489 2246 videntur

1358 2263 1649 2313 Hieronymus,
1691 2259 1725 2296 &
1756 2259 1990 2312 Augustinus
2011 2285 2023 2298 .
2069 2259 2330 2312 Hieronymus
2379 2262 2488 2299 enim

1359 2319 1376 2368 (
1406 2316 1526 2366 Epist.
1542 2312 1708 2353 LXXV.
1739 2314 1836 2351 inter
1865 2312 2058 2366 Epistolas*
2080 2313 2126 2352 S,
2152 2314 2356 2365 Augustini
2383 2314 2399 2363 )
2429 2313 2490 2351 di-

1358 2370 1489 2408 stinxit
1517 2368 1592 2406 duo
1607 2377 1802 2419 tempora:
1834 2376 2122 2419 unumtempus
2150 2376 2234 2405 ante
2267 2369 2483 2419 passionem

1359 2422 1529 2469 Christi,
1572 2422 1610 2458 in
1638 2433 1716 2473 quo
1743 2419 1884 2473 legalia
1912 2433 1984 2458 non
2015 2429 2120 2459 eraut
2148 2430 2299 2460 mortua
2320 2450 2332 2468 ,
2373 2421 2487 2472 quasi

1359 2490 1436 2516 non
1465 2474 1641 2514 habentia
1670 2474 1750 2513 vim
1796 2473 2095 2525 obligatoriam,
2136 2483 2201 2511 aut
2249 2475 2486 2526 expiativam

1360 2544 1431 2584 pro
1460 2542 1527 2567 suo
1547 2529 1658 2569 modo
1674 2557 1685 2576 ,
1717 2540 1783 2565 uec
1813 2529 1928 2565 etiam
1946 2527 2140 2565 mortifera
2157 2555 2170 2574 ,
2199 2528 2291 2577 quia
2308 2540 2380 2564 non
2397 2539 2487 2579 pec-

1361 2583 1502 2623 cabant
1531 2597 1575 2622 ea
1603 2581 1843 2621 observantes
1865 2606 1875 2619 .
1913 2579 2049 2618 Statim
2079 2589 2208 2617 autem
2237 2588 2318 2631 post
2347 2581 2491 2632 passio-

1363 2651 1448 2676 nem
1478 2636 1619 2675 Christi
1655 2636 1882 2688 inceperunt
1928 2648 2006 2672 esse
2035 2646 2108 2671 non
2138 2631 2262 2671 solum
2304 2642 2493 2685 mortua,

1363 2692 1456 2729 idest
1485 2703 1559 2728 non
1586 2689 1767 2728 habentia
1796 2689 1975 2727 virtutem
1994 2717 2006 2737 ‚
2037 2685 2070 2723 ὃς
2099 2686 2368 2737 obligationem
2386 2716 2399 2735 ,
2426 2686 2494 2726 set}

1364 2746 1482 2782 etiam
1511 2743 1734 2790 mortifera,
1764 2743 1816 2780 ita
1844 2742 2013 2791 scilicet,
2042 2740 2143 2793 quod
2160 2740 2370 2792 peccabant
2385 2752 2488 2778 mor·

1363 2797 1518 2844 taliter,
1547 2798 1615 2849 qui
1646 2810 1688 2833 ea
1707 2795 1960 2834 observabant
1977 2821 1988 2833 .
2020 2794 2131 2831 Unde
2151 2793 2332 2832 dicebant
2349 2824 2359 2841 ,
2388 2792 2492 2846 quod

1361 2849 1532 2902 Apostoli
1560 2862 1764 2901 nunquam
1794 2848 1933 2901 legalia
1970 2850 2264 2887 observaverunt
2294 2856 2374 2900 post
2405 2861 2491 2898 pas·-

1360 2906 1503 2941 sionem
1533 2903 1743 2942 secundum
1774 2905 1974 2942 veritatem
1996 2933 2006 2951 ,
2055 2901 2118 2940 sed
2156 2900 2280 2940 solum
2315 2901 2484 2953 quadam

1359 2958 1425 3009 pia
1445 2955 1686 2994 simulatione
1702 2986 1712 3004 ,
1743 2971 1790 2995 ne
1818 2957 1961 2995 scilicet
1989 2953 2286 2994 scandalizarent
2306 2955 2483 2998 J'udaeos,

1362 3010 1395 3046 ἃ
1425 3024 1558 3048 eorum
1587 3012 1875 3051 conversionem
1905 3010 2158 3063 impedirent.
2199 3009 2299 3057 Quae
2328 3003 2489 3064 quidem·

1360 3063 1555 3102 simulatio
1583 3065 1637 3102 sic
1682 3063 1930 3116 intelligenda
1959 3074 2039 3113 est,
2085 3076 2160 3101 non
2207 3061 2361 3113 quidem
2404 3065 2485 3105 tta,

1363 3118 1464 3168 quod
1495 3116 1579 3156 illos
1607 3125 1713 3156 actus
1743 3119 1953 3157 secundum
1985 3120 2040 3156 rei
2070 3118 2269 3157 veritatem
2286 3124 2362 3171 non
2387 3110 2489 3148 face—

1363 3180 1474 3219 rent,
1503 3172 1566 3209 sed
1595 3172 1688 3223 quia
1718 3186 1788 3210 non
1819 3172 2037 3219 faciebant,
2067 3180 2273 3225 tamquam·
2291 3163 2383 3220 legis
2412 3178 2487 3225 cae-

1364 3226 1555 3263 remonias
1583 3225 1853 3271 observantem
1883 3228 1981 3265 sicut
2010 3227 2040 3264 si
2070 3223 2154 3273 quis
2182 3217 2408 3279 pelliculam
2425 3231 2491 3256 vt*

1364 3278 1447 3316 ritis
1477 3279 1643 3317 membri
1673 3279 1911 3317 abscinderet
1953 3285 2103 3331 propter
2146 3280 2370 3321 sanitatem,
2412 3285 2488 3312 uon

1363 3346 1478 3373 causa
1504 3331 1639 3386 legalis
1659 3333 1965 3377 circumcisionis
1991 3325 2237 3371 observande&
2260 3326 2281 3342 ''
2297 3351 2308 3366 ο
2371 3378 2423 3419 ΡΞ

2371 3390 2393 3421 3
2425 3403 2439 3419 ο
