2605 3624
783 86 864 134 DE
898 85 1328 134 NncnssffA'rE
1364 88 1531 134 SAcn.
1564 91 1623 134 N.
1655 92 1708 136 T.
2290 96 2337 146 3.

436 218 720 261 CAPUT
802 216 873 260 vt.

189 330 254 373 De
280 331 518 371 necessitate
546 325 908 366 Stre-ramentorum
937 330 978 366 in
1003 340 1100 367 novo

362 390 604 423 testamento
632 381 688 419 ad
717 380 923 420 hominum

540 436 738 475 salutem„

134 555 226 586 201.
243 519 498 589 Meminisse
525 550 672 597 oportet
701 555 833 582 eorum
851 574 862 593 ,
892 556 981 597 quae
996 556 1112 596 supra
1140 555 1209 580 nu.

81 611 147 640 22.
175 599 372 647 diximus,
402 597 547 637 scilicet
576 611 650 637 nou
681 598 744 636 hic
773 599 833 650 agi
854 598 900 635 de
921 611 1008 636 vera
1027 625 1037 643 ,
1066 597 1099 633 ἀ
1122 609 1209 648 pro-

77 654 165 706 pria
193 652 431 701 necessitate,
470 665 550 705 qua
579 651 684 690 Deus
711 651 885 690 debuerit
916 652 1109 689 instituere
1139 650 1207 688 Sa·

77 715 270 745 eramenta
299 705 347 745 ad
374 715 543 744 nostram
560 705 747 751 salutem3
775 719 864 743 cum
893 718 1006 743 nemo
1030 704 1204 752 dubitet,

75 757 206 800 Deum
234 761 349 798 etiam
376 760 459 798 sine
475 757 735 798 Sacramentis
760 770 870 810 posse
891 759 1084 796 remittere
1113 769 1202 809 pec-

73 823 185 859 cata3
215 821 256 850 111
285 812 438 852 mulieri
470 813 672 866 peccatrici
703 813 847 850 remisit
878 811 996 850 anae
1026 811 1112 849 Vll.
1134 811 1201 863 47.

76 866 249 906 homines
275 865 392 905 simul
422 867 462 904 in
489 878 581 904 vera
616 864 800 917 religione
836 864 1077 913 coadunare,
1119 878 1202 903 san·

74 920 247 959 ctificare
262 950 272 969 ‚
301 929 413 972 atque
440 917 487 957 ad
508 928 689 956 aeternam
708 950 719 967 ,
748 918 979 971 beatamque
1007 920 1126 957 vitam
1148 918 1202 957 fe-

74 972 199 1012 liciter
225 973 433 1027 perducere
462 972 555 1022 (a).
596 971 733 1024 Agitur
763 986 850 1024 ergo
877 972 1000 1010 solum
1029 973 1077 1010 de
1104 986 1202 1025 qua-

69 1026 160 1065 dam
187 1026 459 1078 congruentia,
490 1039 556 1064 seu
585 1025 660 1064 late
688 1035 840 1078 sumpta
869 1028 1116 1075 necessitate,
1151 1026 1201 1065 de

69 1090 147 1132 qua
174 1079 322 1118 disserit
349 1078 391 1118 S.
407 1078 577 1119 Thomas
606 1078 645 1120 3.
662 1078 706 1119 P.
725 1093 764 1134 q.
780 1078 847 1119 61.
867 1090 940 1119 art.
957 1080 995 1126 4.
1012 1094 1024 1126 5
1054 1080 1101 1118 ad
1127 1093 1199 1120 cu-

72 1131 135 1185 jus
162 1143 331 1175 mentem
357 1134 405 1174 sit

481 1239 788 1288 PROPOSITIO

192 1347 436 1388 Conveniens
451 1347 540 1402 suit
559 1379 570 1398 ‚
599 1358 640 1387 ut
673 1346 848 1388 Christus
877 1346 1078 1388 Dominus

230 1401 386 1442 abolitis
413 1402 602 1443 veteribus
621 1402 905 1442 Sacramentis
932 1416 1036 1442 nora

512 1460 731 1497 institueret
743 1484 759 1497 .

123 1590 370 1659 202.Hanc
399 1625 528 1658 autern
557 1619 856 1672 propositionem
888 1618 1092 1671 Angelicus
1119 1620 1198 1667 pri-

66 1680 137 1708 'mo
166 1671 299 1721 probat
327 1674 546 1711 auctoritate
565 1672 606 1711 S.
632 1674 859 1724 Augustini,
889 1674 955 1720 qui
981 1672 1066 1709 Lib.
1085 1671 1196 1708 ΧΙΧ.

67 1732 211 1760 contra
240 1721 432 1762 Faustum
456 1738 496 1764 c.
523 1724 584 1764 13.
627 1722 769 1762 Prima
799 1724 1100 1771 Sacramenta,
1138 1725 1196 1761 in-

68 1776 180 1829 quit,
208 1788 298 1825 quoe
318 1775 645 1826 observabantur,
674 1778 724 1818 ὠ
745 1776 1048 1815 celebrabantur
1068 1789 1121 1816 esc
1142 1777 1196 1815 le-

66 1839 117 1879 ge
132 1857 143 1876 ,
161 1834 471 1878 praenuntiativa
488 1840 604 1869 erant
628 1829 769 1868 Christi
784 1835 939 1868 venturi
955 1846 970 1875 ,-
1000 1844 1089 1881 quoe
1103 1842 1195 1868 curn

66 1892 138 1918 suo
164 1879 335 1918 adventu
364 1881 542 1921 Christus
584 1884 846 1932 implevisset,
890 1882 1031 1921 ablata
1072 1892 1164 1920 sunt
1179 1899 1195 1929 ,-

66 1930 118 1974 C9·
145 1931 233 1971 ideo
261 1933 424 1983 ablata,
466 1940 561 1987 quia
589 1936 754 1985 impleta
771 1949 785 1972 .·
804 1936 872 1977 ,(’9-
901 1935 987 1973 alia
1015 1940 1107 1975 sunt
1136 1939 1195 1981 in·

65 1990 226 2035 snitum,
255 1990 394 2026 virtute
421 1990 609 2041 majora,
653 1989 824 2027 utilitate
863 1989 1057 2039 meliora,
1099 1999 1195 2028 actu

55 2038 284 2094 faciliora,
313 2053 480 2080 numero
505 2045 701 2093 pauciora
718 2069 729 2080 .
773 2093 776 2096 Δ

117 2093 210 2134 205.
240 2093 388 2133 Deinde
414 2095 518 2135 addit
548 2095 651 2135 hanc
690 2095 943 2150 theologicam
978 2097 1192 2137 rationem:

63 2175 94 2198 ‚‚
120 2146 228 2186 Sicut
254 2149 402 2202 antiqui
422 2147 548 2189 Patres
576 2149 712 2189 salvati
742 2161 827 2189 sunt
856 2164 923 2204 per
942 2150 1058 2190 fidem
1079 2152 1193 2191 Chri-

64 2227 95 2251 „
120 2202 165 2239 sti
195 2204 374 2252 venturi,
403 2203 453 2241 ita
483 2202 517 2240 &
546 2217 613 2243 nos
642 2203 838 2243 salvamur
859 2219 928 2257 per
947 2205 1193 2244 1111001011τί-

64 2282 92 2304 „
119 2255 164 2293 ati
193 2254 272 2307 jam
299 2259 403 2306 uati,
433 2256 467 2294 8t
495 2259 622 2310 passi.
663 2258 759 2296 Sunt
787 2267 916 2297 antem
944 2258 1192 2299 Sacramenta

63 2335 92 2358 „
120 2309 299 2361 quaedam
327 2311 436 2362 signa
463 2313 708 2364 protestantia
726 2311 870 2361 fidem,
899 2326 977 2366 qua
1004 2312 1192 2364 justifica·

60 2388 90 2410 „
118 2369 180 2400 tur
208 2361 342 2402 homo.
370 2363 528 2416 Oportet
557 2376 684 2404 autem
715 2365 802 2406 aliis
830 2368 949 2419 signis
978 2367 1190 2419 significari

61 2443 90 2464 „
118 2415 274 2466 futura,
303 2419 493 2469 praererita
512 2449 523 2466 ,
547 2419 586 2457 ἃ
617 2422 823 2472 praesentia
840 2447 851 2459 .
894 2420 946 2458 Ut
975 2423 1079 2459 enim
1109 2421 1190 2459 Au-

58 2496 88 2517 „
115 2471 286 2522 gustinus
313 2470 406 2510 dicit
435 2470 550 2512 XIX.
592 2482 724 2512 contra
754 2473 938 2512 Faustum
975 2487 1061 2526 cap.
1098 2474 1187 2524 16.,

58 2549 89 2572 ,‚
115 2521 262 2562 eadem
289 2536 354 2564 res
381 2525 501 2564 aliter
523 2527 1010 2580 ‘annuntiaturfacienda
1027 2558 1038 2576 ‚
1068 2527 1188 2567 aliter

59 2601 89 2625 ,‚
104 2574 230 2628 facta
245 2593 262 2624 ;
288 2582 390 2618 sicut
418 2583 506 2632 ipsa
525 2580 641 2620 verba
663 2596 840 2634 passurus
858 2612 869 2630 ‚
899 2581 933 2618 81
955 2595 1084 2634 passus
1103 2595 1187 2620 non

59 2655 90 2677 „
115 2631 297 2670 similiter
322 2643 498 2673 sonant.
538 2634 588 2674 Et
618 2636 703 2674 ideo
730 2645 874 2674 orortet
892 2666 902 2684 ,
933 2635 1113 2688 quaedam
1144 2651 1185 2675 a·

61 2681 169 2729 „lia
182 2684 427 2726 Sacramenta
451 2701 532 2727 esse
561 2690 600 2728 111
631 2702 728 2728 nova
756 2651 864 2742 iege,
895 2689 1038 2741 quibus
1065 2691 1184 2742 signi-

61 2760 89 2781 „
117 2733 277 2777 ficentur
301 2753 347 2778 ea
363 2771 375 2790 ,
402 2754 494 2795 quae
525 2753 798 2795 praecesserunt
819 2745 858 2782 in
878 2743 1050 2793 Christo,
1080 2757 1182 2797 prae-

63 2814 90 2834 „
118 2795 173 2825 ter
186 2789 425 2833 Sacramenta
452 2799 590 2836 veteris
618 2796 741 2849 legis,
770 2797 914 2850 quibus
943 2799 1182 2850 praenuntia·

61 2867 89 2888 „
118 2838 255 2880 bantur
283 2845 411 2886 futura
428 2847 451 2865 '’
467 2876 479 2888 .

115 2894 206 2940 204·
238 2894 417 2949 Respecto
443 2912 572 2943 autem
599 2902 804 2944 hominum
835 2919 965 2945 veram
995 2918 1180 2958 quorum-

55 2943 146 3007 djim
176 2947 507 2994 sacramentorum
550 2960 811 2997 necessitatem
861 2958 985 2998 Patres
1016 2959 1181 2999 Triden-

56 3005 147 3037 tinae
190 3001 333 3062 Synodi
375 3004 470 3044 Sess.
502 3007 586 3047 Vll.
629 3012 668 3050 in
707 3011 900 3052 Prooemio
949 3015 1091 3052 decreti
1134 3014 1183 3052 de

55 3051 314 3093 Sacramentts
367 3057 579 3109 inquientes
602 3092 614 3109 ,
663 3076 952 3105 consentaneum
1004 3067 1079 3106 sibi
1123 3069 1182 3106 vi-

55 3113 143 3145 sum
171 3121 276 3158 esse,
318 3108 367 3147 cle
407 3115 671 3153 sanctissimis
705 3116 902 3159 Ecclestae
931 3119 1180 3160 Sacramen-

102 3246 153 3282 (α)
176 3243 211 3277 S·
237 3244 390 3280 Thomas
418 3246 451 3280 in
479 3247 538 3281 IV.
566 3248 657 3281 Dist.
678 3249 702 3282 Ι.
729 3261 788 3293 qu.
808 3263 835 3284 1.
863 3262 928 3296 art,
946 3265 977 3288 2,
1001 3255 1184 3298 dedant,

60 3286 283 3326 Sacramenta
309 3305 375 3326 non
402 3293 508 3327 fuisse
536 3295 730 3328 necessaria
759 3303 968 3333 necessitate
994 3305 1153 3338 absoluta
1171 3324 1183 3345 5

62 3343 133 3367 cum
157 3347 199 3368 ex
226 3341 299 3374 sola
323 3342 442 3377 divina
469 3342 620 3378 bonitate
649 3346 807 3379 instituta
836 3346 928 3383 111111
963 3349 1026 3381 sed
1063 3362 1183 3386 neces-

1282 172 1332 207 tis
1359 181 1509 221 agere,
1546 184 1616 219 per
1644 184 1734 221 quce
1760 177 1890 212 omnt's
1919 188 2012 214 vera
2037 177 2194 228 justitia
2224 180 2280 218 vel
2308 185 2408 221 inci-

1281 232 1364 273 pit,
1403 223 1460 260 rel
1486 234 1618 271 coepta
1646 235 1842 275 augetur,
1885 232 1938 265 rel
1968 237 2125 271 tumissa
2163 246 2404 284 reparatur.

1281 275 1330 314 Et
1350 290 1436 314 can.
1453 275 1492 322 ζ.
1523 276 1564 314 St
1592 280 1677 328 quis
1706 277 1851 315 <lexerit
1869 310 1879 327 ,
1910 283 2183 324 Sacramenta
2211 300 2323 327 710⁶·ae
2351 291 2406 328 le-

1278 333 1340 381 gis
1368 342 1449 368 non
1477 342 1565 368 esse
1594 329 1650 368 acl
1677 331 1850 369 salutem
1880 344 2133 386 necessaria,
2173 341 2242 379 sel
2271 356 2404 394 super-

1266 382 1394 435 flua,
1423 384 1473 424 ὠ·
1493 387 1579 422 sine
1598 388 1682 432 eis,
1712 394 1783 422 aut
1811 398 1950 424 eorum
1980 399 2083 435 voto,
2112 405 2180 438 per
2208 397 2405 450 solamfi·

1278 436 1372 475 clem
1399 435 1582 476 homines
1609 451 1638 476 a
1667 437 1755 476 Deo
1782 444 1962 489 gratiam
1987 444 2285 494 justificationis
2317 450 2404 489 wli-

1277 495 1402 542 piscc',
1446 492 1535 529 licet
1562 496 1702 529 omnia
1732 494 1896 545 singulis
1925 501 2159 534 necessaria
2192 512 2271 537 non
2299 509 2404 553 sint,

1278 544 1506 583 anatliema
1535 550 1613 584 sic.
1662 546 1816 594 Quibus
1860 549 1986 587 verbis
2031 550 2170 589 diserte
2206 559 2405 605 asseritur,

1275 599 1470 651 supposita
1498 599 1835 638 Sacramentorum
1865 603 2124 651 institutione,
2168 602 2304 644 horum
2335 610 2403 648 ali-

1274 666 1352 704 qua
1381 666 1457 690 esse
1487 653 1596 691 nobis
1625 655 1785 692 omnino
1803 658 2042 695 necessaria.
2073 657 2120 695 Et
2139 659 2298 711 quidem·
2318 663 2405 710 dun,

1272 705 1417 744 scilicet
1437 707 1654 759 Baptismus
1682 708 1891 757 omnibus,
1922 709 1955 747 &
1977 709 2204 750 Poenitentia
2233 715 2306 763 iis,
2336 720 2405 768 qui

1271 768 1354 812 post
1373 758 1597 812 Baptimum
1628 763 1667 800 in
1699 770 1853 814 peccata
1883 762 2040 803 lethalia
2071 761 2169 818 lapsi
2198 777 2285 805 sunt
2306 798 2317 817 ,
2344 770 2409 807 di·

1270 823 1408 851 cuntur
1439 817 1648 853 necessaria
1678 820 1916 855 necessitate
1947 817 2086 866 metiti,
2134 828 2172 857 ut
2214 823 2294 859 siue
2323 822 2404 862 illis

1270 876 1334 905 aut
1363 876 1476 917 actu,
1506 877 1571 906 aut
1600 868 1735 907 saltem
1766 870 1805 909 in
1836 881 1921 908 voto
1949 874 2129 925 susceptis
2149 872 2323 913 homiues
2343 876 2403 927 ju-

1270 920 1430 959 stificari
1449 952 1459 969 ‚
1489 920 1524 959 δε
1554 921 1694 961 salvari
1727 925 2050 975 nequeantfialia
2067 940 2156 964 vero
2172 929 2244 966 tria
2262 959 2272 976 ‚
2301 931 2403 967 Con-

1270 974 1525 1023 firmationis,
1568 975 1850 1027 Eucliaristiae,
1895 978 1928 1015 81
1973 978 2402 1028 Extreinae„Unctionis

1267 1037 1355 1066 sunt
1381 1029 1594 1068 necessaria
1613 1059 1623 1077 ,
1653 1040 1799 1068 tantum
1828 1035 2045 1071 necessitate
2075 1037 2292 1087 praecepti:
2335 1038 2401 1075 de·-

1266 1095 1377 1120 mum
1406 1083 1559 1135 reliqua
1586 1083 1662 1121 duo
1690 1084 1874 1133 Ordinis,
1905 1086 1939 1122 &
1970 1086 2210 1127 Matrimonii
2241 1099 2325 1128 sunt
2356 1091 2404 1129 li-

1266 1134 1383 1185 bera,
1431 1138 1523 1189 quia
1552 1136 1636 1174 haec
1666 1150 1739 1174 non
1780 1151 1848 1189 pro
1889 1141 2050 1191 singulis
2093 1141 2315 1182 hominibus
2344 1145 2401 1183 io-

1268 1191 1395 1232 stituta
1423 1199 1535 1237 sunt;
1578 1190 1640 1228 sed
1671 1190 1776 1229 Ouio
1812 1203 1883 1243 pro
1911 1192 2186 1233 Ecclesiasticis
2230 1199 2403 1246 muniis,

1269 1256 1360 1296 quae
1389 1244 1528 1282 dehent
1557 1257 1634 1282 esse
1665 1245 1703 1282 in
1735 1245 1911 1284 societate
1924 1246 2169 1294 Christiana5
2201 1249 2404 1288 Matrimo-

1268 1299 1379 1336 nium
1411 1310 1501 1336 vero
1531 1298 1569 1335 in
1598 1296 1771 1335 officium
1801 1308 1949 1338 naturae
1978 1301 2026 1339 ad
2059 1301 2210 1341 licitam
2242 1302 2403 1344 humani

1267 1353 1416 1403 generis
1448 1353 1755 1403 propagationem
1773 1378 1784 1391 .

1322 1406 1418 1444 205.
1449 1405 1543 1456 Obj.
1562 1409 1717 1456 primo.
1748 1405 1996 1446 Sacramenta
2021 1406 2110 1447 sunt
2138 1409 2320 1463 quaedam
2350 1412 2401 1450 si-

1262 1471 1339 1510 ‘gna
1365 1471 1551 1512 'corporea
1578 1459 1790 1498 invisibilis
1818 1464 1952 1512 gratiae
1973 1463 2212 1513 spiritualis;
2239 1465 2305 1502 sed
2334 1465 2402 1503 ad-

1266 1514 1442 1551 veniente
1472 1513 1629 1551 veritate
1657 1513 1795 1550 debent
1823 1516 1928 1565 signa
1947 1544 1958 1562 ‚
2001 1516 2035 1551 dt
2065 1515 2201 1567 figurae
2232 1529 2399 1557 cessare:

1264 1576 1467 1619 postquam
1497 1578 1586 1618 ergo
1612 1570 1749 1618 gratia
1767 1596 1777 1613 ‚
1807 1567 1856 1606 (9⁰
1885 1571 2031 1605 veritas
2047 1581 2117 1618 per
2130 1566 2266 1607 Iesum
2285 1569 2395 1610 Chri-

1264 1629 1372 1656 stum
1389 1618 1518 1670 facta
1547 1627 1628 1666 est,
1660 1628 1698 1656 ut
1726 1619 1867 1658 dicitur
1894 1620 1955 1659 Jo.
1978 1620 2006 1659 1.
2026 1634 2119 1674 27.,
2146 1623 2399 1665 Sacramenta

1260 1671 1373 1709 nulla
1397 1684 1480 1708 esse
1503 1671 1647 1710 debent
1663 1696 1676 1710 .

1321 1721 1414 1763 206.
1444 1723 1559 1776 Resp.
1591 1720 1797 1776 Angelicus
1825 1724 1931 1765 laud.
1960 1736 2033 1767 art.
2050 1727 2090 1775 4.
2120 1745 2188 1784 qu.
2208 1727 2274 1770 61.
2295 1732 2342 1771 ad
2364 1745 2399 1773 1.

1264 1807 1292 1827 „
1321 1778 1422 1830 quod
1453 1779 1548 1815 sic'ut
1570 1777 1780 1829 Dionysius
1808 1779 1901 1818 dicit
1923 1782 1961 1818 in
1982 1782 2029 1820 V.
2046 1796 2132 1835 cap.
2151 1784 2265 1824 Eccl.
2283 1786 2400 1826 Hier.

1266 1840 1437 1880 „ostatus
1467 1843 1575 1868 novae
1606 1829 1700 1881 legis
1730 1832 1878 1871 medius
1907 1844 1959 1872 est
1988 1836 2086 1873 inter
2126 1847 2265 1877 statum
2296 1850 2401 1878 vete-

1266 1914 1292 1934 „
1322 1885 1373 1922 ris
1402 1883 1524 1934 legis,
1548 1883 1666 1935 cujus
1693 1884 1831 1936 figurae
1862 1888 2073 1940 implentur
2103 1891 2142 1929 in
2173 1898 2269 1930 nova
2300 1892 2397 1946 lege,

1265 1967 1292 1988 ,‚
1322 1936 1356 1974 δι
1386 1938 1484 1975 inter
1513 1946 1651 1976 statum
1680 1938 1843 1991 gloriae,
1875 1941 1913 1979 in
1942 1956 2019 1995 qua
2046 1946 2173 1983 omnis
2201 1947 2331 1996 nude,
2364 1949 2398 1985 ἃ

1263 2020 1289 2043 ,‚
1318 1992 1486 2044 perfecte
1506 1992 1816 2032 manifestabitur
1836 1996 1973 2034 veritas
1993 2009 2001 2034 :
2030 1996 2064 2034 8t
2087 1999 2171 2037 ideo
2196 2008 2290 2038 tunc
2310 2001 2398 2040 nul-

1258 2073 1290 2095 „
1320 2045 1358 2083 la
1393 2055 1507 2084 erunt
1534 2046 1813 2094 Sacramenta3
1857 2063 1962 2088 nunc
2006 2060 2161 2101 autem,
2203 2055 2394 2106 quamdiu

1262 2129 1289 2148 „
1317 2112 1389 2152 per
1416 2098 1646 2152 speculum,
1689 2101 1740 2142 ὠ·
1769 2105 1811 2139 in
1847 2108 2068 2156 aenigmate
2104 2109 2396 2158 cognoscimus,

1263 2183 1288 2202 ,‚
1320 2162 1359 2192 ut
1386 2153 1529 2192 dicitur
1564 2167 1597 2192 1.
1627 2154 1675 2193 ad
1702 2154 1997 2196 Corinth.XttI.
2015 2188 2026 2207 ,
2052 2170 2201 2212 oportet
2231 2175 2296 2199 nos
2327 2177 2395 2214 per

1261 2237 1288 2256 „
1317 2207 1451 2260 aliqua
1479 2207 1678 2246 sensibilia
1714 2210 1825 2262 signa
1866 2212 1907 2250 in
1934 2213 2152 2264 spiritualia
2184 2215 2392 2262 devenire;

1260 2290 1287 2310 ‚,
1316 2262 1419 2314 quod
1449 2262 1606 2312 pertinet
1637 2262 1684 2301 ad
1715 2265 1901 2302 rationem
1930 2265 2265 2305 Sacrameutorum
2283 2269 2334 2307 ''-

1315 2327 1407 2366 207.
1437 2315 1531 2366 Obj.
1560 2315 1760 2355 secundo.
1807 2318 2054 2357 Sacramenta
2096 2320 2306 2360 consistunt
2351 2322 2393 2362 in

1258 2369 1492 2421 quibusdam
1522 2368 1742 2415 elementi93
1771 2372 1876 2422 atqui
1902 2372 2100 2423 Apostolus
2122 2387 2195 2411 11011
2217 2373 2299 2412 vult
2320 2390 2386 2414 nos

1259 2424 1300 2460 iu
1329 2431 1427 2460 statu
1458 2420 1552 2474 legis
1580 2423 1713 2474 gratiae
1743 2437 1821 2461 esse
1850 2424 1921 2462 sub
1951 2424 2168 2472 elementis3
2199 2429 2320 2480 inquit
2352 2445 2392 2467 e-

1257 2478 1338 2514 nim
1356 2475 1402 2514 ad
1419 2475 1510 2513 Gal.
1529 2475 1597 2513 IV.
1620 2474 1678 2515 3.:
1712 2475 1811 2514 Cum
1841 2491 2019 2516 essemus
2037 2479 2189 2529 part-uli
2220 2485 2233 2532 (
2253 2496 2392 2535 nexupe

1256 2529 1297 2568 in
1315 2530 1431 2568 veteri
1452 2529 1486 2566 le
1514 2528 1642 2578 e)sub
1658 2529 1866 2568 elementis
1884 2531 2021 2571 muntlt
2037 2545 2200 2572 eramus
2215 2541 2387 2573 sert-ien-

1255 2591 1345 2628 tes;
1377 2591 1422 2620 at
1456 2596 1480 2620 u
1506 2587 1636 2621 ivenit
1660 2584 1861 2633 plenitudo
1880 2591 2069 2637 temporis
2089 2590 2176 2629 (9⁶6.
2207 2603 2296 2640 crgo
2316 2590 2388 2629 &e.

1309 2636 1402 2675 208.
1436 2635 1547 2690 Resp.
1581 2636 1808 2689 Angelicus,
1853 2639 2077 2690 Apostolum
2123 2642 2176 2680 ibi
2214 2644 2387 2682 indicare

1251 2688 1502 2729 Sacramenta
1532 2692 1666 2729 veteris
1687 2690 1806 2744 legis,
1836 2706 1925 2745 quae
1958 2707 2055 2734 vers.
2071 2706 2110 2747 9.
2142 2706 2247 2734 vocat
2276 2697 2388 2751 infir·

1251 2757 1351 2792 ma,
1380 2743 1431 2785 ὠ·
1460 2758 1594 2798 egena
1622 2745 1824 2784 elementa
1842 2776 1853 2794 ‚
1882 2750 1975 2800 quia
2003 2752 2165 2800 gratiam
2195 2764 2265 2788 nec
2295 2765 2388 2789 con-

1249 2797 1451 2847 tinebant,
1495 2813 1563 2837 nec
1592 2799 1828 2839 causabaut.
1874 2830 1900 2849 ‚,
1930 2801 1977 2840 Et
2009 2803 2092 2840 ideo
2135 2812 2278 2842 utentes
2309 2804 2386 2843 illis

1252 2881 1279 2902 „
1307 2851 1566 2891 Sacramentis
1586 2852 1677 2890 dicit
1702 2851 1926 2904 Apostolus,
1957 2855 2029 2893 sub
2048 2856 2245 2896 elementis
2274 2871 2387 2896 muu-

1252 2935 1279 2955 „
1308 2906 1345 2944 di
1369 2907 1450 2944 Deo
1480 2906 1666 2953 servisse,
1696 2909 1787 2959 quia
1818 2907 1962 2946 scilicet
1993 2909 2090 2947 1111111
2124 2910 2230 2948 aliud
2261 2921 2383 2960 erant,

1255 2988 1281 3009 „
1310 2974 1428 3012 quam
1460 2960 1649 2998 elementa
1682 2959 1796 3011 hujus
1819 2963 1977 3001 mundi.
2009 2960 2147 3002 Nostra
2167 2975 2294 3002 autem
2318 2966 2384 3002 Sa-

1252 3043 1280 3062 „
1308 3024 1501 3052 eramenta
1530 3015 1692 3066 gratiam
1723 3017 1916 3053 continent
1934 3046 1944 3064 ,
1976 3013 2010 3053 &
2031 3028 2213 3064 causant3
2244 3018 2277 3054 81
2300 3020 2383 3057 ideo

1251 3094 1279 3117 ‚,
1309 3081 1383 3106 non
1413 3077 1463 3105 est
1493 3068 1541 3106 de
1569 3069 1623 3105 eis
1652 3069 1791 3106 similis
1821 3071 1916 3107 ratio
1936 3070 1986 3108 ''.
2188 3109 2202 3123 ·

1307 3133 1400 3174 209.
1431 3121 1524 3173 Obj.
1555 3124 1699 3160 tertio.
1736 3122 1778 3161 Si
1810 3122 1914 3162 Deus
1943 3123 2134 3177 abrogatis
2163 3126 2299 3164 veteris
2329 3123 2381 3162 le·

2275 3181 2330 3229 gis

1253 3262 1381 3298 sinite,
1407 3270 1473 3303 quae
1497 3267 1551 3292 est
1575 3270 1619 3291 ex
1647 3262 1878 3303 suppositione
1896 3258 1991 3304 finis
2009 3284 2017 3293 .
2060 3261 2136 3294 Nm
2165 3265 2213 3294 ita
2240 3268 2347 3292 tumen
2366 3278 2377 3295 μ

1250 3306 1339 3349 quod
1366 3309 1440 3338 sine
1466 3305 1526 3338 his
1554 3305 1646 3338 Deus
1673 3307 1826 3339 homines
1866 3321 1987 3341 sanare
2025 3321 2088 3340 non
2122 3314 2264 3351 posset»
2301 3313 2375 3345 ‘lfflss

1252 3351 1489 3389 sacramentis
1516 3357 1673 3389 virtutem
1700 3365 1788 3388 suam
1813 3365 1885 3388 non·
1903 3356 2085 3400 alligavit·
