2605 3624
219 122 303 171 178

208 199 298 246 257.
328 194 420 244 Obj.
443 196 591 242 primo.
619 189 772 231 Nullibi
802 192 840 230 in
870 192 986 230 sacris
1005 192 1137 230 litteris
1158 205 1266 243 aper-

150 257 187 287 ie
215 250 377 294 dicitur,
407 246 651 298 baptizandos
679 260 756 283 esse
785 246 971 292 infante33
998 258 1087 297 ergo
1116 245 1186 283 ἃς.

208 300 298 338 258.
329 300 469 351 Resp.,
500 299 571 338 hoc
598 310 819 350 argumento
851 299 1112 351 Anabnptistas
1143 297 1269 335 effica-

151 354 245 391 citer
274 367 443 404 pugnare
471 362 601 390 contra
632 352 898 400 Protestautes,
942 354 1008 403 qui
1053 352 1156 388 nulla
1193 351 1271 389 alia

150 407 347 443 admittere
367 406 497 445 volunt
517 407 709 458 dogmata,
739 420 854 459 quani
884 419 971 457 quae
999 407 1039 443 iu
1068 405 1182 443 sacris
1208 403 1272 441 lit-

150 461 237 496 teris
266 460 492 512 perspicue,
521 458 555 494 8<
588 469 715 511 aperte
743 460 1006 504 continentur3
1043 471 1113 496 non
1143 467 1270 495 autem

151 522 280 550 contra
309 526 393 561 nos,
423 515 490 565 qui
518 512 636 551 aliani
668 513 928 550 firmissimam
958 513 1196 561 agnoscimus
1226 510 1272 547 st-

148 567 211 604 dei
239 579 466 618 morumque
498 565 666 617 regulam
685 596 695 612 ,
737 580 874 617 nempe
913 563 1193 611 universalem,
1235 563 1269 597 &

148 628 381 657 constantem
412 620 593 656 licclesiae
623 620 887 656 traditionem.

204 673 295 724 259.
320 674 401 710 lust.
423 686 549 721 primo
566 699 576 708 .
606 673 732 709 Sacrae
755 671 887 708 litterae
909 678 1045 718 aperte
1066 668 1269 706 excludunt

148 739 286 776 pueros
322 741 344 763 a
373 726 616 763 sacramento
651 723 854 774 baptisini.
897 723 995 759 'Nam
1038 722 1142 760 clara
1186 728 1270 757 sunt

145 779 288 816 Clu-isti
319 779 434 816 verba
454 777 592 815 Matth.
616 777 682 814 ult.
702 807 713 824 ,
743 776 774 812 8(
796 775 920 813 Marci
944 773 1011 811 ult.
1042 774 1270 824 praecipien-

91 878 94 880 -
149 833 216 879 tis,
255 841 295 868 ut
324 834 449 883 primo
477 832 682 868 doceantur
711 830 879 876 Gentes,
916 841 960 865 ac
992 835 1116 878 postea
1146 826 1270 876 bapti-

146 894 299 929 zentur;
330 894 440 935 atque
470 884 630 920 dicentis
651 912 660 929 ,
691 883 840 918 nonnisi
871 893 932 918 eos
960 880 1158 917 salvandos
1178 892 1270 926 esse,

147 939 216 988 qui
247 937 501 983 craltlemzt,
531 935 564 971 ἃ
585 935 764 986 baptizati
786 935 948 971 fuerint.
977 933 1075 970 Cum
1106 945 1194 983 ergo
1215 932 1270 968 in-

149 996 268 1027 lantes
296 991 500 1034 doctrinae,
530 1002 573 1026 ac
605 987 693 1025 fidei
726 988 924 1038 incapaces
943 988 1045 1033 sint,
1075 987 1187 1023 etiarn
1205 985 1270 1022 ba-

147 1045 276 1093 ptismi
307 1044 505 1093 incapaces
533 1042 674 1079 censeri
695 1039 852 1077 debent.
884 1040 1076 1077 Accedunt
1097 1038 1211 1076 verba
1228 1038 1270 1075 B.

145 1096 244 1132 Petri
266 1096 344 1131 Act.
367 1096 414 1132 ll.
439 1094 503 1133 28.
548 1094 829 1131 Paenttenttam
857 1097 990 1145 agite,
1020 1094 1069 1133 (9⁰
1098 1091 1267 1141 baptize-

146 1160 209 1184 tur
238 1152 497 1199 unusquisque
525 1156 724 1191 vestrum5
753 1160 841 1200 quae
868 1147 1018 1185 nonnisi
1045 1146 1096 1184 ad
1124 1145 1269 1183 adultos

145 1202 330 1253 pertinere
362 1209 540 1253 possunt.

200 1254 291 1292 260.
324 1254 435 1306 Resp.
453 1284 463 1302 ‚
507 1256 620 1293 citata
648 1254 686 1291 in
713 1251 926 1304 objectione
954 1253 1071 1291 verba
1100 1261 1268 1304 spectare

146 1309 303 1360 quidem
334 1307 506 1355 adultos,
535 1308 584 1345 ad
609 1320 705 1359 quos
734 1307 981 1344 mittebantur
1011 1305 1202 1358 Apostoli,
1235 1304 1267 1339 ἃ

145 1362 214 1412 qui
233 1362 414 1398 doctrinae
434 1360 540 1408 fidei,
568 1373 613 1398 ac
629 1361 865 1412 poenitentiae
885 1373 1041 1410 capaces
1058 1368 1137 1396 sunt
1155 1373 1164 1404 3
1193 1372 1268 1395 non

144 1423 274 1451 tamen
303 1414 503 1451 excludere
533 1413 722 1460 infantes,
763 1426 857 1464 quos
887 1414 998 1449 etiarn
1028 1412 1269 1463 baptizandos

144 1481 223 1504 esse
254 1480 297 1503 ex
327 1466 415 1504 aliis
443 1466 651 1517 Scripturas
682 1464 799 1512 locis,
843 1467 1078 1517 potissimum
1110 1477 1198 1501 vero
1224 1476 1270 1501 ex

144 1520 395 1557 vetustissima
410 1548 420 1566 ,
447 1518 693 1569 generalique
710 1517 892 1555 Ecclesiae
913 1517 1187 1555 cousuetudine
1205 1516 1270 1553 de-

147 1580 398 1610 monstratum
427 1580 505 1608 est.
550 1570 733 1608 Doctrina
761 1580 915 1617 autem,
945 1570 979 1605 δε
1009 1569 1102 1607 fides
1133 1570 1172 1606 in
1202 1569 1270 1606 ba-

145 1628 286 1678 ptismo
315 1625 506 1676 requisitas
535 1623 762 1676 supplentur
790 1623 838 1661 ab
868 1622 1061 1669 Ecclesia,
1091 1624 1131 1660 in
1159 1621 1276 1672 cujus

146 1689 253 1716 utero
282 1679 445 1716 infantes
473 1687 762 1729 regenerantur.
792 1676 1017 1715 Poenitentia
1046 1688 1135 1713 vero
1156 1683 1206 1711 est
1226 1675 1274 1712 de

146 1733 310 1785 peccatis
339 1730 553 1769 actualibus
570 1761 580 1778 ,
609 1744 773 1782 quorum
804 1731 964 1768 infantes
994 1730 1048 1766 rei
1070 1741 1140 1766 non
1163 1737 1271 1773 sunt;

147 1799 220 1824 non
248 1786 294 1823 de
323 1795 476 1837 peccato
504 1784 711 1835 originali,
741 1783 841 1835 quod
872 1782 1035 1820 naturali
1065 1783 1271 1833 generatio-

148 1854 197 1876 ne
227 1852 270 1876 ex
293 1839 441 1877 Adamo
468 1837 730 1876 contrahimus
746 1866 757 1886 ,
786 1836 820 1872 ἃ
836 1836 937 1889 quod
957 1837 1273 1887 poeniteutianon

148 1891 324 1930 deletur.

205 1945 296 1983 261.
326 1945 414 1982 Inst.
443 1943 613 1982 secundo
631 1970 641 1981 .
684 1944 899 1994 Baptismus
936 1950 1094 1979 vocatur
1122 1940 1272 1978 Sacra-

151 1996 442 2050 merztumfidei
471 2012 492 2034 a
521 1997 560 2034 S.
581 1998 787 2048 Augustino
816 1997 924 2047 epist.
947 1994 1122 2032 XCVIII.
1141 2023 1151 2040 ,
1182 1995 1273 2032 fides

153 2060 304 2098 autem,
336 2061 374 2088 ut
402 2051 524 2102 inquit
555 2050 649 2087 ibid.
679 2049 719 2087 S.
751 2049 915 2094 Doctor,
957 2052 998 2084 in
1027 2045 1274 2084 credentium

152 2105 355 2143 voluntate
383 2106 587 2141 consistit.
621 2102 789 2150 Rursus,
818 2101 866 2139 ad
888 2101 1174 2138 Sacramentum
1206 2101 1277 2137 rite

152 2157 438 2209 suscipiendum
468 2157 674 2208 requiritur
705 2156 885 2202 intentio,
933 2167 1025 2206 quae
1064 2155 1104 2191 in
1146 2154 1275 2204 pueris

157 2211 313 2249 rationis
343 2224 412 2247 usu
441 2209 658 2248 carentibus
687 2223 764 2247 esse
792 2209 951 2259 nequit.

215 2263 305 2303 262.
337 2263 545 2314 Respondet
573 2263 613 2301 S.
644 2262 813 2299 Thomas
843 2262 881 2299 5.
912 2260 951 2298 P.
983 2275 1022 2312 q.
1043 2259 1110 2298 68.
1138 2268 1208 2297 art.
1235 2273 1277 2311 9.

155 2317 204 2356 ad
238 2331 299 2366 10,
343 2316 426 2353 haec
455 2317 587 2354 omnia
614 2316 652 2353 in
683 2316 810 2367 pueris
837 2313 1008 2365 suppleri
1039 2326 1104 2364 per
1134 2313 1278 2360 fidem,

154 2373 191 2407 ἃ
221 2372 465 2409 intentionem
495 2377 695 2421 parentum
713 2398 724 2416 ,
753 2377 818 2406 aut
844 2367 978 2405 saltem
995 2366 1179 2404 Ecclesiae
1197 2396 1207 2413 ,
1237 2367 1279 2404 in

155 2424 268 2475 cujus
295 2425 451 2461 nomine
479 2423 741 2475 baptizantur:
769 2451 796 2470 „
830 2419 1073 2472 Regeneratio
1099 2421 1278 2470 spiritua·

157 2507 185 2527 „
216 2477 284 2523 lis,
316 2476 466 2527 inquit,
507 2490 594 2527 quae
625 2476 666 2514 fit
694 2488 762 2527 per
792 2474 1026 2526 baptismum
1046 2503 1058 2521 ,
1101 2481 1154 2510 est
1182 2485 1277 2525 quo-

218 2529 420 2566 dammodo
449 2528 585 2566 similis
613 2529 802 2567 nativitati
831 2526 976 2565 carnali
1011 2535 1199 2579 quantum
1229 2525 1276 2564 ad

159 2613 188 2632 „
220 2581 317 2630 hoe,
358 2581 460 2634 quod
501 2582 597 2618 sicut
627 2584 738 2632 pueri
769 2583 808 2619 in
839 2581 1019 2618 maternis
1050 2580 1163 2617 uteris
1191 2593 1280 2617 con·-

161 2666 188 2685 „
217 2636 334 2674 stituti
352 2665 363 2683 ,
393 2648 466 2672 non
497 2648 564 2687 per
592 2637 730 2686 seipsos
758 2636 1034 2672 nutrimentum
1065 2634 1282 2685 accipiunt,

162 2719 188 2738 „
216 2689 279 2726 sed
308 2702 353 2725 ex
382 2688 614 2726 nutrimento
644 2689 775 2725 matris
790 2695 1068 2732 sustentantur3
1099 2688 1150 2724 ita
1166 2687 1283 2724 etiam

162 2771 191 2790 „
220 2742 328 2792 pueri
356 2742 525 2779 nondum
556 2741 735 2779 habentes
766 2754 876 2777 usum
896 2741 1072 2787 rationis,
1102 2740 1211 2790 quasi
1241 2741 1280 2777 in

162 2823 190 2843 „
221 2803 324 2831 utero
352 2796 482 2832 matris
512 2794 696 2832 Ecclesiae
733 2795 948 2841 constituti,
993 2805 1068 2829 nou
1112 2805 1180 2843 per
1207 2793 1279 2828 sei-

164 2876 191 2897 „
221 2860 329 2899 psos,
358 2848 421 2885 sed
449 2860 517 2899 per
532 2857 657 2886 actum
672 2847 857 2886 Ecclesiae
872 2846 1033 2886 salutem
1052 2844 1277 2897 suscipiunt.

160 2560 188 2579 :3

210 3011 257 3046 (a)
286 3006 341 3039 Ex
366 3016 435 3049 quo
448 3005 659 3049 Luthemni,
686 3011 717 3041 ἃ
743 3007 947 3042 Calvinistae
973 3007 1035 3040 soli
1055 3004 1131 3040 fidei
1159 3013 1278 3038 actua-

164 3053 190 3086 li
225 3052 509 3096 justificationem
547 3053 768 3087 tribuendam
800 3053 1007 3093 docuerint,
1045 3060 1124 3084 nata
1150 3050 1281 3084 dicitnr

165 3098 477 3143 Anabaptistarutn
505 3106 622 3138 secta,
647 3111 724 3142 quae
751 3100 828 3133 inde
847 3098 1097 3138 concludebat,
1123 3097 1281 3141 baptiza-

165 3145 198 3178 ri
224 3156 291 3177 non
318 3155 414 3188 posse
441 3145 616 3184 infantes,
651 3146 709 3188 qni
743 3145 819 3178 fidei
859 3146 1006 3178 actualis
1044 3155 1186 3188 capaces
1213 3156 1280 3176 non

167 3198 269 3223 sunt.
312 3190 360 3222 Ut
384 3189 466 3222 huic
489 3192 581 3223 malo
614 3200 814 3224 occurreret
839 3192 1006 3223 Calvinus
1023 3211 1034 3230 ,
1070 3189 1281 3230 somniavit,

166 3237 317 3270 infantes
334 3240 457 3279 erigua
471 3235 620 3280 quadarn
636 3239 791 3270 scintilla
801 3236 895 3279 fidei
917 3238 1083 3269 irradiari
1097 3257 1105 3266 .
1142 3236 1184 3267 V.
1204 3248 1279 3280 sup.

166 3283 304 3316 l)iss.ll.
319 3283 436 3323 n.348.
455 3283 592 3316 Solebat
605 3284 711 3316 etiarn
726 3282 769 3315 ab
783 3282 846 3314 hac
864 3281 1066 3315 difficultate
1085 3293 1119 3314 se
1134 3282 1281 3315 liberare

167 3329 367 3373 confugiens
385 3326 427 3362 ad
444 3341 545 3375 opera
559 3327 643 3370 Dei,
660 3342 726 3373 qztae
743 3336 859 3363 nostro
878 3332 990 3371 captui
1009 3340 1073 3361 non
1093 3329 1279 3373 subjacent.

1015 111 1282 157 DISSERT.
1304 112 1383 155 111.
1416 111 1544 154 CAP.
1562 111 1619 155 X.

1335 221 1361 240 „
1391 191 1501 229 Unde
1522 191 1747 242 Augustinus
1770 190 1858 228 Lib.
1874 191 1903 229 Ϊ.
1931 189 1995 229 De
2016 199 2170 242 peccat.
2190 188 2346 231 meritis
2363 222 2373 241 ,
2399 195 2450 235 &-

1337 275 1363 293 „
1391 248 1546 282 remiss.
1574 258 1661 296 cap.
1681 245 1748 282 25.
1777 244 1919 282 ll‘luter
1939 244 2124 282 Ecclesm
2154 255 2384 284 maternum
2412 260 2454 284 os

1339 328 1365 346 „
1393 299 1563 348 parvulis
1592 296 1762 347 praebet,
1806 307 1846 334 nt
1875 302 2003 335 sacris
2041 303 2244 350 mysteriis
2272 299 2456 336 imbuam-

1339 380 1365 399 „
1395 361 1456 386 tur
1472 366 1487 395 ‚-
1529 354 1621 400 quia
1651 351 1825 387 nondum
1853 360 2013 399 possunt
2042 351 2160 389 corde
2185 357 2341 404 proprio
2369 365 2454 390 cre-

1340 434 1366 452 „
1395 403 1486 440 <tere
1515 402 1791 453 adjustitiam
1809 433 1819 450 ,
1859 416 1935 440 nec
1965 417 2032 442 ore
2074 410 2226 454 proprio
2267 405 2452 457 confiteri

1339 485 1366 504 „
1395 455 1450 492 (hl
1479 455 1647 491 salutem
1666 481 1676 492 .
1720 455 1767 492 Et
1794 469 1879 507 cap.
1902 470 1965 508 ³9.
2007 458 2050 494 St·
2079 468 2214 496 autem
2251 469 2460 510 propterea

1340 538 1366 556 „
1395 516 1501 544 recte
1518 506 1668 558 fideles
1697 517 1910 556 vocantur,
1940 511 2273 563 quonitzmfidem
2289 527 2357 563 per
2375 524 2458 550 rer-

1339 590 1365 608 „
1395 559 1446 597 ba
1474 563 1717 610 gestantium
1748 559 2041 610 quodammodo
2081 565 2316 617 profitentur
2334 597 2344 615 ,
2389 577 2458 603 cur

1337 642 1364 661 „
1392 617 1518 649 etium
1548 616 1780 662 poenitentes
1808 625 1889 649 non
1919 613 2141 652 Imbeanmr
2158 646 2170 664 ,
2198 632 2288 656 cum
2309 633 2377 670 per
2397 631 2462 656 eo-

1337 695 1364 715 „
1395 664 1579 702 ramalem
1609 664 1724 702 verba
1752 669 2025 717 gestantt'tmz,
2063 666 2242 719 diabolo,
2284 674 2333 713 (3)·
2374 671 2462 709 huic

1339 748 1367 767 „
1395 720 1542 756 soeculo
1568 717 1854 756 abrenuntiare
1884 720 2190 757 monstrentur?
2237 724 2286 761 Et
2330 726 2462 763 eadem

1338 801 1366 820 „
1397 773 1540 810 ratione
1569 781 1722 824 possunt
1746 773 1824 810 dici
1852 771 2124 821 intendentes,
2155 787 2226 812 non
2248 790 2315 827 per
2335 787 2462 815 actum

1338 854 1366 873 „
1396 827 1562 876 propriae
1592 827 1834 872 intentionis,
1879 839 1969 863 cum
2013 827 2085 877 ipsi
2114 829 2344 880 quandoque
2371 843 2460 867 con-

1340 907 1366 925 ,‚
1394 880 1648 926 tranitantur,
1676 879 1713 914 ἃ
1743 879 1914 930 plorent,
1951 879 2014 916 sed
2042 893 2112 931 per
2141 889 2269 918 actum
2295 895 2460 930 eorum,

1341 960 1368 979 „
1397 946 1419 969 a
1449 932 1588 983 quibus
1615 931 1866 970 offeruntur’'
1887 958 1898 969 .

1395 984 1485 1022 263.
1517 986 1601 1022 lust.
1630 990 1771 1022 tertio.
1814 985 2036 1037 Utcumque
2076 984 2161 1024 liaec
2200 988 2277 1025 dici
2308 996 2462 1040 possunt

1337 1038 1383 1075 de
1414 1037 1506 1076 filiis
1537 1037 1736 1086 fidelium,
1764 1051 1840 1076 non
1871 1048 1995 1076 tamen
2026 1039 2071 1075 de
2100 1039 2193 1077 filiis
2213 1040 2462 1088 infidelitnn;

1337 1090 1513 1130 voluntas
1542 1092 1644 1128 enim
1674 1092 1894 1129 eorumdem
1925 1102 2126 1143 parentum
2159 1095 2350 1131 contraria
2378 1104 2461 1132 est.

1391 1143 1482 1189 264.
1515 1144 1725 1196 Respondet
1749 1144 1954 1195 Angelicus
1983 1145 2080 1182 ibid.
2110 1146 2155 1183 ad
2179 1160 2215 1184 2.
2246 1177 2272 1195 ,,
2290 1161 2361 1184 non
2391 1149 2464 1184 irn-

1336 1227 1364 1246 „
1393 1198 1515 1249 pediri
1546 1211 1676 1234 eorum
1706 1197 1863 1235 salutem
1882 1227 1893 1245 ,
1922 1199 1952 1235 si
1984 1208 2154 1249 parentes
2184 1201 2257 1236 sint
2289 1200 2465 1237 infideles

1335 1280 1362 1299 „
1393 1253 1484 1302 quia
1512 1251 1608 1288 sicut
1638 1251 1796 1299 August.
1825 1252 1918 1288 dicit
1947 1254 2056 1302 epist.
2086 1250 2266 1290 XCVIH.
2308 1254 2355 1290 ad
2392 1253 2461 1290 130-

1337 1334 1363 1352 „
1393 1305 1580 1341 nifacium
1599 1333 1608 1350 ,
1650 1302 1869 1351 offeruntur
1896 1304 2047 1353 parvuli
2077 1305 2132 1342 acl
2159 1305 2461 1356 percipiendam

1335 1387 1361 1405 „
1391 1357 1638 1407 spiritualem
1667 1361 1845 1408 gratiam
1863 1387 1873 1403 ,
1917 1370 1998 1394 non
2025 1366 2114 1394 tam
2157 1358 2208 1395 ab
2238 1364 2293 1396 eis
2312 1390 2321 1405 ,
2363 1373 2460 1408 quo-

1337 1440 1364 1459 „
1394 1423 1482 1446 rum
1510 1419 1718 1462 gestantur
1748 1409 1932 1447 manibus
1962 1413 2174 1461 (quamvis
2193 1412 2242 1451 (9⁶
2269 1411 2319 1449 ab
2339 1415 2460 1462 ipsis,

1340 1493 1365 1511 „
1393 1467 1426 1500 εἰ
1455 1464 1504 1503 &³
1534 1467 1604 1511 ipsi
1634 1462 1721 1500 boni
1739 1463 1887 1515 fi‘ieles
1916 1465 2043 1511 sunt)
2072 1477 2196 1515 quam
2227 1464 2278 1502 ab
2307 1468 2462 1502 univer-

1339 1545 1365 1564 „
1396 1530 1444 1553 su,
1473 1520 1661 1553 societate
1681 1526 1911 1553 sanctorum
1929 1546 1939 1564 ,
1969 1516 2286 1568 atquefideIt'unz
2302 1544 2313 1556 .
2345 1517 2403 1554 Ab
2422 1532 2464 1556 o-

1337 1598 1365 1616 „
1396 1568 1549 1606 mnibus
1570 1582 1748 1618 namque
1767 1568 1904 1617 offerri
1923 1577 2028 1607 recte
2049 1571 2318 1622 intelliguntur
2338 1601 2349 1618 ,
2380 1575 2463 1620 qui-

1340 1650 1366 1669 „
1396 1620 1464 1658 bus
1483 1622 1626 1671 placet,
1647 1621 1749 1671 quod
1766 1620 1987 1669 offeruntur
2004 1652 2014 1669 ,
2043 1624 2095 1662 ἐν
2113 1636 2276 1673 quorum
2297 1633 2460 1672 sancta„

1340 1703 1366 1722 „
1396 1683 1516 1724 atque
1545 1673 1744 1711 individua
1773 1674 1969 1711 charitate
1985 1674 2040 1710 ad
2055 1681 2465 1715 communicationem

1339 1756 1368 1775 „
1396 1726 1537 1764 Sancti
1566 1726 1731 1777 Spiritus
1760 1726 2060 1779 adjunguntur.
2105 1727 2313 1766 Infidelitas·
2339 1739 2466 1768 autem

1341 1809 1366 1828 „
1398 1781 1639 1832 propriorum
1659 1789 1874 1832 parentum,
1896 1781 2042 1818 etiamsi
2061 1793 2118 1821 eos
2140 1791 2217 1832 post
2234 1781 2469 1833 baptismum

1339 1863 1367 1881 „
1397 1834 1688 1872 Daemoniorum
1717 1833 1916 1872 sacrificiis
1937 1833 2113 1871 imbuere
2134 1843 2316 1873 conentur
2334 1865 2345 1883 ,
2375 1849 2468 1886 puer

1342 1916 1368 1935 „
1398 1888 1449 1925 ris
1478 1901 1552 1925 non
1583 1895 1748 1924 nocet...
1793 1886 1907 1924 Fides
1935 1896 2062 1924 autem
2094 1889 2233 1935 unius,
2266 1889 2385 1924 immo
2414 1897 2468 1925 to·

1341 1968 1369 1987 „
1399 1941 1472 1978 tius
1501 1939 1688 1977 Ecclesiae·
1714 1939 1876 1991 parvulo
1906 1940 2055 1990 prodest
2099 1953 2166 1990 per
2206 1941 2465 1991 operationem

1342 2022 1368 2041 ,‚
1399 1993 1562 2043 Spiritus
1590 1993 1707 2029 sancti
1725 2021 1736 2038 ,
1764 1994 1831 2042 qui
1861 1994 1940 2028 unit
1962 1991 2201 2040 Ecclesiam,
2233 1993 2267 2028 8<
2297 1994 2398 2031 bona
2428 2008 2470 2031 u-

1345 2074 1372 2093 „
1401 2047 1486 2082 nius
1517 2044 1627 2081 alteri
1656 2045 1914 2081 communicat
1936 2045 1980 2081 ”-

1398 2097 1488 2135 265.
1520 2098 1608 2134 lust.
1628 2106 1791 2146 quarto.
1825 2097 1935 2134 Fides
1966 2106 2017 2134 est
2046 2097 2092 2135 ad
2122 2097 2279 2136 salutem
2309 2100 2466 2137 omnino

1341 2151 1555 2188 necessaria
1573 2180 1583 2197 ,
1625 2151 1779 2187 dicente
1805 2149 1954 2187 Christo
1983 2151 2124 2189 Jo.111.
2152 2152 2212 2196 14.
2234 2167 2312 2203 seq.
2357 2152 2466 2189 Sicut

1343 2203 1514 2256 ,Moyses
1543 2203 1735 2240 excusavit
1754 2212 1979 2252 serpentem
1999 2207 2039 2240 in
2060 2203 2214 2241 deserto
2231 2235 2240 2252 ,
2272 2209 2330 2241 ira
2351 2206 2467 2242 exal·

1344 2262 1425 2294 tari
1453 2264 1601 2306 oportet
1631 2254 1775 2293 Filium
1806 2255 2001 2304 hominis,
2031 2266 2071 2293 ut
2100 2263 2257 2305 omnis,
2288 2261 2351 2308 qui
2381 2271 2466 2296 cre-

1346 2309 1401 2347 dic
1429 2313 1470 2347 ιή
1499 2313 1654 2360 ipsum,
1683 2322 1763 2346 non
1789 2319 1930 2358 pereat
1947 2340 1958 2358 ,
1987 2310 2057 2347 sed
2086 2310 2230 2348 babeat
2259 2315 2384 2349 ritant
2413 2325 2470 2349 ας-

1346 2373 1510 2401 ternam
1530 2388 1587 2401 ....
1632 2361 1712 2412 Qui
1739 2361 1863 2400 credit
1893 2367 1933 2400 in
1961 2377 2081 2411 eum,
2124 2378 2206 2401 ηοη
2238 2365 2472 2416 judicatum

1346 2421 1412 2467 qui
1441 2425 1581 2454 autem
1605 2429 1688 2453 non
1717 2415 1839 2453 credit
1857 2446 1867 2463 ,
1895 2418 1990 2467 jam
2015 2417 2219 2467 judicatus
2249 2428 2306 2454 est
2325 2448 2334 2463 ,
2377 2421 2472 2466 quia.

1345 2484 1426 2508 non
1455 2469 1578 2507 credit
1607 2473 1646 2506 in
1677 2473 1838 2507 nomine
1865 2472 2056 2521 unigeniti
2076 2469 2163 2507 Filii
2183 2469 2284 2508 Dei.
2314 2470 2362 2507 Et
2381 2470 2478 2507 Pau-

1346 2523 1406 2562 lus
1437 2524 1554 2562 Hebr.
1573 2522 1642 2561 XI.
1658 2521 1696 2560 6.
1727 2521 1820 2559 Sine
1837 2522 1928 2574 fide
1958 2521 2194 2571 impossibile
2223 2533 2280 2559 est
2310 2524 2469 2574 placere

1348 2576 1461 2616 Deo.
1491 2577 1538 2615 Et
1568 2575 1663 2614 nihil
1696 2576 1930 2626 frequentius
1959 2575 2060 2626 apud
2090 2576 2202 2613 istum
2225 2576 2470 2628 Apostolum,

1346 2645 1465 2683 quam
1499 2629 1668 2667 homines
1698 2627 1899 2679 justificari
1929 2641 1996 2679 per
2012 2627 2147 2681 fidem
2166 2655 2177 2667 .

1407 2682 1497 2722 266.
1530 2682 1641 2734 Resp.
1673 2682 1755 2720 liaec
1781 2683 1914 2720 omnia
1943 2696 2032 2720 vera
2061 2696 2166 2731 esse,
2200 2696 2245 2720 ac
2274 2692 2474 2736 propterea

1348 2750 1416 2774 nec
1448 2735 1607 2773 infantes
1637 2734 1776 2774 salvari
1805 2739 1891 2773 sine
1910 2734 2028 2787 fide,
2071 2737 2134 2774 sed
2163 2750 2240 2774 non
2264 2736 2358 2788 fide
2388 2750 2477 2788 pro-

1345 2793 1435 2840 prm
1464 2788 1642 2837 actuale,
1672 2787 1781 2839 cujus
1812 2791 2012 2840 incapaces
2040 2799 2124 2829 sunt
2142 2790 2233 2840 (a),
2261 2804 2397 2828 verum
2430 2790 2477 2827 fi-

1343 2843 1392 2880 de
1420 2842 1630 2890 Ecclesiae,
1674 2855 1766 2894 quae
1796 2843 1889 2895 ipsis
1916 2844 2251 2882 communicatur.
2295 2844 2389 2882 Haec
2419 2851 2482 2882 est

2368 2911 2426 2936 so—

1348 3005 1525 3040 Lutlierus
1551 3016 1687 3049 qnoque
1703 3026 1714 3044 ‚
1737 3013 1778 3038 nt
1805 3003 1910 3038 Card.
1937 3005 2168 3039 Bellarminns
2191 3006 2268 3039 Lib.
2288 3006 2314 3038 1.
2340 3003 2393 3035 De
2414 3003 2475 3034 ba-

1348 3057 1470 3096 ptismo
1497 3063 1572 3095 cap.
1605 3063 1656 3083 ιο.
1695 3063 1736 3083 ex
1760 3051 1974 3095 quibusdam
1999 3052 2156 3097 ejusdem
2183 3049 2387 3085 testimoniis
2413 3048 2467 3079 in-

1349 3100 1415 3132 fert
1432 3120 1442 3138 ,
1479 3098 1634 3142 aliquam
1661 3095 1763 3130 fidem
1790 3099 1964 3131 actualem
1992 3099 2024 3131 in
2050 3100 2167 3143 pueris
2193 3094 2377 3140 baptizatis
2404 3093 2464 3126 ad-

1345 3144 1537 3184 mittebat,
1564 3142 1634 3176 sed'
1650 3144 1692 3177 ab
1718 3143 1783 3177 bac
1803 3145 1966 3186 Magistri
1985 3144 2200 3178 absurditate
2224 3141 2299 3183 ejus
2326 3140 2466 3173 assectae

1348 3198 1590 3231 recesserunt,
1623 3188 1707 3223 adeo
1731 3198 1769 3224 ut
1795 3191 2006 3235 Catnpegius
2033 3191 2191 3232 Vitringa
2219 3186 2292 3218 Lib.
2326 3186 2369 3217 ll.
2405 3187 2473 3218 015-

1352 3246 1477 3271 sereat.
1499 3236 1598 3269 Sacr.
1618 3248 1692 3281 cap.
1706 3237 1740 3269 6.
1766 3239 1799 3279 ᾧ.
1814 3236 1869 3279 24.
1896 3249 2047 3270 asserere
2067 3247 2133 3268 non
2157 3231 2371 3264 dubitaverit
2389 3252 2399 3270 ,
2429 3233 2471 3264 il-

1351 3284 1421 3317 lam
1447 3284 1655 3317 sententiam
1684 3285 1751 3316 sibi
1780 3296 1908 3327 semper
1936 3292 2003 3316 tam
2022 3285 2126 3320 visam
2144 3291 2221 3310 esse
2239 3281 2412 3321 ineptam,
2438 3285 2473 3311 ul:

1346 3331 1437 3365 nulla
1451 3333 1574 3375 magis,
1589 3332 1619 3362 δι’
1634 3329 1731 3364 affert
1750 3330 1841 3365 Petri
1861 3330 1969 3364 Cunei
1986 3327 2127 3361 effatum
2149 3323 2226 3358 Lib.
2243 3326 2304 3359 111.
2324 3324 2377 3359 De
2393 3325 2474 3366 Rep.
