2605 3624
232 114 310 152 130
1007 97 1271 143 DISSERT.
1288 98 1345 141 II.
1380 98 1507 141 CAP.
1531 99 1652 142 VIII.

165 189 348 225 tidenter
377 182 616 229 attrahitur,
646 180 694 222 (J
724 193 774 218 ne
803 179 1083 217 detrimentum
1114 183 1248 229 capiat
1266 209 1277 227 ‚

165 240 349 289 baptismi
377 239 543 287 suscepit
573 235 905 281 3ασνανηειιῑιιηι,
935 234 1028 271 talis
1058 236 1072 283 (
1101 237 1199 270 sicut
1229 235 1276 273 (²2⁶

165 299 219 338 is,
263 295 325 342 qui
369 290 459 335 ficte
488 288 543 327 <nl
572 287 811 339 baptismum
844 287 995 324 accedit
1026 287 1040 333 )
1070 285 1277 324 clnzrizcte-

163 358 248 381 vem
280 337 437 394 „suscipit
470 342 779 380 (Ilzrisnmn'nzus
809 345 1045 391 impressum
1068 370 1078 387 ,
1119 340 1168 379 v&
1199 344 1279 389 ipse

164 409 361 448 tunquam
379 396 697 434 conditionaliter
717 395 846 432 rolens
863 424 872 441 ,
904 394 990 431 licet
1009 392 1184 431 absolute
1199 405 1279 428 non

163 452 252 488 velit
274 481 284 498 ,
329 449 528 503 cogendus
557 458 612 487 est
643 448 697 486 uti
725 447 1017 485 obserrtzutiam
1036 446 1154 498 fide?
1173 445 1280 482 Chri·-

166 509 335 542 suanae.
367 499 496 542 Multo
511 503 623 555 plura
653 504 688 540 in
719 502 816 539 lianc
845 514 925 537 rem
956 500 1082 537 afferri
1114 506 1278 550 possent.

220 558 311 608 205.
343 557 454 610 Resp.
478 587 487 604 ,
519 569 562 594 ex
592 557 759 594 doctriua
789 554 1006 591 &Thomas
1031 567 1061 590 1.
1081 565 1116 589 2.
1146 560 1278 602 quaest.

162 613 202 648 (j.
232 607 301 648 art.
331 611 395 658 G.,
427 612 546 648 immo
573 611 746 646 omnium
780 606 1087 657 Theologorum,
1116 618 1204 656 quse
1235 616 1279 641 ex

161 674 266 702 metu
298 664 419 712 flunt,
449 662 699 715 simpliciter,
731 660 763 695 ὅ(
793 661 961 697 absolute
990 659 1204 694 voluntaria
1225 671 1279 693 es-

162 733 223 763 se,
265 718 517 755 involuntaria
550 725 673 752 autem
704 712 919 750 secum-lum
950 710 1068 762 quid,
1110 710 1160 750 Εἴ)
1189 723 1280 747 con-

164 772 354 808 ditionate
386 773 398 820 (
432 770 522 806 vid.
550 782 638 820 quas
669 768 835 804 diximus
865 765 978 802 Toni.
1002 763 1085 801 VII.
1117 763 1154 811 );
1185 777 1280 813 qua-

167 825 342 862 mobrem
374 824 438 875 qui
484 831 584 859 metu
627 820 905 870 suppliciorum
950 817 1066 854 fidem
1114 817 1279 867 abnega-

163 886 278 925 runt,
321 875 534 927 gravissimi
566 873 739 911 criminis
768 872 822 909 rei
861 870 980 908 habiti
1011 877 1096 907 sunt
1117 895 1127 906 .
1157 869 1279 906 Mini-

159 945 223 968 me
252 940 376 968 autem
399 935 605 978 repugnat,
649 938 730 973 eos,
760 925 826 976 qui
861 932 963 962 metu
988 924 1117 960 mortis
1156 922 1280 974 bapti-

161 997 287 1020 smum
336 988 607 1031 susceperunt,
658 980 845 1016 internam
894 976 1072 1014 babuisse
1101 989 1189 1013 eum
1219 989 1280 1013 su-

158 1036 343 1087 stipieudi
375 1033 640 1071 intentionem.
671 1031 782 1079 Quod
804 1031 833 1067 si
864 1030 1020 1067 interius
1048 1031 1205 1067 omnino
1226 1043 1282 1066 es·

161 1099 237 1125 seut
258 1090 427 1125 reluctati
446 1117 456 1134 ,
487 1086 682 1138 solamque
698 1094 890 1122 externam
908 1084 1162 1121 obedientiam
1181 1096 1279 1133 pras-

156 1141 350 1188 buissent,
395 1140 557 1178 dubium
590 1153 659 1177 non
690 1147 768 1185 est,
819 1149 877 1174 eos
906 1150 982 1175 non
1012 1137 1126 1175 fuisse
1155 1137 1281 1187 reipsa

159 1196 365 1247 izaptizatos
383 1220 392 1232 .
423 1193 465 1231 Si
482 1197 521 1229 ἱη
551 1191 684 1230 adulto
703 1190 853 1228 deesset
884 1193 1048 1228 intentio
1068 1194 1281 1239 suscipien-

157 1248 553 1294 diSrzcramentnm,
583 1254 684 1283 esset
713 1242 1045 1293 rebaptizandus,
1076 1245 1196 1296 inquit
1218 1255 1280 1280 ex-

156 1315 282 1352 presse
311 1301 351 1339 S.
383 1301 550 1337 Thomas
580 1299 618 1337 3.
650 1298 691 1337 P.
720 1306 855 1350 quaest.
890 1296 956 1334 68.
986 1306 1055 1335 art.
1091 1311 1126 1347 7.
1163 1297 1209 1334 ad
1241 1310 1277 1334 2.

159 1355 335 1392 Ecclesia
365 1353 638 1399 nihilominus,
668 1365 755 1404 quse
787 1363 860 1388 non
889 1349 1033 1401 judicat
1062 1351 1134 1388 nisi
1152 1351 1196 1387 de
1216 1363 1279 1387 ex-

156 1408 362 1445 terioribus
376 1406 588 1443 actionibus
605 1435 615 1452 ,
638 1404 808 1442 homines
830 1406 880 1440 ita
901 1404 1105 1454 baptizatos
1125 1405 1170 1441 ad
1194 1416 1281 1455 pro-

156 1461 361 1506 fitendam,
403 1457 760 1509 observandamque
793 1456 1028 1507 Religionem
1071 1458 1215 1507 coegit3
1246 1455 1280 1491 ὃς

156 1513 226 1550 Iioc
257 1526 365 1551 sensu
396 1511 647 1562 intelligendae
679 1518 762 1546 suut
789 1510 876 1546 duas
915 1508 1040 1546 allatae
1072 1509 1280 1546 decisiones

155 1567 343 1604 Hadriani
374 1565 404 1602 I.
433 1564 468 1600 &
498 1563 705 1601 Innocentii
728 1563 795 1599 111.
814 1591 824 1610 ,
866 1562 932 1613 qui
965 1563 1147 1613 posterior
1175 1561 1277 1599 clare

155 1619 227 1658 Iioc
257 1621 384 1672 ipsum
426 1616 646 1669 significat,
687 1616 841 1653 dicens:
888 1613 1095 1665 Cogendus
1135 1622 1194 1652 est
1222 1614 1278 1652 acl

153 1674 449 1711 observantiam
467 1669 572 1724 filei
605 1669 843 1707 Christianae
873 1668 936 1719 (a)
955 1693 966 1705 .

212 1726 302 1778 296.
335 1727 443 1763 Instat
473 1725 663 1776 Serryus.
707 1722 747 1760 S.
777 1721 947 1759 Thomas
978 1734 1050 1759 non
1090 1720 1206 1760 aliam
1239 1722 1277 1758 in

155 1781 388 1831 suscipiente
403 1779 639 1829 baptismum
662 1777 821 1827 requirit
852 1776 1094 1813 intentionem
1117 1804 1127 1822 ,
1156 1788 1276 1827 quam

156 1843 376 1871 externam.
406 1830 506 1870 ‘Nam
538 1831 575 1868 in
599 1829 664 1868 lV.
695 1829 794 1867 Dist.
817 1828 884 1866 Vl.
914 1837 1047 1880 quaest.
1076 1842 1108 1865 1.
1137 1837 1208 1865 art.
1240 1841 1278 1866 ⁴2.

154 1887 382 1939 quaestiunc.
406 1885 442 1923 5.
473 1882 684 1921 Sciendum
703 1912 713 1929 ,
745 1882 867 1933 inquit
889 1911 900 1928 ,
930 1880 1126 1931 quotlnon
1154 1884 1278 1930 requi-

157 1944 258 1977 ritur
294 1943 335 1976 in
381 1936 518 1975 adulto
561 1937 739 1973 voluntas
780 1934 962 1972 absoluta
1009 1933 1278 1984 suscipiendi,

155 1992 258 2046 quod
286 1991 471 2030 Ecclesia
501 1989 680 2042 confert,
708 1987 777 2026 secl
806 1987 949 2036 sufficit
979 1988 1158 2025 voluntas
1188 1999 1280 2024 con-

157 2047 385 2094 ditionum,
415 2048 514 2082 sicut
543 2052 601 2082 est
630 2047 672 2081 in
700 2042 929 2079 voluntariis
958 2044 1096 2078 mixtis
1117 2067 1128 2078 .
1166 2039 1222 2077 Ec
1251 2044 1282 2077 i-

157 2100 231 2138 ‹le-0
259 2103 292 2136 si
312 2103 360 2137 sit
390 2100 544 2136 coactio
571 2095 800 2145 sufficiens,
830 2099 888 2132 itii
917 2094 1018 2145 quoi
1045 2097 1280 2144 principium

149 2153 209 2207 fit
238 2166 291 2190 ex
321 2161 400 2189 toto
429 2161 577 2199 extra,
614 2150 671 2187 nil
699 2147 929 2200 consere-‘ue
959 2152 1036 2185 rim
1064 2160 1210 2197 passo,
1241 2156 1281 2183 ut

157 2219 250 2244 cum
271 2206 412 2255 aliquis
427 2205 659 2242 reclamans
682 2206 930 2253 immergitur
952 2201 1156 2248 violenter,
1186 2209 1279 2237 tunc

155 2260 250 2298 ralis
286 2272 359 2297 nec
389 2257 702 2296 Sacramentum
745 2260 931 2305 suscipit,
973 2267 1048 2292 nec
1088 2267 1174 2292 rem
1205 2253 1279 2291 SJ-

155 2315 385 2351 cramenti.
423 2311 466 2349 Si
495 2319 632 2348 cutem
650 2309 708 2362 fic
736 2312 889 2347 coactio
918 2308 1109 2345 inducens
1127 2337 1138 2356 ,
1179 2311 1280 2344 sicut

157 2370 279 2404 minis
299 2396 310 2414 ,
353 2364 411 2404 rel
430 2363 612 2417 flagellis
631 2393 640 2411 ,
683 2367 741 2400 ita
769 2361 871 2414 quoii
900 2361 1118 2413 baptizatus
1154 2365 1279 2410 potius

158 2420 282 2470 eligat
311 2418 547 2468 baptismum
592 2419 818 2468 suscipere,
865 2428 989 2467 quam
1031 2415 1133 2453 talia
1161 2418 1246 2466 pati
1268 2444 1279 2462 ,

159 2482 254 2511 tunc
295 2475 452 2521 suscipit
483 2471 825 2519 Sacramentum,
869 2469 940 2507 sed
967 2482 1048 2506 non
1088 2481 1174 2506 rem
1203 2468 1280 2505 Siz-

159 2527 389 2563 cramenzi.
430 2522 527 2561 Satis
575 2525 689 2573 igitur
728 2533 808 2571 est,
846 2522 1039 2561 concludit
1069 2521 1284 2573 Tlieologus

161 2578 390 2625 Pataviuus,
421 2575 548 2626 judice
565 2575 726 2613 Doctore
756 2576 968 2627 Angelim,
998 2577 1029 2614 si
1057 2575 1284 2614 Sacramen-

162 2641 246 2670 tum
276 2632 373 2669 serio
403 2630 609 2667 forinsecus
655 2630 867 2680 recipiatur
889 2658 901 2677 ,
948 2638 988 2666 ut
1018 2638 1085 2667 stet
1128 2638 1252 2667 ratum
1271 2659 1282 2678 ,

160 2685 435 2735 validumque,
471 2682 594 2735 quoad
625 2681 852 2720 characteris
883 2682 1200 2733 impressionem,
1229 2691 1284 2720 ta-

161 2738 271 2776 meisi
287 2737 492 2782 secretior,
521 2734 719 2773 &occulta
737 2735 947 2787 recipiendi
977 2735 1071 2773 desit
1101 2736 1283 2784 intentio,

163 2792 284 2830 immo
314 2789 501 2828 contraria
532 2789 833 2841 nourecipiendi
863 2787 1034 2828 voluutas
1062 2789 1192 2826 animo
1218 2788 1285 2826 de-

208 2957 255 2989 (02
286 2950 507 2991 Quamquam
545 2949 618 2982 lime
644 2962 713 2983 non
750 2949 916 2983 videntur
952 2947 1057 2982 nimis
1095 2947 1280 2991 nrgenda3

163 2997 333 3030 habemus
360 2995 453 3027 enim
495 3007 535 3027 ex
563 2997 715 3040 antiquis
753 2996 993 3029 monumentis
1030 2993 1098 3027 duo
1122 2995 1282 3038 exempla

161 3042 306 3077 Ordinis
331 3041 420 3074 sacri
437 3041 557 3085 l’resb)
571 3050 699 3075 temtus
715 3064 726 3082 ‚
750 3042 809 3086 qui
836 3041 971 3074 validus
996 3048 1178 3085 reputatus
1204 3049 1254 3073 est
1271 3062 1283 3082 ,

162 3098 365 3134 quanquam
397 3088 538 3120 ommno
575 3087 723 3128 invitis,
760 3092 789 3120 &
816 3087 1070 3121 reluctantibus
1110 3087 1279 3119 collatus.

162 3136 321 3170 Primum
347 3143 399 3166 est
426 3134 459 3166 S.
480 3133 666 3176 Epiphanii
683 3155 693 3173 ‚
720 3135 781 3178 qui
808 3134 1050 3166 Paulinianum
1078 3133 1224 3165 fratrem
1244 3134 1278 3165 S.

163 3180 370 3225 Hieronymi
398 3191 458 3223 per
485 3180 612 3213 multos
640 3180 809 3213 Diaconos
835 3179 1113 3223 apprehensum,
1151 3189 1277 3223 oreque

160 3228 271 3272 ipsius
295 3227 501 3265 obstructo,
539 3237 580 3258 ne
605 3226 796 3258 reclamare
834 3234 946 3269 posset
967 3247 977 3264 ‚
1014 3226 1128 3269 primo
1154 3225 1281 3258 Diaco-

162 3285 248 3308 num
267 3294 278 3313 ,
302 3270 424 3305 deinde
450 3272 697 3316 Presbyterum
724 3270 926 3310 ordinavit,
965 3280 1002 3304 ut
1029 3272 1100 3315 ipse
1126 3271 1282 3315 Epipha-

160 3321 243 3354 nius
279 3327 399 3353 narrat
438 3319 472 3353 in
501 3319 613 3363 Epist.
651 3316 693 3353 ad
717 3319 887 3352 „Ioannem
912 3318 1248 3363 Jerosoljmitanum
1269 3342 1276 3349 .

1347 180 1509 217 litescat.
1539 178 1690 225 Quanto
1720 179 1845 230 itaque
1875 178 1996 229 magis
2025 178 2062 216 id
2092 177 2178 216 satIs
2208 178 2309 226 erit,
2338 185 2379 216 ut
2395 191 2458 218 va⁸

1347 231 1424 270 lide
1453 229 1697 269 conseratur?
1726 230 1854 270 Minor
1869 233 2044 283 quippe,
2073 240 2137 269 aut
2157 240 2257 270 certe
2285 243 2360 269 non
2381 245 2460 269 ma-

1345 285 1406 337 jor
1436 286 1474 322 in
1504 285 1738 332 conserente,
1766 286 1891 335 squam
1922 286 1960 322 in
1992 284 2120 322 adulto
2146 285 2371 336 suscipiente
2399 284 2464 322 de-

1347 340 1534 376 sideratur
1565 339 1744 375 intentio.
1774 337 1911 375 Simile
1941 338 2034 388 qnid
2065 346 2170 390 urget
2199 338 2316 390 Serry
2346 351 2390 374 ex
2419 337 2461 374 S.

1348 392 1558 441 Augustino
1588 390 1677 426 Lib.
1696 389 1779 427 Vll.
1809 389 1873 436 De
1901 389 2019 442 Bizpt.
2034 405 2119 442 cap.
2143 391 2207 430 55.
2230 421 2240 439 ,
2269 391 2370 443 quod
2399 402 2462 428 nos

1346 457 1460 495 supra
1491 444 1845 493 praeoccupavimus
1874 457 1982 481 num.
2006 444 2097 482 255.
2128 446 2161 481 ὃς
2191 459 2269 497 seq.

1404 509 1494 546 297.
1526 494 1636 546 Ilesp.
1654 523 1664 541 ,
1697 503 1735 531 ut
1764 509 1899 546 supra,
1930 509 2001 534 nou
2022 498 2193 536 obstante
2209 508 2359 535 externa
2377 511 2463 535 coa-

1346 549 1471 586 ctione
1500 561 1568 596 per
1598 550 1730 584 minas
1749 577 1759 595 ,
1788 549 1836 588 Θ
1856 548 2033 600 flagella.
2065 564 2168 602 posse
2196 551 2365 603 aliquem
2396 550 2462 588 lia-

1349 603 1439 640 bere
1481 602 1664 638 internam
1708 600 1939 638 voluntatem
1980 605 2208 654 suscipiendi
2237 604 2462 643 Sacramen-

1349 664 1454 702 tum,
1485 663 1593 706 prout
1622 654 1903 691 administratur
1933 656 1971 691 in
1993 655 2190 704 Ecclesia,
2220 659 2398 709 quamvis
2426 673 2461 694 e·

1349 707 1498 759 jusdem
1529 707 1765 745 Sacramenti
1804 706 1980 744 effectum
2011 721 2083 746 non
2125 709 2277 754 credat3
2315 711 2348 747 δι
2379 723 2467 762 pro-

1350 771 1477 814 pterea
1506 762 1572 813 qui
1605 761 1655 797 ita
1684 761 1840 812 suscipit
1870 761 2100 812 baptismum
2123 790 2133 809 ,
2177 761 2466 801 Sacramentum

1346 816 1508 867 recipit,
1545 813 1606 851 sed
1637 827 1712 852 non
1743 828 1822 851 rem
1852 814 2116 852 Sacrameuti.
2164 814 2205 852 Si
2236 827 2324 852 vero
2351 818 2468 853 susci-

1348 870 1457 921 piens
1488 869 1643 906 interius
1671 869 1829 904 omniuo
1858 867 2061 905 reluctetur
2081 897 2091 915 ,
2123 876 2212 905 tunc
2241 882 2311 906 nec
2340 870 2468 920 ipsum

1349 922 1640 960 Sacramentum
1672 922 1804 973 recipit
1833 921 1982 958 defectu
2003 922 2220 960 intentionis
2250 923 2466 973 requisitae.

1349 974 1520 1013 Ecclesia
1551 984 1678 1012 autem
1707 988 1752 1011 ex
1793 975 2102 1027 dispositionibus
2149 977 2310 1014 externis
2340 976 2469 1027 ipsum

1348 1027 1489 1076 habet,
1520 1037 1558 1065 ut
1587 1042 1676 1067 vere
1704 1028 1933 1079 baptizatum
1956 1058 1966 1076 ,
1995 1029 2113 1066 donec
2143 1029 2222 1079 ipse
2252 1030 2466 1077 internam,

1349 1083 1381 1118 8<
1404 1095 1621 1134 perversam
1651 1082 1773 1118 animi
1802 1083 1861 1120 sui
1890 1083 2133 1120 intentionem
2164 1083 2214 1119 ita
2230 1082 2469 1130 manifestet,

1350 1144 1388 1173 ut
1420 1136 1522 1173 credi
1554 1144 1768 1173 mereatur.

1407 1188 1500 1241 298.
1532 1189 1636 1226 Idem
1666 1201 1777 1240 porro
1818 1188 2022 1227 dicendum
2051 1189 2098 1226 de
2143 1188 2308 1240 quodam
2339 1188 2469 1226 Turca

1351 1245 1505 1280 nomine
1534 1241 1755 1290 Orcliamo,
1798 1243 1865 1294 qui
1897 1250 1976 1294 post
2007 1241 2219 1280 terribilem
2250 1242 2357 1281 illam
2388 1241 2469 1280 cla-

1348 1297 1435 1334 dem
1466 1295 1718 1333 Viennensem
1748 1311 1770 1333 a
1800 1295 1922 1333 milite
1964 1295 2179 1334 Christiano
2220 1305 2377 1348 captus,
2427 1303 2467 1333 ut

1347 1351 1618 1387 comminatam
1648 1349 1721 1387 sibi
1743 1357 1902 1386 mortem
1934 1348 2092 1397 vitaret,
2123 1363 2161 1387 se
2183 1349 2366 1400 baptizari
2385 1362 2470 1399 per·

1348 1404 1477 1448 misit3
1526 1402 1700 1455 illudque
1737 1402 1925 1453 baptisma
1970 1411 2094 1440 ratum
2139 1401 2315 1439 habitum
2363 1402 2435 1439 fuit
2458 1431 2469 1449 ,

1347 1457 1525 1508 quamvis
1556 1456 1684 1494 Turca
1715 1455 1992 1494 Mahumeticae
2024 1456 2278 1507 superstitioni
2311 1455 2466 1492 interius

1351 1510 1513 1546 minime
1543 1509 1820 1547 renunciasset.
1865 1508 2024 1546 Factum
2065 1517 2191 1546 narrat
2222 1508 2360 1546 Frauc.
2390 1508 2468 1545 Ge-

1346 1571 1468 1599 nettus
1497 1562 1707 1614 Episcopus
1736 1562 1979 1600 Vasionensis
2012 1560 2147 1598 Trczct.
2184 1561 2233 1598 cte
2263 1561 2471 1612 Baptismo

1345 1614 1394 1652 T.
1425 1615 1515 1652 lll.:
1546 1615 1612 1652 ubi
1642 1615 1777 1663 addit,
1807 1615 2013 1667 quemdam
2036 1615 2272 1663 Hebraeum,
2306 1624 2345 1651 ut
2375 1628 2467 1652 uxo-

1346 1668 1378 1704 ri
1410 1681 1487 1705 suae
1518 1668 1565 1704 ad
1594 1666 1848 1705 Christianam
1878 1667 1995 1705 fidem
2025 1680 2204 1705 conversa
2231 1667 2465 1718 gratificare-

1346 1729 1427 1768 tur,
1459 1720 1549 1757 ficto
1578 1722 1706 1757 animo
1734 1720 1968 1771 baptismum
1991 1722 2224 1771 suscepisse3
2254 1721 2318 1771 qui
2345 1730 2470 1758 tamen

1347 1773 1559 1826 baptismus
1590 1773 1662 1810 fuit
1683 1772 1833 1811 validus
1864 1782 2055 1824 reputatus
2073 1799 2084 1810 .
2116 1772 2304 1811 Videlicet
2325 1775 2362 1811 in
2385 1773 2442 1811 liis
2459 1803 2470 1822 ,

1348 1827 1618 1879 similibusque
1662 1826 1813 1865 casibus
1843 1825 2015 1864 Ecclesia
2053 1828 2235 1864 exteriore
2278 1829 2352 1865 ritu
2381 1840 2473 1865 con·

1349 1889 1472 1927 tenta,
1502 1880 1745 1918 Sacramenta
1775 1879 1902 1919 valida
1931 1879 2097 1930 judicat,
2135 1893 2349 1932 supponens
2379 1882 2473 1918 inte-

1348 1935 1491 1972 riorem
1523 1946 1597 1970 non
1628 1933 1791 1970 defuisse
1813 1935 2081 1979 intentionem,
2112 1947 2199 1984 quae
2231 1935 2362 1985 utique
2382 1947 2471 1971 cum

1348 1987 1483 2033 minis,
1513 1985 1710 2023 blanditiis
1728 2016 1738 2032 ,
1768 1986 1978 2023 terroribus
1995 2015 2005 2033 ,
2037 1984 2197 2037 aliisque
2218 1985 2362 2024 finibus
2382 2000 2469 2024 con-

1349 2038 1458 2091 jungi
1491 2046 1636 2090 potest.
1675 2038 1777 2084 Quid
1809 2039 1912 2075 enim
1945 2048 2152 2089 repugnat,
2184 2040 2267 2077 istos
2297 2040 2471 2078 homiues

1352 2105 1486 2131 verum
1535 2090 1718 2142 baptismi
1766 2090 2057 2129 Sacramentum
2101 2093 2291 2144 suscipere
2329 2092 2472 2131 voluis-

1350 2159 1415 2193 se,
1459 2143 1492 2179 8(
1521 2144 1636 2182 simul
1668 2146 1780 2182 etiam
1825 2146 2106 2196 superstitiones
2148 2159 2233 2184 suas
2281 2146 2471 2185 retinere?

1350 2199 1506 2246 Quoties
1536 2206 1660 2236 autem
1679 2196 1852 2236 Ecclesia
1873 2200 2102 2236 contrariam
2133 2212 2193 2237 eos
2223 2199 2472 2237 habuissein-

1346 2253 1552 2290 teutionem
1582 2261 1682 2290 certo
1712 2252 1922 2302 comperit,
1973 2252 2194 2295 eorumdem
2233 2253 2470 2305 baptismum

1347 2305 1497 2344 nullum
1527 2305 1642 2343 fuisse
1671 2306 1967 2356 pronunciavit.
1997 2305 2088 2344 Vid.
2118 2320 2201 2358 sup.
2232 2321 2272 2345 n.
2307 2307 2398 2359 275.

1404 2371 1495 2411 299.
1526 2359 1600 2396 Ob.
1638 2361 1751 2395 tertio
1788 2357 1979 2396 celebrem
2008 2359 2048 2397 S.
2082 2360 2281 2411 Augustini
2327 2370 2471 2398 textum

1347 2411 1437 2452 Lib.
1468 2412 1556 2450 Vll.
1586 2411 1649 2449 De
1669 2410 1873 2461 Baptismo
1902 2426 1986 2462 cap.
2011 2412 2102 2460 55.,
2132 2427 2209 2464 quo
2239 2415 2404 2451 maxime
2429 2428 2470 2450 a-

1349 2467 1434 2505 buti
1464 2465 1583 2504 solent
1613 2465 1725 2503 etiam
1755 2464 1995 2511 Lutherani3
2025 2466 2125 2516 quod
2154 2465 2299 2504 scilicet
2328 2466 2368 2504 S.
2390 2467 2470 2504 Do-

1353 2530 1432 2559 ctor
1461 2529 1589 2571 aperte
1619 2527 1659 2556 ut
1687 2517 1860 2556 validum
1889 2517 2076 2570 approbat
2118 2517 2352 2570 baptismum
2380 2519 2473 2571 fal-

1353 2574 1494 2611 laciter
1512 2604 1522 2622 ,
1551 2573 1600 2613 Θ
1628 2573 1814 2610 siitzulate
1842 2571 1970 2609 datum
1990 2601 2000 2619 ,
2032 2570 2310 2623 &acceptum3
2340 2582 2376 2610 at
2406 2588 2469 2610 ve-

1352 2640 1395 2665 ro
1425 2635 1586 2678 putant,
1631 2625 1728 2664 lianc
1760 2624 1956 2663 fallaciam
1975 2655 1985 2673 ,
2015 2623 2075 2662 vel
2105 2624 2384 2663 simulationem
2416 2628 2473 2665 ni-

1352 2679 1409 2718 hil
1441 2694 1517 2718 esse
1546 2680 1650 2718 aliud
1673 2709 1683 2727 ,
1715 2693 1832 2731 quam
1862 2679 2021 2716 intetnae
2052 2679 2130 2717 sive
2159 2679 2196 2716 in
2226 2679 2439 2733 baptizante
2461 2711 2473 2729 ‚

1352 2735 1432 2771 sive
1462 2736 1501 2771 in
1531 2733 1721 2785 baptizato
1749 2733 1965 2770 intentionis
2012 2732 2231 2778 desectum3
2274 2748 2387 2786 quem
2420 2744 2473 2772 ta-

1351 2800 1443 2825 men
1472 2786 1708 2826 Sacrainenti
1737 2786 1887 2827 veritati
1930 2787 2091 2825 minime
2120 2799 2256 2824 nocere
2299 2788 2404 2826 docet
2432 2788 2474 2828 S.

2339 2843 2370 2881 A
2379 2856 2420 2879 u-

1349 2949 1511 2983 Alterum
1539 2948 1572 2980 S.
1602 2947 1754 2981 Floriani
1782 2946 1993 2982 Patriarchae
2033 2947 2268 2989 Anffiocheui,
2304 2949 2364 2993 qui
2394 2948 2468 2979 Mo-

1351 2995 1504 3029 nachum
1530 2993 1772 3028 Macedonium
1794 3017 1804 3036 ‚
1845 2996 1981 3038 penitus
2009 2996 2226 3039 ignorantem
2253 2996 2340 3028 ritus
2366 2991 2470 3025 Ordi-

1351 3041 1503 3074 nationis
1523 3063 1533 3082 ‚
1572 3039 1767 3074 sacerdotio
1803 3042 1982 3081 initiavit3
2019 3041 2111 3086 quod
2145 3052 2182 3075 ut
2209 3042 2266 3073 ille
2298 3039 2468 3078 rescivit,

1351 3095 1448 3120 tanta
1476 3087 1527 3121 ira
1553 3089 1708 3132 percitus
1735 3088 1827 3128 fuit,
1855 3097 1891 3121 ut
1920 3101 1986 3121 non
2006 3090 2117 3121 solnm
2144 3086 2306 3121 conviciis
2323 3086 2468 3128 Episco-

1347 3145 1433 3178 pum
1460 3134 1698 3179 impetiverit,
1736 3133 1795 3167 sed
1831 3135 1936 3168 etiam
1963 3135 2091 3168 baculo
2125 3135 2188 3178 ipsi
2225 3132 2328 3163 suerit
2356 3132 2468 3164 mina-

1347 3189 1402 3213 tus
1423 3203 1431 3211 ·
1475 3182 1562 3214 Sunt
1590 3179 1663 3213 haec
1697 3181 1858 3225 exempla
1886 3183 2092 3215 Sanctorum
2134 3176 2362 3217 admiranda,
2400 3190 2466 3210 non

1349 3234 1465 3259 autem
1503 3225 1694 3262 imitanda.
1735 3226 1815 3263 vid.
1841 3229 1976 3263 Hallier
2012 3226 2067 3261 De
2102 3226 2224 3259 saeris
2251 3223 2411 3258 Ordi'rzat.
2437 3225 2464 3256 1.

1349 3284 1423 3318 cap.
1453 3274 1483 3308 3.
