2605 3624
932 116 1012 160 DE
1047 114 1293 158 CHRISTI
1327 115 1686 158 PASCHATE.
2358 120 2405 158 13

158 217 199 244 re
227 216 303 244 11011
331 202 519 244 dubitavit
560 196 767 238 universali
799 195 911 246 plane
954 195 1176 242 traditioni,
1207 196 1272 232 cui

158 260 336 297 inuititur
364 254 577 294 communis
605 252 752 303 opini0,
782 250 953 287 Christus
981 249 1108 287 debito
1128 257 1273 299 tempo-

161 325 202 350 re
230 323 367 363 agnum
398 305 615 360 paschalem
633 335 644 353 ,
674 303 876 356 &azymos
898 316 1012 356 paries
1041 315 1085 340 cx
1116 303 1190 340 ritu
1207 301 1274 338 Ju-

160 365 270 403 daico
297 362 502 401 comedisse
519 386 530 398 .

215 430 277 468 7²·
308 414 417 466 Resp.
456 413 503 452 ad
531 416 704 462 primum
740 424 829 448 cum
870 409 972 448 laud.
1001 409 1042 448 S.
1073 408 1114 447 l'.
1149 408 1277 460 Augu-

156 471 278 518 atino,
320 466 478 505 biduum
507 480 584 504 esse
614 464 918 518 computandum
960 478 981 501 a
1013 463 1107 500 feria
1137 471 1273 514 quarta

154 536 268 562 mane
298 534 415 573 usque
443 520 489 558 ad
520 533 603 557 eam
634 530 812 566 noctem,
841 532 918 570 qua
948 517 1103 554 traditus
1134 526 1182 552 est
1211 516 1274 552 Je-

157 589 245 623 sus,
274 587 363 632 quae
391 574 472 626 jam
502 574 550 612 ad
581 586 836 623 parasceven,
873 574 937 621 isui
965 569 1048 607 (lies
1076 573 1274 620 passionis

155 629 243 680 ejus
258 631 367 680 suit,
411 625 659 676 pertinebat.
704 625 750 663 Et
779 626 921 662 mirum
960 632 1013 661 est
1051 633 1180 660 contra
1211 635 1275 660 nos

155 681 315 733 allegari
335 682 375 720 S.
393 681 595 718 Doctorem
613 710 623 727 ,
655 678 721 716 ubi
737 679 870 716 diserte
892 678 1046 723 asserit,
1075 675 1273 713 Christum

153 736 401 774 manducasse
433 734 572 786 pascha
601 747 690 771 cum
719 731 918 783 discipulis
938 732 1013 767 suis
1035 730 1128 766 seria
1158 731 1272 781 quin-

154 797 192 827 ta
221 789 268 827 ad
299 788 507 840 Vesperam
526 817 536 836 ,
566 789 633 839 qui
663 786 768 833 dies,
801 786 924 836 inquit
942 813 952 832 ,
995 786 1145 831 primus
1174 795 1272 835 azy-

155 855 313 879 morum
330 840 417 894 fuit
448 855 475 879 a.
504 853 667 891 vespero.
697 842 914 888 incipiens.
949 835 1104 873 Deinde
1133 850 1272 888 quain-

155 896 214 934 vis
244 896 324 934 haec
353 896 428 933 duo
455 894 505 932 ab
534 892 786 944 Evangelistis
815 889 929 928 simul
965 889 1276 940 conjungantur,

156 948 300 988 scilicet
331 948 529 1000 praedictio
566 946 654 984 Jesu
683 943 824 982 Christi
871 945 1008 980 suturae
1053 956 1132 978 snae
1175 945 1277 980 necis

155 1011 239 1052 post
268 1001 450 1048 balaum,
480 1000 513 1036 &
544 998 716 1037 collectio
743 996 929 1035 diabolici
952 995 1103 1033 concilii
1125 996 1170 1033 ad
1194 1009 1277 1047 per-

155 1054 321 1092 dendum
351 1054 479 1092 Jesum
499 1083 509 1100 ,
540 1064 610 1089 non
641 1051 836 1102 sequitur,
869 1058 1074 1100 utrumque
1103 1058 1278 1086 accurate

156 1107 286 1145 eodem
316 1117 484 1158 ternpore
506 1105 730 1157 contigisse.
763 1102 1017 1154 Evangelistae
1049 1104 1152 1140 enim
1184 1102 1277 1139 faci-

151 1159 190 1199 le
219 1160 302 1199 haec
331 1160 406 1198 (luo
433 1157 548 1197 simul
578 1157 810 1209 conjungere
841 1152 1040 1208 potnerunt
1059 1186 1069 1203 ,
1098 1156 1275 1207 quamvis

154 1215 250 1253 inter
265 1229 302 1253 se
331 1214 462 1266 aliquo
490 1213 626 1264 exiguo
655 1212 833 1263 temporis
855 1207 1054 1248 intervallo
1069 1209 1246 1246 distarent
1264 1236 1274 1247 .

156 1267 267 1314 Quod
298 1269 410 1320 igitur
438 1267 610 1305 Christus
640 1265 836 1318 praedixit:
875 1263 964 1301 Post
996 1261 1152 1300 birinum
1181 1275 1275 1311 pas-

154 1319 232 1359 cha
248 1320 330 1374 flet
359 1321 429 1358 Sec.
459 1320 569 1358 debet
611 1319 791 1371 assignari
835 1317 942 1355 serice
979 1318 1127 1363 tertia-2,
1172 1316 1274 1368 quod

154 1383 283 1412 autem
315 1376 509 1427 sequitur,
550 1371 658 1410 Tunc
688 1375 922 1424 congregati
950 1380 1039 1407 sunt
1069 1369 1274 1419 Principes

155 1427 416 1466 Smer-<lotum
445 1428 532 1468 &a
562 1435 679 1480 potest
720 1427 799 1463 sine
831 1424 908 1462 ullo
945 1424 1189 1462 incommodo
1218 1425 1274 1462 in-

154 1480 274 1530 telligi
303 1483 350 1519 de
381 1482 475 1519 seria
503 1489 638 1534 quarta
668 1480 860 1532 sequenti.

211 1535 275 1585 75.
308 1534 435 1573 Altera
463 1535 628 1586 objectio
649 1533 762 1571 facile
783 1533 1023 1585 dis-pungitur
1041 1558 1051 1569 .
1082 1531 1180 1569 Nam
1197 1534 1275 1581 pri·

155 1600 222 1624 mo
251 1586 309 1625 lex
341 1588 488 1626 sabbati
519 1589 650 1626 brevia
680 1587 816 1625 itinera
840 1600 910 1623 non
935 1586 1115 1632 vetabat,
1146 1585 1275 1635 cujus-

153 1641 258 1680 modi
291 1650 368 1678 erat
385 1642 454 1679 iter
477 1656 498 1679 a
513 1639 725 1679 Jerusalem
758 1653 876 1691 usque
895 1639 1144 1683 Bethaniam3
1176 1652 1274 1690 prae-

152 1695 266 1746 cipue
296 1697 387 1746 quia
406 1696 524 1746 potuit
540 1694 646 1732 Jesus
676 1692 744 1729 hoc
777 1694 845 1730 iter
877 1702 956 1744 post
986 1706 1159 1741 vesperas
1189 1691 1274 1728 sab-

153 1746 231 1784 bati
256 1761 433 1799 peragere
450 1773 460 1785 .
489 1748 596 1785 Certe
625 1746 852 1785 consuetudo
883 1747 1067 1783 universze
1088 1744 1273 1782 Ecclesiae

151 1799 375 1839 celebrandi
419 1801 554 1839 festum
586 1800 824 1837 Palinurum
853 1799 915 1836 ‹lie
946 1799 1150 1836 Dominica
1188 1809 1274 1836 ante

154 1851 296 1892 Pascha
314 1884 325 1902 ,
372 1855 540 1892 ostendit·
557 1854 750 1892 Christum
779 1852 884 1904 juxta
915 1865 1161 1889 communem
1190 1853 1274 1902 opi-

152 1907 307 1944 nionem
340 1917 574 1959 pernoctasse
603 1909 642 1944 in
662 1906 841 1944 Bethania
870 1906 932 1943 die
961 1905 1136 1952 sabbati,
1167 1906 1274 1942 dein-

153 1959 200 1996 de
229 1963 398 2012 sequenti
427 1962 490 1999 die
519 1961 665 1999 venisse
695 1961 732 1997 in
760 1959 970 1997 Jerusalem
989 1989 1000 2006 ‚
1045 1958 1112 1995 ubi
1141 1974 1162 1995 a
1194 1958 1273 2011 ple-

148 2010 198 2051 be
223 2013 450 2065 triumphali
479 2026 584 2052 more
614 2019 701 2051 cum
733 2013 848 2050 ramis
876 2012 1064 2050 olivarum
1097 2021 1275 2063 exceptus

149 2067 251 2106 suit.
281 2066 439 2106 Deinde
467 2066 524 2105 nil
554 2075 675 2114 vetat,
707 2075 745 2104 nt
774 2066 935 2103 Joannes
965 2063 1199 2116 intelligatur
1228 2065 1275 2103 de

150 2121 215 2159 die
243 2118 431 2173 paschatis
460 2120 655 2169 naturali,
684 2133 772 2171 quae
802 2119 937 2157 incidit
967 2121 1004 2156 iu
1022 2119 1159 2156 seriam
1190 2131 1274 2156 sex-

150 2183 257 2213 tam.
300 2174 472 2212 Christus
500 2183 628 2212 autem
659 2173 799 2225 pascha
836 2172 1095 2210 celebraverat
1125 2173 1163 2209 in
1195 2173 1273 2224 pri-

151 2229 226 2266 mis
248 2227 542 2279 vesperishujus
569 2227 846 2273 solemnitatis,
876 2226 1015 2276 nempe
1033 2225 1128 2263 feria
1157 2228 1272 2278 quin-

153 2290 217 2327 1115
246 2281 573 2332 quemadmodum
603 2293 717 2333 supra
747 2293 786 2316 11.
810 2278 874 2324 44.
906 2278 1141 2330 explicatum
1172 2288 1254 2317 est.

208 2334 272 2385 74.
300 2334 413 2381 Quod
445 2339 638 2386 postreino'
662 2333 746 2371 loco
765 2332 960 2384 objectum
992 2332 1085 2380 fuit,
1117 2332 1200 2369 ideo
1217 2334 1273 2370 in-

149 2386 309 2426 firmum
340 2396 418 2436 est,
464 2397 502 2424 ut
531 2389 611 2440 ipse
639 2386 859 2434 Calmetus,
904 2400 1062 2437 maguus
1104 2386 1272 2424 atlversae

149 2441 343 2479 sententiae
373 2450 576 2492 patronus,
613 2441 724 2479 fateri
753 2440 948 2488 debuerit,
991 2448 1194 2490 receptam
1225 2453 1271 2476 ‹z-

149 2493 227 2545 pul
256 2503 466 2546 utramque
486 2491 743 2542 Ecclesiam,
778 2492 972 2531 Graecam
989 2494 1136 2530 scilicet
1153 2523 1163 2540 ‚
1195 2492 1270 2530 lto-

152 2560 427 2600 mumzmque,
457 2552 703 2586 sententiam
719 2556 879 2595 tenere,
910 2545 1272 2584 celebrattmzase-

150 2613 199 2640 ,su
227 2614 309 2638 una
336 2614 427 2638 cum
456 2601 651 2651 discipulis
681 2602 810 2653 legale
842 2600 995 2652 pascha
1017 2599 1272 2652 vesperis-Je-

154 2656 227 2690 riae
256 2657 402 2704 quinta*
432 2653 493 2691 ‹lie
527 2655 586 2700 14.
617 2654 778 2703 Nisam,
820 2664 904 2692 tum
933 2668 1021 2693 cero
1051 2656 1182 2691 altera,
1211 2654 1274 2691 (lie

161 2707 222 2744 15.
251 2705 429 2758 ejusdem
460 2712 608 2745 mensis
637 2709 822 2759 supplicio
853 2713 979 2746 crucis
999 2706 1193 2756 affectum
1214 2711 1274 2744 in-

157 2762 336 2797 teric'sse.
369 2760 544 2810 coeptum
575 2761 722 2799 inclein
740 2760 930 2800 Ecclesia
960 2763 1090 2800 latina
1120 2775 1275 2799 morem

157 2825 262 2865 pune
291 2826 441 2864 azymo
469 2814 707 2866 conficiendi
736 2821 934 2868 mysteria.
961 2817 1048 2857 &a
1094 2817 1275 2868 idemque

156 2866 348 2904 confessus
377 2876 483 2904 antea
515 2869 636 2905 luerat
666 2869 777 2906 b'ern.
796 2870 903 2906 Lami
936 2871 974 2907 in
1005 2884 1071 2907 sua
1102 2869 1276 2921 Proejktt.

159 2920 233 2958 sibi
265 2919 446 2971 adaptans
464 2919 557 2958 illud
573 2921 715 2959 dictum
737 2922 782 2958 de
804 2922 983 2960 lsmaele:
1014 2923 1170 2961 Manus
1191 2926 1278 2972 ejus

154 2982 298 3011 contra
326 2986 492 3020 omines,
521 2981 570 3014 (9·
601 2987 748 3011 munus
776 2979 956 3012 omnium
987 2986 1128 3013 contra.
1158 2990 1247 3014 euin
1267 3003 1277 3014 .

213 3027 278 3078 75.
308 3026 410 3074 Qnae
441 3035 566 3064 autem
595 3026 810 3077 allegantur
840 3038 1011 3066 veterum
1041 3029 1194 3067 Patrum
1225 3040 1278 3067 te-

159 3081 340 3119 stimonia
360 3110 370 3126 ,
414 3081 442 3118 si
474 3079 533 3117 vel
566 3079 696 3117 leviter
732 3082 998 3128 excutiantur,
1041 3084 1164 3120 statim
1194 3097 1275 3120 cor-

158 3143 302 3173 ruunt.
346 3134 480 3171 Victor
510 3132 575 3172 ille
605 3132 862 3171 Antiochenus
891 3133 1091 3186 Presbyter
1135 3137 1280 3185 ignotus

163 3186 281 3225 ferme
297 3196 376 3237 est,
407 3187 630 3240 nulliusque
646 3189 877 3224 auctoritatis
894 3213 905 3224 .
935 3186 1178 3239 Epiphanius
1198 3184 1281 3226 tan-⁴

165 3242 359 3280 tummodo
388 3241 496 3290 vult,
539 3242 762 3279 Judaeorum
794 3239 1023 3292 plerosque,
1053 3240 1086 3276 8(
1115 3254 1204 3278 cum
1236 3243 1282 3279 iis

165 3290 294 3330 Jesum
323 3295 463 3346 pascha
492 3294 701 3333 celebrasse
731 3292 870 3341 biduo,
913 3303 996 3330 ante
1029 3293 1147 3330 alios:
1191 3308 1280 3346 quae

162 3346 299 3399 opinio
328 3349 474 3390 etiamsi
504 3363 592 3392 vera
623 3357 737 3399 esset,
781 3347 888 3388 uobis
917 3348 1078 3388 minime
1106 3349 1282 3389 adversa-

1342 203 1444 232 retur
1461 223 1470 241 ,
1501 195 1567 245 qui
1585 193 1705 230 solum
1722 194 1982 234 contendimus
2000 225 2009 243 ,
2039 193 2231 233 Christum
2253 202 2338 233 ante
2355 209 2462 233 suam

1341 247 1556 299 passionem
1587 255 1830 298 postremumv
1859 247 1996 296 pascha
2026 262 2113 285 cum
2157 246 2357 300 discipulis
2385 251 2463 287 suis

1342 302 1383 339 iu
1414 301 1558 352 azymis
1588 299 1817 336 celebrasse.
1849 300 1920 336 Sed
1947 299 2011 337 illa
2040 302 2171 351 opinio
2200 301 2352 339 nullum
2383 302 2461 340 suf-

1345 355 1576 405 fragatorem
1622 354 1795 391 invenit.
1840 351 2036 402 Praefatio
2069 352 2248 391 Chronica·
2279 356 2463 393 Alexim·

1345 407 1475 454 (Irini,
1518 408 1612 444 sicut
1642 404 1675 441 8(
1709 404 1944 443 Clzronicwn
1976 406 2125 455 ipsum,
2168 419 2263 456 opus
2293 419 2343 445 est
2374 423 2462 461 sup-

1341 461 1576 513 posititium,
1620 459 1654 495 8(
1686 472 1821 510 magno
1859 458 1916 496 illi
1948 457 2055 495 l’etro
2087 457 2340 498 Alexandrino
2369 462 2464 512 Epi..

1342 527 1454 566 scopo
1475 543 1486 562 ,
1517 515 1584 565 qui
1614 512 1654 550 S.
1677 512 1922 550 Athanasium
1955 513 2172 563 praecessit‚
2204 511 2312 562 longe
2342 525 2464 563 poste-

1344 569 1451 614 rius,
1485 576 1521 604 ut
1551 567 1710 604 ostendit
1740 566 2011 603 'Pillemontius
2043 563 2155 601 Ἲόιη.
2178 564 2207 601 Ι.
2238 564 2270 600 8(
2296 566 2341 602 Η.
2373 567 2465 604 1110-

1344 630 1653 658 numentortcm.
1688 619 1810 671 Atque
1841 619 1909 656 hoc
1942 621 2066 670 ipsum
2097 617 2305 656 dicendum
2336 629 2386 656 est
2416 622 2461 656 de

1345 676 1529 726 excerptis
1560 687 1604 711 ex
1634 673 1675 711 S.
1699 672 1937 724 llyppolitO,
1967 673 2000 708 8(
2031 685 2075 709 ex
2099 670 2345 723 Apollinari,
2375 686 2462 724 qnae

1343 729 1392 766 ob
1422 730 1630 766 maximam
1662 727 1934 778 suppositionis
1962 726 2219 777 suspicionem
2250 729 2466 763 communi-

1344 791 1399 820 ter
1418 797 1439 819 a
1459 782 1610 820 Criticis
1639 779 1894 833 exploduntur
1912 806 1923 818 .
1955 778 2033 817 Alii
2065 779 2154 816 item
2171 778 2382 829 Scriptores
2399 793 2467 816 nec

1347 837 1594 884 auctoritate,
1638 848 1705 872 nec
1735 847 1896 871 numero
1925 846 2014 870 cum
2047 833 2093 870 iis
2122 832 2288 869 conferri
2320 845 2467 872 meren-

1346 897 1433 935 tur,
1482 891 1549 941 qui
1587 901 1833 926 communem
1865 885 2049 925 Ecclesiae
2081 886 2301 923 senteutiam
2331 885 2469 924 diserte

1346 943 1603 990 confirmant,
1647 951 1685 979 ut
1723 950 1808 979 sunt
1836 941 2021 992 Origenes
2051 939 2181 976 Tract.
2212 938 2382 977 XXXV.
2427 941 2468 977 in

1347 995 1509 1044 Manli„
1553 994 1795 1047 Epiphanius
1829 993 1986 1032 Haeresi
2022 992 2153 1031 XXX.
2183 992 2224 1030 S.
2253 992 2313 1030 J0.
2344 992 2469 1045 Chry-

1346 1059 1526 1087 sos-tonnus
1556 1050 1670 1086 Hom.
1692 1047 1878 1086 LXXXl.
1909 1049 1947 1085 in
1980 1045 2141 1094 Manli„
2171 1046 2342 1098 aliique,
2373 1060 2470 1098 quo-

1347 1115 1432 1140 rum
1477 1103 1690 1140 testimonia
1733 1114 1959 1139 coacervare
2001 1113 2328 1151 supervacaneum
2359 1100 2467 1138 duci-

1346 1169 1432 1193 mus
1450 1185 1459 1203 ,
1490 1170 1579 1193 cum
1610 1167 1677 1192 nec
1706 1154 1912 1192 adversarii
1945 1154 1983 1191 id
2011 1153 2176 1190 audeant
2205 1153 2394 1191 inficiari.

1404 1208 1466 1258 76.
1497 1209 1582 1246 Non
1623 1207 1731 1244 multi
1762 1215 1888 1244 autem
1927 1206 2104 1256 ponderis
2149 1214 2199 1242 est
2243 1205 2310 1243 itta
2339 1208 2434 1243 ratio
2457 1237 2468 1254 ‚

1345 1261 1539 1300 Christum
1586 1270 1782 1313 propterea
1811 1260 1910 1298 mori
1939 1258 2113 1296 debuisse
2143 1272 2187 1295 ea
2217 1259 2300 1310 ipsa
2343 1258 2432 1295 liora
2458 1289 2466 1304 ,

1345 1327 1421 1367 qua
1453 1329 1571 1368 agnus
1600 1312 1789 1366 paschalis
1820 1311 2114 1359 immolabatur,
2157 1312 2249 1364 quia
2280 1311 2363 1349 haec
2394 1313 2470 1350 im-

1345 1369 1502 1407 molatio
1531 1378 1608 1407 erat
1637 1377 1778 1420 typus,
1809 1366 1843 1403 8(
1873 1365 1998 1418 figura
2025 1365 2165 1403 Christi
2196 1368 2354 1404 mortis.
2394 1366 2470 1403 Xe·

1344 1437 1419 1475 que
1449 1425 1551 1461 enim
1584 1436 1726 1459 necesse
1756 1430 1862 1468 erat,
1901 1428 1940 1456 ut
1970 1427 2145 1457 accurate
2174 1420 2288 1456 etiam
2319 1428 2468 1470 tempus

1344 1478 1426 1529 typi
1447 1476 1898 1527 resp0u‹leretantityp0;
1928 1474 1989 1510 sed
2008 1473 2094 1510 satis
2124 1480 2228 1519 erat,
2261 1480 2297 1509 ut
2325 1486 2461 1523 quein—

1344 1531 1550 1567 admodum
1582 1541 1700 1580 agnus
1731 1526 2003 1564 irntn‹.!ab;1tur
2037 1528 2073 1563 iu
2104 1526 2329 1562 memoriam
2371 1525 2468 1563 libe-

1344 1584 1500 1620 rationis
1530 1581 1661 1635 populi
1694 1580 1848 1618 Hebraei
1883 1595 1904 1617 a
1939 1580 2117 1617 servitute
2139 1578 2369 1626 Pharaonis,
2416 1581 2468 1617 ita.

1344 1636 1514 1674 Christus
1559 1633 1824 1672 immolaretur
1865 1646 1934 1686 pro
1964 1632 2191 1670 liberatione
2238 1633 2414 1671 omnium
2445 1648 2467 1672 a

1343 1691 1521 1727 servitute
1550 1689 1758 1726 daemonis.

1401 1758 1464 1794 77.
1496 1744 1585 1780 lust.
1628 1743 1668 1779 S.
1701 1742 1869 1778 lrenaeus
1899 1739 1986 1778 Lib.
2018 1738 2085 1777 IV.
2116 1753 2202 1790 cap.
2235 1739 2299 1778 23.
2347 1739 2466 1785 dicit,

1342 1797 1478 1834 Christi
1498 1797 1710 1848 passionem
1741 1795 1856 1832 fnisse
1871 1808 1892 1831 a
1915 1792 2050 1845 Moyse
2072 1794 2316 1844 praedictam,
2347 1808 2469 1845 quan-

1343 1859 1422 1887 tum
1454 1851 1500 1888 ad
1530 1851 1660 1897 diem,
1691 1847 1724 1884 8(
1756 1847 1913 1895 horam,
1956 1846 2101 1884 scilicet
2134 1848 2257 1897 ipsum
2290 1860 2365 1884 esse
2396 1849 2469 1884 im-

1343 1903 1568 1941 molandum
1603 1904 1639 1939 in
1670 1902 1730 1939 die
1747 1900 1902 1939 Paschae
1933 1900 1980 1938 ad
2010 1914 2206 1952 vesperam
2227 1926 2237 1937 .
2267 1899 2469 1951 Significat

1343 1970 1458 2008 ergo,
1487 1956 1680 1993 Christum
1713 1955 1828 1992 fuisse
1859 1963 2052 1992 mortuum
2084 1953 2173 1991 luna
2191 1953 2299 1991 XlV.
2329 1955 2374 1990 (til
2408 1968 2469 1990 vr-

1343 2024 1494 2061 speram
1519 2039 1528 2057 ,
1560 2010 1712 2062 (pratulo
1741 2008 1885 2046 scilicet
1906 2022 2023 2060 agnus
2053 2008 2250 2045 immolari
2280 2007 2467 2044 debebat:

1343 2077 1418 2102 non
1451 2066 1576 2115 itaque
1608 2063 1725 2114 potuit
1755 2062 1924 2100 Christus
1968 2071 2054 2099 ante
2083 2062 2296 2113 passionem
2329 2061 2468 2112 pascha.

1343 2116 1562 2156 celebrare.
1591 2117 1766 2154 Secundo
1794 2115 1921 2153 simile
1949 2115 2042 2168 quid
2073 2114 2187 2153 habet
2208 2114 2470 2153 'tertullianus

1342 2172 1383 2209 111
1414 2171 1503 2210 Lib.
1535 2180 1661 2209 contra
1679 2169 1830 2207 Judaeos
1849 2199 1859 2217 ,
1890 2168 2054 2221 Moysen
2075 2168 2217 2207 scilicet
2248 2167 2468 2219 propheta>-

1342 2239 1381 2262 se
1404 2255 1414 2272 ,
1445 2238 1507 2262 eos
1545 2223 1738 2261 Christum
1770 2237 1846 2260 esse
1877 2223 2194 2273 interempturos,
2226 2234 2315 2259 cum
2347 2233 2467 2259 omne

1343 2279 1476 2330 vulgus
1494 2276 1680 2330 filiorum
1702 2276 1829 2313 Israel
1858 2275 1913 2312 acl
1942 2288 2147 2324 §vsperum
2177 2287 2330 2325 agnum
2362 2283 2466 2311 esse:

1342 2332 1673 2369 imnzolaturum.
1721 2329 1850 2367 Tertio
1881 2328 1920 2366 S.
1954 2328 2196 2379 l·2piplia:iius
2226 2326 2386 2365 JJaercsi
2419 2327 2464 2365 l..

1346 2384 1559 2434 Oportebit?
1577 2414 1586 2431 ,
1631 2385 1780 2434 inquit,
1825 2380 2020 2419 Ctzrtsnmz
2050 2381 2254 2418 imrtzolzzri
2283 2385 2324 2418 in
2352 2378 2467 2418 XH'.

1344 2439 1407 2476 (lie
1435 2437 1652 2477 secuntum
1684 2437 1809 2487 legem
1829 2449 1842 2471 .·
1886 2448 1974 2486 ergo
2003 2436 2041 2472 111
2074 2435 2153 2486 ipsa
2183 2435 2272 2481 die,
2301 2448 2378 2486 qua
2407 2448 2469 2472 co-

1346 2493 1567 2530 medebatur
1598 2504 1715 2542 agnus
1747 2488 1961 2540 paschtlis.
1995 2487 2148 2538 Quarto
2177 2489 2218 2526 S.
2237 2488 2469 2538 Augustinus

1347 2547 1433 2584 Lid.
1470 2546 1534 2582 lll.
1566 2543 1628 2581 De
1658 2556 1802 2581 conseri
1815 2556 1853 2579 ς1ι
1884 2541 2242 2593 Evangelistczrum
2272 2556 2357 2593 cap.
2406 2541 2466 2579 15.

1345 2601 1458 2637 refert
1501 2598 1756 2650 quorumdam
1806 2597 2054 2642 sententiam,
2091 2595 2192 2646 quod
2226 2597 2262 2632 in
2301 2607 2401 2632 auno
2431 2610 2470 2631 e·

1345 2651 1523 2692 mortuali
1554 2652 1642 2689 Jesu
1672 2650 1814 2688 Christi
1859 2649 1997 2702 pascha
2042 2649 2218 2687 inciderit
2261 2649 2301 2685 in
2331 2648 2469 2686 sabba—

1346 2717 1453 2752 tum,
1503 2705 1535 2741 &
1567 2705 1651 2743 ideo
1679 2705 1810 2752 diem,
1854 2718 1929 2755 qua
1959 2703 2127 2741 Christus
2176 2710 2345 2740 mortuus
2386 2712 2466 2749 est,

1346 2762 1459 2799 fuisse
1507 2758 1742 2812 appellatum
1793 2770 2009 2808 purascere
2040 2754 2236 2793 Paschae.
2285 2755 2468 2807 idemque

1345 2815 1459 2854 habet
1488 2813 1630 2851 Vener.
1662 2813 1759 2849 Beda
1791 2813 1829 2848 in
1861 2810 2072 2862 cap-XlX.
2102 2810 2160 2848 J0.
2193 2809 2336 2847 Rursus
2365 2809 2469 2846 idem

1347 2870 1578 2920 Augustinus
1608 2864 1883 2904 '1'1·aet.(txx.
1915 2866 1954 2902 in
1984 2864 2042 2902 ἆυ.
2073 2863 2192 2911 dicit,
2223 2863 2374 2901 Judaeos
2403 2877 2470 2901 crt-

1347 2936 1447 2961 rasse
1475 2922 1668 2959 Christum
1713 2918 1918 2970 sepulturae
1950 2918 2045 2956 tradi
2077 2920 2115 2955 in
2148 2917 2353 2955 l’arasceve
2384 2929 2469 2967 pro-

1347 2986 1430 3028 pter
1459 2989 1609 3014 coenam
1639 2987 1811 3025 puram,
1842 2986 1959 3024 quam
1989 2972 2221 3009 manducare
2249 2970 2466 3016 debebant,

1346 3031 1492 3068 scilicet
1514 3043 1663 3067 coenain
1696 3025 1942 3080 paschalem3
1971 3025 2072 3078 quod
2102 3024 2243 3063 iterum
2274 3023 2469 3074 exscripsit

1345 3083 1445 3122 Beda
1473 3084 1556 3121 loco
1584 3084 1648 3120 cit.

1403 3138 1466 3189 78.
1501 3136 1611 3188 liesp.
1653 3134 1701 3172 ad
1746 3137 1947 3185 primum,
1995 3141 2096 3172 recte
2125 3132 2203 3171 dici
2245 3131 2294 3169 ab
2325 3130 2470 3167 Irenaeo

1346 3190 1540 3229 Christum
1570 3190 1741 3227 occisum
1773 3190 1812 3226 in
1841 3186 2058 3239 paschate,
2088 3188 2179 3238 quia
2210 3199 2296 3222 vere
2315 3182 2467 3239 obiitin

1348 3244 1431 3295 ipsa
1459 3245 1519 3282 die
1541 3243 1695 3282 Paschae
1715 3273 1726 3291 ,
1757 3255 1829 3280 11011
1859 3242 2016 3293 quidem
2046 3243 2087 3277 iu
2118 3240 2252 3290 primis
2281 3245 2467 3293 vesperis,

1349 3299 1502 3348 quando
1529 3311 1648 3348 agnus
1691 3295 1963 3334 immolabatur
1985 3321 1996 3338 ,
2038 3293 2100 3330 sed
2131 3294 2170 3329 111
2200 3289 2371 3328 secundis
2401 3300 2464 3320 ve-

1349 3352 1496 3401 speris,
1528 3361 1565 3390 ut
1594 3350 1735 3402 saepius
1761 3349 1842 3400 jam
1871 3346 2104 3397 explicatum
2134 3352 2212 3382 est.

2334 3403 2401 3445 ΤΕ)-
