2605 3624
267 89 325 128 Ge
1041 72 1307 117 DISSERT.
1340 74 1373 116 1.
1420 73 1549 116 CAP.
1582 73 1664 117 XI.

265 163 366 199 circa
395 158 590 195 animam:
634 155 730 193 sicut
758 167 857 205 aqna
886 152 1091 204 Baptismi,
1129 152 1320 191 abluendo

265 225 401 262 corpus
429 210 634 248 secundum
667 210 862 261 propriam
894 208 1099 254 virtutem,
1129 206 1250 244 abluit
1280 222 1318 244 a-

262 266 428 311 nimam,
460 265 686 316 inquantum
718 270 768 299 est
785 262 1076 298 instrumentum
1095 261 1241 298 virtutis
1261 261 1318 297 di-

262 320 386 363 vinaeg
416 331 506 355 nam
537 330 581 355 ex
611 317 766 361 anima,
798 314 831 349 ὃ(
861 326 1015 364 corpore
1039 327 1155 350 unum
1178 313 1240 350 sit.
1272 314 1319 350 Et

204 400 231 419 „
261 369 331 408 hoc
361 380 439 418 est,
477 371 580 422 quod
610 369 840 420 Augustinus
869 367 961 404 dicit
989 366 1117 404 Tract.
1151 365 1317 403 LXXX.

202 453 230 474 „
260 425 299 461 in
330 423 438 462 Joan.
468 424 568 475 quod
600 436 700 475 aqua
729 434 867 472 corpus
895 423 1024 471 tangit
1043 449 1053 467 ,
1082 419 1131 460 <90
1161 431 1228 456 cor
1247 417 1316 456 ab·

203 507 229 526 „
260 477 330 514 luit
361 478 380 493 ''
403 503 415 514 .

254 530 348 576 401.
378 531 437 570 Ex
465 543 542 583 quo
571 537 699 568 autem
729 528 974 566 Sacramenta
1002 526 1074 563 sint
1106 538 1229 564 causae
1261 525 1316 562 in-

198 584 461 622 strumentales
488 585 646 635 gratiae,
678 582 777 619 idem
808 589 931 618 noster
946 579 987 617 S.
1005 577 1217 629 Praeceptor
1246 586 1316 616 art.

198 638 239 682 [μ
269 638 410 686 insert,
445 649 529 675 esse
559 641 600 674 in
629 634 769 672 iisdem
799 634 979 683 aliquam
1008 635 1189 669 virtutem
1220 644 1315 667 cau-

199 695 373 729 sativam
410 693 581 743 gratioe.
625 689 679 726 Ita
709 688 810 725 enim
855 685 1119 723 ratiocinatur:
1167 713 1192 732 „
1224 682 1314 731 Illi,

256 747 324 795 qui
355 753 522 796 ponunt,
553 742 655 794 quod
675 740 921 778 Sacramenta
949 750 1025 775 non
1053 746 1212 774 causant
1232 749 1315 788 gra-

258 800 376 846 tiam,
407 798 476 836 nisi
509 809 574 848 per
603 794 812 846 quamdam
841 791 1204 836 concomitantiam,
1249 803 1314 840 po-

199 878 225 900 „
256 859 371 898 nunt,
401 849 501 901 qnod
531 848 828 886 inSacramento
857 857 928 882 non
957 845 1002 882 sit
1030 843 1162 894 aliqua
1180 843 1314 890 virtus,

198 935 223 953 ,‚
255 917 341 956 quae
372 910 547 954 operetur
583 901 629 938 ad
660 899 896 938 Sacramenti
927 896 1132 943 effectum,
1179 904 1232 934 est
1262 904 1314 933 ta-

254 969 340 994 men
376 957 496 995 virtus
532 954 664 992 divina
692 952 935 991 Sacramento
977 951 1179 997 assistens,
1227 962 1314 1002 quae

199 1040 226 1059 ,‚
256 1007 581 1047 Sacramentalem
610 1006 786 1044 effectum
815 1012 994 1057 operatur
1022 1003 1043 1019 ’'

249 1063 343 1107 402·
375 1091 399 1109 „
430 1060 505 1100 Sed
533 1061 727 1113 ponendO,
758 1061 857 1111 quod
873 1058 1162 1095 Sacramentum
1187 1064 1237 1094 est
1258 1056 1315 1094 in-

252 1115 510 1154 strumentalis
538 1127 651 1153 causa
679 1115 813 1164 gratiae
832 1143 842 1161 ,
872 1124 1019 1149 necesse
1050 1118 1102 1148 est
1118 1109 1231 1148 simul
1250 1122 1315 1161 po-

250 1183 340 1208 nere
356 1199 367 1216 ,
398 1168 498 1220 quod
520 1169 559 1206 in
575 1167 820 1205 Sacramento
840 1167 886 1203 sit
914 1164 1096 1217 quasdam
1116 1164 1235 1203 virtus
1257 1165 1315 1200 in-

251 1221 505 1261 strumentalis
534 1220 582 1258 ad
616 1220 874 1259 inducendum
905 1215 1231 1260 Sacramentalem
1261 1216 1315 1253 ef-

253 1277 394 1314 fectum
413 1302 422 1314 .
471 1274 518 1312 Et
548 1274 632 1313 haec
661 1274 818 1326 quidem
862 1273 979 1310 virtus
1011 1272 1315 1323 proportionatur

252 1331 527 1374 instrumento,
559 1328 656 1365 unde
686 1334 930 1378 comparatur
959 1325 1003 1362 ad
1036 1326 1214 1363 virtutem
1247 1323 1315 1360 ab·

253 1382 412 1419 solutam
432 1411 441 1428 ,
471 1381 504 1417 8(
537 1381 743 1432 perfectam
773 1378 938 1429 alicujus
969 1378 1050 1425 rei,
1085 1379 1181 1415 sicut
1209 1389 1314 1414 com-

249 1442 406 1485 paratur
435 1436 730 1472 instrumentum
759 1433 806 1468 ad
835 1445 949 1482 agens
977 1429 1216 1482 principale.
1255 1430 1314 1467 In—

249 1494 501 1525 strumentum
532 1487 635 1522 enim
663 1497 740 1522 non
754 1493 962 1534 operatur,
993 1484 1067 1520 nisi
1083 1485 1314 1533 inquantum

251 1548 304 1578 est
333 1548 479 1577 motum
508 1553 530 1576 a
559 1536 766 1590 principali
796 1546 948 1587 agente,
975 1536 1078 1587 quod
1108 1548 1177 1586 per
1207 1548 1244 1571 se
1273 1548 1312 1571 0-

249 1602 426 1646 petatur:
456 1593 489 1629 8<
520 1591 605 1630 ideo
631 1592 753 1630 virtus
783 1587 1008 1641 principalis
1029 1590 1172 1638 agentis
1200 1586 1314 1625 habet

247 1660 476 1698 permanens
505 1645 539 1682 &
568 1644 802 1697 completum
832 1656 910 1680 esse
941 1643 978 1680 in
1008 1650 1161 1680 natura:
1188 1642 1312 1687 *virtus

248 1710 375 1738 autem
406 1698 704 1739 instrumentalis
732 1696 847 1735 habet
876 1710 952 1734 esse
972 1697 1155 1733 transiens
1171 1707 1214 1731 ex
1237 1706 1312 1731 uno

250 1755 289 1792 in
320 1753 427 1791 aliud
445 1783 455 1800 ,
486 1753 519 1788 8<
548 1750 850 1802 incompletum3
880 1750 975 1786 sicut
1005 1747 1037 1783 &
1059 1757 1179 1786 motus
1202 1756 1252 1785 est
1271 1762 1312 1785 a-

1114 1802 1136 1817 >J

209 191 235 211 >9

210 244 235 262 97

207 295 231 313 υ

205 345 231 367 7‘3

199 774 226 794 2)

200 828 227 847 2)

198 987 223 1006 2)

195 1146 222 1165 3)

195 1199 220 1219 55

194 1253 221 1272 >²

195 1307 222 1325 3)

191 1358 221 1379 9,

195 1412 223 1431 29

192 1463 220 1484 §2

193 1518 220 1537 2²

193 1571 221 1590 ³2

192 1625 219 1644 2)

191 1677 217 1698 >9

190 1732 217 1750 :²

191 1785 220 1856 ἔξ
249 1816 330 1845 ctus
360 1806 604 1858 imperfectus
633 1804 682 1842 ab
711 1813 844 1855 agente
874 1804 912 1841 in
943 1803 1085 1854 patiens

246 1859 341 1905 405.
370 1859 500 1897 Postea
520 1860 558 1896 in
580 1872 678 1909 resp.
708 1858 753 1894 ad
776 1870 809 1895 1.
840 1856 996 1894 uberius
1017 1856 1192 1906 exponit,
1222 1866 1314 1906 quo-

190 1913 306 1952 modo
335 1914 374 1951 in
405 1913 653 1951 instrumento
668 1923 850 1961 corporeo
867 1939 877 1956 ,
906 1908 1122 1960 cujusmodi
1144 1915 1226 1945 sunt
1246 1908 1314 1945 Sa-

192 1975 409 2014 cramenta,
441 1967 554 2018 possit
583 1978 659 2002 esse
689 1963 821 2016 aliqua
836 1964 956 2001 virtus
985 1961 1196 2014 spiritualis
1226 1974 1314 2000 cau-

192 2021 314 2059 sativa
342 2022 502 2071 gratiae,
541 2018 739 2070 iuquiens:
788 2047 814 2065 „
844 2016 976 2054 Virtus
1005 2013 1213 2067 spiritualis
1244 2027 1316 2051 non

194 2105 221 2123 „
249 2082 368 2126 potest
397 2087 473 2112 esse
502 2073 541 2111 in
571 2086 612 2110 re
650 2083 831 2123 corporea
873 2083 940 2122 per
972 2068 1128 2107 modum
1171 2068 1317 2106 virtutis

192 2157 222 2178 ,‚
251 2127 532 2177 permanentiS,
561 2125 596 2161 ἃ
623 2124 853 2177 completae.
896 2122 1005 2162 Nihil
1035 2130 1159 2160 tamen
1190 2120 1319 2172 prohi-

191 2211 219 2231 „
248 2180 339 2228 bet,
369 2181 410 2219 in
439 2192 595 2232 corpore
624 2192 700 2216 esse
730 2180 906 2216 virtutem
924 2175 1162 2229 spiritualem
1184 2176 1319 2212 instru-

192 2263 221 2284 „
248 2232 484 2280 mentaliter,
512 2234 742 2284 inquantum
770 2230 914 2270 scilicet
942 2241 1079 2280 corpus
1099 2238 1215 2281 potest
1237 2240 1316 2265 mo-

192 2318 219 2336 „
249 2287 330 2326 veri
360 2286 409 2325 ab
437 2285 569 2337 aliqua
596 2285 806 2324 substantia
848 2282 1040 2335 spirituali
1069 2283 1117 2320 ad
1145 2281 1317 2334 aliquem

191 2370 222 2389 :a
252 2339 425 2378 effectum
456 2338 695 2391 spiritualem
734 2338 1015 2377 inducendum:
1064 2336 1175 2374 sicuti
1212 2334 1246 2371 8<
1276 2336 1315 2371 in

194 2423 222 2442 3,
251 2394 334 2445 ipsa
362 2405 454 2431 voce
483 2391 655 2431 sensibili
685 2400 738 2430 est
767 2392 947 2444 quaedam
970 2391 1027 2428 vis
1047 2387 1255 2442 spiritualis
1271 2388 1318 2425 ad

195 2477 222 2496 3,
253 2445 497 2484 excitandum
514 2444 751 2483 intellectum
764 2445 953 2491 hominis,
984 2444 1210 2495 inquantum
1232 2454 1319 2493 pro-

193 2530 221 2548 „
252 2499 351 2536 cedit
380 2513 402 2536 a
430 2498 672 2549 conceptione
702 2501 836 2536 mentis
854 2525 863 2536 .
893 2497 941 2536 Et
957 2496 1026 2534 hoc
1043 2497 1154 2534 modo
1171 2497 1227 2533 vis
1243 2495 1319 2545 spi-

252 2551 400 2590 ritualis
430 2560 482 2589 est
512 2552 551 2588 in
568 2550 822 2588 Sacramentis
841 2581 850 2597 ,
879 2551 1109 2601 inquantum
1138 2549 1319 2587 ordinan-

255 2614 316 2643 tur
344 2620 366 2642 a
396 2605 480 2642 Deo
509 2603 555 2641 ad
585 2602 760 2640 effectum
791 2603 1030 2654 spiritualem
1061 2604 1082 2618 ’²

240 2658 342 2704 404.
371 2657 602 2708 Quanquam
634 2669 723 2695 vero
752 2656 836 2693 haec
870 2664 944 2693 tota
975 2655 1149 2706 Angelici
1177 2655 1318 2692 doctri-

193 2725 246 2749 na
274 2711 434 2749 minime
463 2711 647 2763 pertineat
675 2710 723 2747 ad
752 2709 867 2747 fidem
887 2739 897 2757 ,
929 2717 1099 2759 utsupra
1121 2709 1319 2746 innuimus

193 2778 305 2803 auin.
337 2764 451 2815 597.,
501 2763 663 2801 mirifice
691 2772 817 2800 tamen
860 2762 950 2800 facit
979 2762 1026 2798 ad
1070 2762 1194 2812 ipsum
1225 2760 1316 2799 fidei

192 2819 331 2869 dogma
359 2819 405 2855 de
435 2817 603 2855 efficacia
632 2816 961 2855 Sacramentorum
996 2813 1284 2865 intelligendum
1303 2840 1314 2852 .

194 2871 262 2910 Est
304 2872 414 2908 etiam
453 2879 703 2909 consentanea
744 2870 872 2909 verbis
914 2878 1130 2907 sanctorum
1159 2866 1314 2905 Patrum

193 2937 308 2975 supra
329 2938 437 2963 num.
456 2923 545 2963 556.
568 2938 645 2974 seq.
675 2924 798 2962 allatis
826 2923 873 2961 ad
896 2923 1008 2961 nostri
1024 2920 1207 2972 dogmatis
1226 2933 1315 2958 con·

192 2977 475 3016 firmationem.
506 2976 657 3023 Quibus
686 2976 763 3015 alia
792 2977 878 3014 addi
909 2984 1057 3028 possent
1086 2974 1183 3011 bene
1213 2972 1315 3009 mul-

192 3039 231 3068 ta
247 3061 258 3079 ,
288 3040 326 3068 ut
346 3029 385 3068 S.
400 3029 539 3082 Cyrilli
564 3029 840 3076 Alexandrini,
871 3031 938 3082 qui
960 3027 1113 3066 Lib.11.
1143 3026 1184 3064 in
1204 3026 1315 3064 Joan.

195 3097 282 3138 cap.
304 3084 369 3131 42.
399 3084 515 3121 dicit:
562 3082 912 3134 Quemadmodum
941 3086 1076 3121 virtute
1105 3082 1207 3132 ignis
1236 3092 1317 3117 ηοη

196 2583 222 2602 :¹9

196 2637 223 2655 >J

242 3218 293 3255 (a)
316 3214 385 3248 Eos
412 3223 527 3248 tamen
554 3222 717 3256 magnam
740 3211 870 3246 habere
905 3223 985 3246 cum
1011 3222 1110 3244 sensu
1140 3209 1316 3242 Lnthera-

195 3272 346 3300 norum,
373 3264 403 3293 &
429 3260 705 3293 calvinistarum
731 3258 934 3292 affinitatem
952 3280 961 3298 ,
999 3256 1091 3290 hand
1118 3258 1231 3300 inepte
1258 3255 1318 3288 de-

167 3331 172 3335 .
195 3315 368 3342 monstrat
394 3307 430 3341 P.
458 3308 609 3342 Renatus
637 3305 749 3351 Hyac.
776 3306 941 3345 Drouven
977 3307 1021 3339 de
1053 3317 1089 3338 re
1117 3304 1318 3338 Sacramen-

1390 153 1506 191 aliter
1533 166 1657 204 quum
1686 154 1789 203 ignis
1817 156 1892 190 urit
1922 163 2030 203 aquit
2047 181 2058 200 ,
2087 163 2143 189 sic
2172 155 2400 201 operatione
2419 153 2505 203 Spi-

1389 211 1485 245 ritus
1513 210 1643 244 sancti
1672 206 1886 257 (ιᾳιιιιὶἶίιι,
1915 219 1994 256 qua
2008 206 2194 254 baptizati
2211 217 2350 254 corpus
2371 218 2506 255 asper-

1385 264 1516 311 gitur,
1560 264 1602 297 ιή
1630 259 1810 297 divinam
1837 259 2080 311 reformatur
2109 262 2288 296 virtutem
2307 287 2317 306 ,
2363 258 2413 298 (θ’
2441 271 2507 309 ρο-

1386 318 1555 350 tentiam
1575 339 1584 350 .
1616 313 1724 350 Alius
1752 322 1878 350 autem
1894 312 2092 364 Cyrillus,
2123 325 2259 364 nempe
2280 310 2508 363 Jerosolym·

1390 365 1596 404 catechesi
1617 364 1689 403 III.
1725 363 1775 402 Ut
1803 366 1900 414 illa,
1930 367 2083 418 inquit,
2112 378 2201 417 quoe
2230 370 2271 403 in
2299 368 2383 401 aris
2411 363 2508 413 offe-

1385 427 1551 465 runtur,
1582 432 1673 455 cum
1702 427 1853 455 viatura.
1880 422 1958 456 sint
1987 432 2088 470 pura
2106 448 2116 467 ,
2146 422 2394 456 invocatione
2424 417 2506 456 (Ζω-

1385 484 1550 508 monum
1581 474 1741 520 impura
1769 470 2014 518 efficiuntur:
2045 477 2100 509 sic
2121 481 2262 509 comm.
2283 485 2391 522 aquit
2411 475 2506 509 sitn—

1384 525 1477 575 plex
1505 536 1574 573 per
1601 526 1733 560 scincti
1762 523 1954 572 Spiritus,
2001 523 2164 572 Christi,
2208 526 2257 566 Εἴ)
2287 525 2420 563 Patris
2449 530 2508 562 in-

1385 581 1636 615 vocationem.
1663 584 1831 627 accepta
1861 580 1997 615 virtute
2025 583 2287 616 sanctitatem
2304 583 2508 630 consequi-

1382 640 1471 668 tur.
1520 630 1568 668 Et
1610 629 1650 667 S.
1680 629 2107 680 Joan.Chrysost01nns
2150 631 2265 669 Hom.
2296 631 2425 670 XXV.
2471 633 2509 670 in

1383 684 1493 722 Joan.
1524 682 1746 734 Nunquam
1763 712 1773 730 ‚
1804 683 1929 735 inquit
1946 712 1957 731 ,
1986 697 2095 734 aquil,
2117 681 2315 733 Birptistni
2335 698 2509 736 purgare

1383 747 1553 787 peccata
1582 736 1829 774 credentium
1858 745 2014 785 posset,
2058 739 2135 773 nisi
2164 745 2274 774 tactu
2304 735 2510 775 Dominici

1384 794 1556 841 corporis
1572 788 1724 840 fuisset
1753 790 2015 842 sanctificatis
2032 816 2042 828 .

1437 844 1532 889 405.
1561 843 1636 881 Sed
1665 843 1748 880 haec
1778 845 1864 881 satis
1895 845 1966 882 sint
1999 857 2066 895 pro
2095 843 2424 891 nostroinstituto‚
2454 857 2510 881 so-

1381 896 1467 935 brie
1496 896 1640 935 scilicet
1677 898 1903 948 quaestiones
1945 896 2185 944 scholasticas
2228 897 2509 948 pertractandi,

1382 950 1598 1000 cujusmodi
1628 951 1697 988 ista
1727 959 1806 998 est,
1837 951 1882 988 de
1912 964 1988 1003 qua
2017 958 2194 1000 poterunt
2214 950 2354 987 curiosi
2375 963 2510 988 consu-

1384 1003 1462 1041 lere
1493 1013 1806 1042 commentatores
1834 1004 1944 1042 Libri
1974 1004 2042 1041 IV.
2071 1003 2381 1051 Sententiarum,
2412 1003 2511 1042 Dist.

1383 1058 1416 1095 I.
1447 1058 1643 1109 utriusque
1671 1057 1822 1095 Scholae
1842 1084 1852 1095 .
1890 1056 1991 1095 Illud
2021 1065 2146 1095 tamen
2177 1056 2433 1104 monendum,
2463 1071 2511 1095 ne

1383 1109 1630 1148 Protestantes
1660 1111 1886 1159 audiamus,
1931 1111 2000 1162 qui
2030 1124 2074 1147 ex
2104 1110 2163 1147 his
2200 1110 2415 1147 domesticis
2444 1124 2510 1147 no-

1384 1165 1469 1201 stris
1500 1163 1663 1201 dissidiis
1694 1165 1855 1201 inaniter
1875 1162 2138 1210 concludunt,
2167 1162 2418 1200 Sacramenta
2438 1176 2511 1202 non

1385 1231 1460 1254 esse
1490 1218 1597 1267 signa
1624 1215 1800 1255 efficacia
1828 1218 1985 1268 gratiae,
2015 1217 2107 1268 quia
2122 1214 2310 1254 Catholici
2327 1224 2427 1252 certo
2447 1217 2514 1254 de-

1384 1273 1586 1308 terminare
1616 1284 1691 1308 non
1724 1280 1876 1321 possunt
1906 1271 2063 1307 modum
2083 1299 2093 1318 ,
2137 1282 2214 1322 quo
2243 1269 2281 1307 id
2319 1268 2512 1318 efficiant,

1383 1324 1486 1375 quod
1516 1324 1754 1373 significant,
1798 1323 2064 1361 dissidentibus
2093 1322 2138 1359 de
2182 1335 2226 1360 eo
2256 1322 2346 1374 ipsis
2377 1323 2514 1373 primis

1383 1376 1611 1415 Scholarum
1641 1376 1830 1425 ducibus,
1861 1377 1895 1413 δε
1925 1374 2196 1428 principibus.

1437 1429 1530 1475 406.
1561 1430 1645 1467 Non
1664 1460 1675 1478 ,
1706 1431 1863 1481 inquam
1882 1460 1892 1477 ,
1922 1429 2104 1468 audiendi
2133 1436 2246 1473 sunt3
2276 1428 2306 1466 si
2323 1428 2424 1466 enim
2441 1427 2511 1467 hoe

1384 1496 1514 1520 eorum
1546 1484 1770 1521 ratiocinum
1802 1483 1972 1531 valeret,
2020 1481 2165 1521 valeret
2203 1482 2317 1519 etiam
2359 1482 2407 1520 ad
2435 1481 2513 1520 alia

1382 1535 1632 1574 convellenda
1661 1545 1796 1574 nostrae
1827 1545 1966 1574 sanctae
1999 1535 2207 1587 Religionis
2236 1535 2442 1587 mysteria,
2473 1538 2512 1573 in

1382 1589 1525 1641 quibus
1545 1589 1788 1640 ,explicandis
1831 1589 2039 1629 admodum
2081 1601 2167 1627 raro
2197 1587 2383 1640 Theologi
2411 1589 2512 1627 inter

1382 1655 1422 1679 se
1452 1651 1723 1679 consentiunt.

1441 1694 1534 1744 407.
1565 1694 1717 1732 Deinde
1742 1697 1922 1747 quamvis
1936 1693 2158 1733 Scholastici
2189 1692 2405 1744 plurimum
2434 1695 2512 1732 dis-

1385 1748 1527 1786 sideant
1544 1747 1589 1785 de
1610 1748 1721 1787 modo
1737 1777 1749 1796 ,
1774 1762 1855 1800 qno
1869 1749 2114 1787 Sacramenta
2130 1748 2342 1796 continent,
2373 1746 2406 1783 8<
2422 1761 2510 1785 cau-

1383 1809 1463 1838 sant
1492 1803 1652 1852 gratiam
1670 1831 1680 1849 ,
1711 1802 1877 1853 quilibet
1897 1810 2022 1840 tamen
2039 1801 2110 1840 hoc
2126 1800 2359 1839 catholicum
2375 1801 2512 1852 dogma.

1380 1868 1473 1893 cum
1503 1867 1570 1892 suo
1598 1863 1800 1906 systemate
1829 1856 2037 1893 conciliare
2066 1854 2214 1892 studet.
2263 1854 2327 1892 Sic
2355 1855 2423 1906 qui
2454 1855 2514 1892 in-

1385 1907 1535 1945 fluxum
1565 1908 1745 1945 duntaxat
1775 1907 1960 1945 moralem
1989 1908 2225 1954 defendunt,
2267 1906 2392 1945 adhuc
2422 1920 2510 1945 con-

1384 1961 1569 2006 tendunt,
1612 1960 1857 1998 Sacramenta
1900 1975 1977 1998 esse
2019 1961 2124 2011 signa
2152 1959 2323 1998 efficacia
2351 1962 2512 2012 gratiae,

1386 2013 1577 2066 quomodo
1608 2012 1718 2064 Regis
1761 2013 2061 2065 chirographum
2099 2022 2150 2050 est
2193 2015 2346 2063 signum⁸
2373 2014 2511 2053 efficax

1385 2066 1569 2106 beneficii
1598 2065 1647 2103 ab
1685 2067 1766 2118 ipso
1796 2068 1985 2112 concessi3
2015 2065 2176 2114 anulus,
2219 2065 2252 2101 8(
2281 2066 2442 2105 baculus
2463 2069 2512 2106 si-

1387 2134 1504 2172 gnum
1529 2128 1580 2157 est
1609 2120 1749 2172 pariter
1765 2118 1898 2157 efficax
1920 2120 2112 2171 dignitatis
2128 2119 2390 2171 Episcopalis,
2421 2135 2510 2173 quae

1387 2187 1455 2226 per
1486 2172 1704 2224 hujusmodi
1735 2173 1984 2211 instrumenta
2013 2173 2206 2211 confertur
2223 2174 2286 2224 (a)
2306 2200 2316 2212 .
2348 2174 2426 2221 Qui
2447 2189 2512 2214 ve-

1388 2241 1431 2265 ro
1460 2235 1621 2277 putant,
1651 2225 1898 2264 Sacramenta
1927 2241 2003 2264 esse
2032 2240 2164 2265 causas
2184 2229 2316 2277 gratiae
2349 2226 2511 2280 physice

1385 2278 1717 2328 instrumentales,
1747 2279 1845 2318 nihil
1874 2281 2027 2318 omnino
2056 2279 2232 2319 laborant
2251 2281 2292 2320 in
2314 2281 2511 2333 explican-

1385 2334 1435 2371 da
1463 2347 1593 2371 eorum
1624 2332 1794 2372 efficacia
1812 2360 1822 2372 .

1441 2386 1535 2433 408.
1565 2387 1677 2425 Haud
1706 2402 1767 2425 me
1796 2386 1913 2436 latet,
1951 2401 2068 2441 quam
2098 2387 2259 2426 difficile
2288 2388 2333 2426 sit
2361 2387 2512 2426 intelle-

1386 2450 1449 2479 ctu
1473 2472 1483 2489 ,
1527 2440 1711 2479 elementa
1741 2441 1954 2493 corporalia
1983 2443 2030 2478 ad
2060 2450 2201 2478 tantam
2246 2443 2424 2479 virtutem
2456 2452 2510 2480 at-

1387 2494 1498 2540 tolli3
1531 2503 1569 2533 ut
1597 2495 1780 2544 gratiam,
1808 2508 1896 2546 quae
1925 2493 2124 2546 spirituale
2141 2494 2281 2531 donum
2313 2503 2392 2541 est,
2422 2508 2510 2532 con-

1386 2550 1529 2586 tineant
1545 2578 1555 2597 ,
1586 2547 1619 2583 8(
1640 2548 1875 2599 producant.
1907 2547 2033 2585 Patres
2052 2556 2202 2592 tamen,
2231 2547 2296 2598 qui
2315 2546 2412 2584 hanc
2434 2547 2510 2585 dif-

1387 2601 1598 2640 ficultatem
1628 2615 1701 2639 non
1733 2603 1977 2653 ignorarunt,
2008 2600 2046 2638 id
2075 2600 2159 2638 Deo
2189 2600 2425 2651 impossibile
2453 2614 2510 2638 es-

1383 2669 1425 2693 se
1454 2655 1628 2692 arbitrati
1657 2668 1731 2693 non
1761 2664 1869 2694 sunt.
1911 2653 2059 2692 Nonne
2087 2652 2347 2702 mirandum,
2388 2655 2512 2705 inquit

1387 2707 1646 2747 Tertullianus
1677 2707 1741 2745 De
1760 2708 1878 2759 Bapt.
1898 2722 1984 2759 cap.
2008 2720 2069 2754 2.,
2098 2708 2261 2745 lavacro
2281 2706 2373 2745 dilui
2403 2720 2508 2744 mor-

1387 2758 1511 2800 tem?
1553 2761 1600 2797 Et
1629 2759 1790 2799 Sanctus
1818 2761 1990 2813 Cyrillus
2021 2760 2129 2799 Alex.
2161 2760 2249 2799 Lib.
2270 2761 2297 2798 l.
2329 2762 2367 2798 in
2397 2761 2509 2799 Joan.

1384 2814 1551 2866 Spiritus
1581 2812 1844 2862 efficacitate,
1874 2815 2020 2867 inquit,
2043 2840 2098 2852 ....
2119 2828 2227 2864 aqua
2248 2813 2303 2851 ad
2332 2813 2508 2852 diuinam

1384 2866 1608 2920 quamdam
1628 2867 1677 2907 <9³
1696 2867 1942 2916 ineffabilem
1972 2871 2048 2906 Vim
2068 2866 2384 2919 transformatur
2400 2894 2410 2905 .
2443 2868 2506 2904 At-

1384 2936 1458 2973 que
1489 2929 1528 2958 ut
1557 2930 1695 2958 ceteros
1725 2923 1895 2960 omittam
1914 2952 1924 2970 ,
1955 2921 1995 2959 S.
2012 2922 2222 2974 Gregorius
2252 2922 2505 2960 Nazianzenus

1383 2977 1423 3013 in
1453 2975 1557 3012 Orat.
1589 2972 1652 3012 De
1683 2974 1914 3026 Bizptismo,
1958 2975 2112 3013 cuidam
2155 2974 2271 3027 hujus
2316 2971 2505 3011 mirabilis

1383 3028 1601 3065 divinorum
1630 3028 1966 3067 Sam-umentorum
1998 3027 2180 3067 efficaciae
2224 3029 2406 3066 rationem
2440 3040 2503 3076 po—

1384 3082 1504 3120 scenti
1532 3082 1585 3118 ita
1615 3083 1833 3134 respondet:
1877 3081 2053 3122 Ostende
2083 3082 2178 3120 milii
2207 3077 2365 3118 modum
2396 3083 2502 3116 nati-

2397 3146 2447 3169 ri-

1386 3218 1476 3248 tam
1504 3213 1579 3247 Lib.
1602 3214 1627 3245 Ι.
1646 3221 1770 3256 (μενεῖ.
1788 3211 1820 3254 4.
1840 3224 1915 3258 cap.
1933 3225 1964 3246 2.
1991 3214 2051 3247 ubi
2078 3209 2342 3244 Thornistarum
2367 3210 2505 3255 opinio-

1379 3272 1466 3294 nem
1491 3260 1677 3304 multiplici
1707 3268 1993 3305 argumentorum
2016 3269 2140 3303 genere
2166 3256 2348 3291 confirmat
2366 3279 2374 3288 .
