2605 3624
746 58 1167 111 CONFIRMATIO
1203 57 1317 101 EST
1352 51 1727 100 SACRAMENT
1738 56 1824 101 ΠΜ
1842 85 1853 98 .

150 145 243 187 cles.
273 145 408 198 docet,
435 146 532 186 sicut
559 155 696 194 corpus
713 171 723 189 ‚
753 141 787 178 8<
816 139 968 191 sanguis
995 137 1136 177 Christi
1165 150 1257 176 non-

150 203 225 240 nisi
257 212 372 241 unum
399 207 484 238 sunt
509 198 803 237 Sacramentum
821 223 832 242 ,
881 195 931 231 ita
959 192 1073 230 etiam
1103 193 1256 230 nonnisi

151 268 272 293 unum
299 267 378 292 esse
396 253 685 292 Sacramentum
700 247 891 300 baptisma
908 277 918 295 ,
949 245 983 283 &
1014 247 1255 284 unctionem:

149 307 249 346 Sunt
266 315 428 354 autem,
459 304 610 357 inquit,
639 302 915 340 Sacramenta
931 298 1177 350 baptismus,
1206 299 1256 339 Εἰ)

149 356 352 408 chrisma,
393 370 558 409 corpus,
587 356 636 398 <9⁶
666 358 831 408 sanguis
864 353 1031 392 Christi.
1070 353 1257 391 Przcteres.

149 411 217 451 De
244 415 333 451 viris
359 404 498 450 illustr.
529 418 687 458 narrat,
717 408 924 462 quemdam
956 407 1182 458 Eutropium
1201 407 1256 444 vi-

148 478 235 505 rum
264 465 454 504 eruditum
484 464 724 517 postulasses.
745 463 947 501 Liciniano
964 460 1153 512 Episcopo
1165 460 1257 498 Car-

145 517 381 572 thaginensi,
424 531 549 571 quare
578 516 786 568 baptizatis
816 513 1034 567 infantibus
1063 513 1258 551 chrisma-

145 576 195 611 tis
229 574 405 611 inunctio
432 569 665 611 tribuatur?
713 570 797 609 Non
827 578 906 608 erat
935 581 1023 620 ergo
1052 576 1140 606 tunc
1171 568 1257 605 uni-

145 625 344 665 versaliter
373 635 503 665 notum
521 656 531 674 ,
560 624 900 664 Confirmatiouein
929 636 1006 660 esse
1036 634 1169 661 verum
1190 621 1258 660 Sa·

144 689 385 719 crainentum
415 696 439 719 a
465 680 658 732 baptismo
685 678 908 717 diversum.

196 732 264 772 60.
297 732 409 786 Resp.
439 734 485 772 ad
514 736 717 785 primum,
746 731 838 784 ipsis
867 728 1027 781 objectis
1055 728 1096 767 S.
1128 727 1260 767 Isidori

145 786 275 825 verbis
316 795 444 840 aperte
472 787 653 838 distingui
694 785 932 838 baptismum
972 797 995 820 a
1023 780 1228 820 chrismate
1249 812 1260 830 ,

145 849 348 893 tamquam
376 842 452 879 duo
479 840 750 884 Sacrainenta;
817 837 966 874 uamvis
995 848 1069 873 non
1099 836 1187 873 inde
1216 837 1263 874 sit

146 906 400 947 consequens,
443 894 556 932 etiam
585 905 750 944 corpus,
855 890 1089 941 Sanguinem
1118 888 1260 927 Christi

149 947 226 985 duo
245 961 322 985 esse
335 948 511 986 distincta
525 946 769 984 Sacramenta
786 974 796 992 ,
825 942 927 995 quod
944 955 1058 980 nemo
1089 955 1262 993 unquam

147 1001 380 1038 somniavit.
409 999 484 1038 Sed
513 1012 628 1036 omne
647 997 811 1036 dubium
842 995 1007 1043 tollunt,
1037 1009 1126 1047 quoe
1160 995 1261 1033 idem

145 1053 311 1091 Isidorus
340 1052 485 1091 ibidem
507 1051 661 1097 subdit,
691 1051 924 1101 distinguens
940 1049 1034 1085 duos
1065 1049 1262 1101 utriusque

144 1104 383 1144 Sacramenti
411 1105 591 1144 effectus:
621 1102 737 1142 Nam
765 1107 865 1142 sicut
893 1106 933 1139 in
963 1100 1160 1152 baptismo
1173 1115 1262 1152 pec-

145 1167 329 1198 catorum
357 1162 540 1198 remissio
559 1157 678 1197 datur
695 1186 704 1203 ‚
734 1161 792 1199 ita
820 1170 890 1210 per
909 1159 1138 1194 unctionem
1166 1168 1263 1193 san-

144 1211 338 1266 ctificatio
367 1212 534 1264 Spiritus
562 1211 794 1250 adhibetur.

198 1265 266 1305 6⁴1.
297 1265 474 1306 Alterum
494 1281 599 1305 mere
627 1265 898 1305 divinatorium
921 1272 1000 1302 est.
1029 1263 1127 1302 Cum
1158 1264 1262 1302 enim

145 1318 305 1371 epistola
335 1319 404 1359 illa
433 1320 609 1373 Eutropii
627 1320 823 1372 deperdita
851 1320 923 1367 sit,
953 1317 1051 1357 nihil
1081 1318 1175 1356 certi
1204 1318 1262 1355 af-

146 1372 325 1422 firmari,
355 1383 419 1412 aut
447 1375 578 1427 negari
609 1382 754 1426 potest.
783 1372 858 1411 Sed
887 1373 918 1410 si
948 1371 1178 1422 conjecturis
1207 1371 1264 1409 in-

144 1425 377 1478 dulgendum
394 1429 465 1477 sit,
491 1441 688 1481 possumus
704 1427 907 1480 prudenter
923 1426 1133 1478 suspicari,
1155 1439 1265 1477 qua:-

141 1480 303 1518 stionem
332 1480 512 1533 Eutropii
541 1482 581 1519 in
612 1494 654 1518 eo
684 1482 822 1528 fuisse,
867 1493 936 1518 cur
965 1479 1177 1517 infantibus
1206 1492 1265 1516 ra-

141 1532 256 1571 tionis
286 1547 354 1572 usu
384 1534 604 1573 carentibus
631 1534 943 1572 Confirinatioiiis
971 1533 1265 1570 Sacramentum

143 1586 408 1626 conferretur?
444 1589 543 1627 Cum
573 1590 676 1626 enim
706 1588 782 1639 ipsi
811 1587 961 1624 defectu
992 1587 1111 1623 aetatis
1142 1585 1264 1635 inepti

140 1640 218 1678 aiut
247 1641 295 1679 ad
322 1640 440 1679 fidem
468 1641 627 1678 interius
655 1640 898 1678 nutriendam
917 1669 927 1687 ‚
957 1647 1070 1690 atque
1100 1639 1264 1676 exterius

143 1700 293 1729 strenue
323 1692 575 1745 profitendam
600 1723 611 1740 ,
653 1706 977 1745 supervacaneum
1009 1691 1129 1729 videri
1160 1700 1263 1742 pote-

144 1752 231 1793 rat,
261 1744 340 1783 illis
367 1747 408 1784 in
439 1761 482 1784 ea
511 1754 622 1783 aetate
652 1745 723 1784 hoc
744 1745 1037 1783 Sacramentum
1065 1744 1263 1782 conferre.

144 1796 246 1845 Quae
275 1797 489 1838 observatio
518 1799 673 1837 sortasse
703 1798 890 1836 Ecclesiae
939 1798 1068 1837 latinae
1099 1797 1265 1835 Pastores

142 1853 380 1900 commovit,
425 1862 462 1891 ut
491 1854 643 1892 nonnisi
673 1851 818 1890 adultos
849 1851 918 1890 hoc
954 1851 1112 1890 salutari
1142 1863 1264 1888 reme-

142 1902 208 1941 dio
235 1907 545 1944 communirent.

197 1955 263 1995 62.
294 1957 370 1996 Ob.
398 1968 597 2009 postremo
616 1958 700 1998 loco
720 1959 931 1998 Calvinista
946 1956 1144 1996 Dallaeus.
1173 1956 1259 1996 Non

144 2019 286 2067 constat
313 2012 416 2063 apud
446 2013 546 2065 ipsos
575 2011 793 2050 Pontificios
823 2012 1030 2059 Doctores,
1074 2024 1257 2063 quaenam

141 2063 187 2101 sit
216 2062 332 2116 hujus
359 2063 598 2104 Sacramenti
636 2067 826 2113 materia,
871 2078 1055 2118 quaenam
1099 2064 1224 2102 forma
1245 2095 1257 2114 ,

141 2125 207 2154 aut
234 2119 321 2169 quis
350 2117 555 2158 minister?
583 2119 644 2156 De
674 2118 732 2157 his
761 2119 865 2157 enini
895 2119 1078 2157 omnibus
1107 2117 1258 2169 jamdiu

142 2167 320 2220 litigant,
348 2183 419 2210 nec
449 2171 529 2210 ulla
557 2181 714 2224 apparet
743 2171 883 2210 harum
914 2173 1257 2210 controversiarum

141 2220 400 2262 finiendarum
430 2238 540 2277 spes.
587 2225 630 2264 Si
659 2234 786 2263 autem
828 2224 1071 2264 confirmatio
1113 2234 1259 2263 certum

142 2284 236 2313 esset
264 2289 376 2315 novae
406 2276 499 2330 legis
527 2278 850 2326 Sacramentum,
899 2287 1000 2317 certa
1038 2278 1152 2316 etiam
1182 2292 1259 2318 esse

139 2327 294 2388 deberet
323 2329 430 2369 illins
459 2334 648 2381 materia,
679 2341 782 2371 certa
802 2333 926 2370 fornia
945 2362 955 2381 ,
986 2332 1019 2368 ἀ
1051 2341 1172 2370 certus
1189 2333 1261 2370 mi-

137 2389 283 2420 nister.
321 2382 510 2424 Praeterea
538 2385 610 2425 hoc
639 2386 932 2424 Sacramentum
963 2399 1116 2438 prorsus
1147 2385 1259 2424 inuti-

138 2432 202 2482 le,
232 2435 265 2472 &
286 2450 612 2491 supervacaneum
643 2449 719 2478 est.
750 2440 829 2487 Qui
860 2441 962 2478 enim
986 2438 1045 2477 illi
1075 2439 1259 2477 tribuitur

142 2488 400 2547 confirmandi
420 2522 431 2541 ,
479 2492 512 2530 ἃ
543 2493 816 2532 corroborandi
859 2492 1032 2531 homines
1071 2492 1224 2531 effectus
1247 2523 1257 2542 ,

145 2538 214 2578 lios
244 2556 322 2602 iam
350 2544 562 2597 baptismus
604 2548 804 2598 praestitit,
854 2548 894 2585 iii
924 2560 1026 2599 que,
1078 2556 1115 2584 ut
1143 2560 1259 2598 supra

145 2591 347 2653 docuimus
365 2597 464 2636 Diss.
483 2599 548 2638 111.
565 2613 602 2638 n.
623 2600 716 2639 553.
734 2630 744 2648 ‚
775 2600 941 2652 Spiritus
971 2601 1086 2638 sancti
1117 2601 1234 2651 gratia
1253 2633 1264 2651 ‚

142 2643 178 2680 ἃ
195 2655 348 2708 Virtutes
369 2650 625 2690 intunduntur
641 2679 651 2691 .
683 2654 775 2692 Item
794 2667 861 2704 per
875 2653 1167 2692 Sacramentum
1186 2654 1263 2691 Eu-

141 2696 333 2760 cliaristiae
355 2705 473 2754 gratia
490 2719 562 2743 non
578 2705 701 2745 solum
717 2707 988 2755 confirmatur,
1018 2707 1052 2743 8(
1069 2716 1229 2759 augetur
1250 2740 1261 2758 ‚

141 2751 205 2811 sed
235 2761 348 2792 etiam
378 2769 442 2793 cor
471 2757 664 2807 hominis,
698 2769 898 2812 tamquam
929 2774 1000 2813 per
1029 2761 1160 2799 cibum
1182 2765 1259 2814 spi-

142 2804 321 2866 ritualem
350 2808 615 2848 corroboratur
635 2839 645 2850 .
674 2813 786 2851 Unde
813 2813 856 2852 S.
887 2815 1106 2867 Cyprianus
1136 2814 1260 2867 Epist.

141 2857 246 2896 LIV.
277 2860 495 2911 inquiebat:
523 2861 619 2901 Non
648 2865 926 2915 morientibus,
955 2867 1026 2906 sed
1054 2867 1261 2907 virentibus

139 2916 452 2951 communicatio
483 2928 510 2952 a
538 2916 648 2954 nobis
676 2918 815 2956 (landa
844 2929 931 2957 est:
961 2929 1001 2957 ut
1023 2934 1117 2972 quos
1147 2927 1256 2960 exci-

132 2971 302 3013 tamus,
332 2967 381 3007 (9·
411 2966 617 3006 hortamur
632 2970 686 3007 acl
713 2973 919 3021 proelium,
949 2987 1030 3010 non
1060 2979 1257 3025 inermes,

136 3017 191 3057 ’Θ
221 3018 344 3057 nudos
365 3021 636 3071 relinquamus
654 3053 664 3071 ,
695 3023 764 3061 sed
793 3030 1032 3075 protectione
1053 3026 1256 3078 Corporis,

142 3069 192 3110 <9
223 3071 441 3124 Sanguinis
475 3074 615 3113 Christi
646 3080 904 3116 muniamus.
940 3079 1013 3117 Cui
1043 3093 1131 3131 ergo
1159 3081 1257 3120 bono

147 3120 223 3185 linc·
246 3139 390 3166 novum
422 3129 712 3167 Sacramentum
742 3144 764 3167 a
793 3130 1011 3181 baptismo,
1041 3131 1075 3167 ἆ
1105 3133 1257 3174 Eucha-

143 3186 250 3215 ristia
275 3180 496 3220 distinctum
526 3180 696 3221 Christus
725 3185 921 3221 instituere
951 3183 1094 3222 votuit?

200 3228 264 3269 63.
294 3232 404 3287 Resp.
435 3237 482 3273 ad
511 3241 686 3287 primum
704 3268 715 3286 ,
763 3245 882 3274 totuin
914 3237 978 3284 id,
1027 3238 1129 3289 quod
1159 3240 1255 3278 scitii

151 3281 331 3326 fidelibus
357 3291 614 3332 necessarium
645 3300 697 3333 est
725 3291 772 3333 de
800 3291 989 3343 materia,
1037 3291 1160 3333 forma
1182 3321 1192 3343 ,
1223 3293 1257 3332 ἃ

2305 58 2388 98 213

1326 136 1502 174 ministro
1529 135 1840 173 confirmationis
1858 165 1868 184 ,
1898 146 1973 172 esse
2003 131 2114 186 plane
2143 140 2312 181 certum,
2344 142 2443 171 utex

1327 201 1416 227 mox
1444 188 1616 227 dicendis
1645 187 1855 226 constabit.
1884 188 2025 225 Omnes
2054 190 2157 226 enim
2189 197 2265 226 tam
2286 187 2443 234 Graeci,

1328 256 1447 295 quam
1477 243 1633 290 Latini,
1682 241 1715 277 St
1744 242 1813 292 qui
1857 242 1894 279 in
1922 240 2089 279 diversas
2118 243 2257 280 abeunt
2297 249 2445 279 senten-

1325 297 1422 343 tias,
1453 309 1639 334 manuum
1671 294 1937 346 impositione,
1969 292 2003 328 ἃ
2023 294 2137 331 simul
2168 295 2371 332 chrismate
2403 294 2441 330 in

1324 349 1586 388 confirmando
1617 356 1800 386 utuntur:
1846 347 1945 386 unde
1976 355 2163 398 quantuni
2193 348 2239 384 ad
2271 347 2445 386 esst-ntia-

1327 402 1380 441 lia
1410 402 1523 454 liujus
1553 402 1790 440 Sacramenti
1824 402 1922 438 mira
1952 409 2003 437 est
2051 401 2088 437 in
2121 408 2278 450 utraque
2312 399 2444 439 Eccle-

1326 457 1404 504 sia,
1434 456 1468 492 &
1498 456 1601 508 apud
1630 469 1760 493 omnes
1781 453 2008 500 concordia,
2041 461 2078 490 ut
2110 452 2270 504 proinde
2299 463 2446 491 contio-

1325 509 1460 550 versiae
1479 539 1490 558 ,
1519 523 1609 562 quae
1639 516 1867 560 supersunt,
1896 508 1970 545 sint
2001 514 2149 544 tantuin
2178 504 2448 557 speculativas,

1326 577 1399 602 non
1430 565 1611 615 practicae
1630 589 1640 601 .
1679 561 1725 600 Et
1753 563 1784 600 si
1813 560 1885 598 hoc
1914 559 2149 599 Novatorum
2177 568 2447 610 argumentum

1327 617 1498 665 valeret,
1530 630 1653 669 neque
1688 615 1790 667 apud
1822 616 1918 667 ipsos
1950 613 2100 651 nullum
2131 621 2338 664 superesset
2370 626 2450 650 cer-

1328 680 1438 719 tum,
1469 670 1502 707 &
1533 670 1661 708 fixum·
1687 668 1880 720 religionis
1899 666 1948 705 do
1978 679 2057 705 nia:
2088 665 2242 704 nulluiu
2274 673 2326 703 est
2341 666 2448 704 enini

1331 724 1426 763 adeo
1453 723 1644 777 capitale,
1674 724 1713 761 in
1741 735 1818 775 quo
1849 719 1956 759 'I'heo
1973 722 2033 773 ogi
2064 720 2137 772 ipsi
2170 719 2450 771 pseudo-refor-

1330 779 1424 817 mati
1453 778 1610 817 omnino
1626 775 1880 824 conveniant,
1910 774 2036 813 &non
2067 774 2232 812 invicem
2263 772 2451 811 altercen-

1330 841 1419 882 tur,
1467 834 1526 872 sin
1557 834 1682 872 minus
1710 838 1896 884 quantum
1926 828 1972 867 ad
2002 827 2253 867 substantiam
2275 857 2284 875 ‚
2314 826 2448 865 saltem

1329 895 1514 939 quantum
1544 887 1594 926 ad
1621 886 1755 940 aliqua
1769 883 1981 936 adjuncta.
2011 881 2122 930 Quod
2155 880 2339 933 pertacile
2361 890 2452 917 esset

1331 940 1541 979 innumeris
1562 940 1748 1000 exemplis
1777 947 1854 977 tarn
1875 950 1920 976 ex
1950 944 2103 985 nostra,
2133 943 2251 988 quum
2280 947 2326 973 ex
2356 936 2455 988 ipso-

1330 1006 1419 1032 rum
1453 994 1644 1047 theologia
1675 993 1863 1032 illustrare
1882 1018 1892 1030 .

1386 1048 1452 1094 64.
1483 1048 1615 1086 Altera
1643 1047 1789 1086 Dallaei
1832 1045 2000 1097 objectio
2043 1053 2162 1097 posset
2215 1045 2327 1084 unico
2357 1042 2450 1082 ssatti

1330 1100 1536 1153 dissipari,
1566 1101 1756 1147 dicendo,
1786 1101 1947 1137 mininie
1968 1107 2099 1136 nutare
2129 1099 2302 1136 divinam
2334 1097 2452 1148 hujus

1330 1154 1570 1192 Sacramenti
1599 1153 1874 1192 institutionem
1893 1181 1903 1200 ,
1951 1165 2039 1203 quae
2070 1151 2303 1189 firmissimis
2338 1164 2457 1188 sacra:

1331 1207 1543 1260 Scripturae
1562 1236 1573 1256 ,
1602 1207 1636 1244 ἃ
1667 1205 1934 1245 ecclesiastica:
1956 1205 2169 1242 traditionis
2198 1203 2454 1241 fundamentis

1332 1261 1537 1310 innititur,
1568 1261 1715 1299 etiamsi
1746 1272 1818 1297 non
1838 1267 1970 1312 aperte
1997 1261 2182 1298 constaret
2213 1255 2328 1307 liujus
2357 1255 2458 1294 divi-

1331 1327 1393 1354 nae
1424 1315 1664 1354 institutionis
1693 1314 1802 1352 finis.
1832 1313 1934 1361 Quot
1963 1312 2067 1350 enini
2085 1341 2095 1359 ,
2126 1311 2318 1362 &quanta
2348 1319 2456 1357 sunt,

1332 1369 1379 1407 de
1407 1382 1572 1422 quorum
1603 1368 1799 1406 existentia
1827 1365 1929 1404 nulli
1960 1366 2048 1404 licet
2078 1364 2258 1402 dubitare
2277 1394 2287 1411 ,
2317 1377 2455 1415 quani-

1336 1425 1391 1462 vIs
1434 1421 1610 1460 altissimi
1652 1421 1795 1459 divinae
1836 1419 2086 1472 providentias
2132 1417 2228 1455 fines
2271 1417 2455 1467 impcrvii

1335 1475 1437 1515 sint?
1465 1476 1538 1514 Sed
1555 1475 1660 1512 Deus
1682 1473 2033 1524 providentissimus
2063 1470 2163 1508 hunc
2193 1471 2307 1508 etiam
2338 1468 2456 1507 sineni

1334 1529 1444 1567 nobis
1473 1536 1603 1581 aperte
1632 1527 1889 1564 manifestavit
1921 1526 1957 1562 in
1988 1523 2057 1562 illa
2099 1524 2266 1562 oratione
2299 1523 2456 1574 Aposto-

1332 1582 1488 1630 lorum,
1531 1595 1619 1634 quae
1651 1580 1788 1631 legitur
1820 1579 1904 1618 Aci.
1926 1577 1995 1616 IV.
2028 1590 2092 1629 ¹20.
2123 1591 2200 1629 seq.
2247 1575 2453 1625 Domine,

1333 1640 1484 1684 respice
1513 1638 1554 1672 in
1585 1637 1722 1672 minas
1752 1638 1912 1680 eorum,
1941 1630 2086 1670 scilicet
2116 1631 2363 1669 inimicorum
2397 1643 2456 1669 re-

1332 1688 1487 1741 ligionis
1516 1687 1684 1734 Christi,
1727 1687 1777 1728 (9¹
1807 1686 1861 1724 cla
1889 1689 2010 1724 servis
2039 1687 2115 1722 tuis
2145 1696 2237 1722 cum
2265 1683 2455 1737 omnifi-

1332 1741 1450 1780 clucia
1479 1742 1582 1791 loqui
1611 1739 1769 1781 rerbum
1798 1749 1910 1777 tuum
2017 1736 2074 1775 Ec
2102 1750 2195 1775 cum
2236 1747 2420 1775 orassent
2444 1768 2456 1785 ,

1334 1805 1464 1834 motus
1492 1805 1551 1832 est
1580 1795 1716 1842 locus,
1766 1797 1806 1831 in
1836 1805 1911 1844 quo
1940 1799 2087 1839 erant,
2117 1791 2167 1831 <9⁶
2197 1792 2334 1841 repleti
2362 1801 2456 1829 sunt

1331 1863 1473 1887 omnes
1489 1848 1634 1898 Spiritu
1649 1855 1792 1886 sancto
1809 1877 1819 1894 ,
1847 1844 2172 1897 &loquebantur
2200 1843 2357 1882 verbum
2379 1843 2459 1882 Dei

1331 1915 1428 1940 cum
1447 1902 1638 1955 fiducia.
1682 1901 1743 1939 lbi
1773 1909 1999 1938 renovatum
2030 1908 2080 1936 est
2110 1897 2347 1937 miraculum
2377 1900 2457 1950 pri-

1331 1970 1410 1995 mae
1443 1955 1548 1995 illius
1569 1954 1872 1994 confirmationis
1889 1984 1899 2002 ,
1929 1967 2046 2005 quain
2064 1962 2290 2004 receperunt
2322 1954 2361 1996 in
2377 1965 2456 1990 cue-

1327 2010 1490 2058 naculo,
1538 2009 1572 2046 8<
1601 2009 1841 2061 apertissime
1869 2006 1985 2045 nobis
2015 2007 2295 2045 demonstratus
2325 2015 2376 2043 esi
2410 2006 2454 2042 si-

1326 2064 1386 2103 nis
1416 2063 1662 2102 institutionis
1691 2061 1810 2114 liujus
1835 2061 2100 2108 sacramenti,
2130 2060 2275 2099 scilicet
2305 2062 2351 2097 ad
2369 2073 2455 2097 con-

1325 2117 1533 2156 firmandos
1545 2147 1555 2164 ,
1586 2116 1619 2153 St
1637 2114 1867 2154 roborandos
1883 2113 2017 2153 fideles
2032 2115 2071 2152 in
2086 2114 2321 2152 confessione
2337 2113 2426 2150 fidei
2443 2140 2454 2150 .

1388 2171 1454 2210 65.
1485 2169 1629 2209 Merito
1676 2171 1807 2220 itaque
1837 2167 2041 2220 Angelicus
2085 2167 2123 2206 3.
2148 2166 2189 2205 Ρ.
2232 2175 2364 2219 quaest.
2390 2181 2453 2216 γε.

1329 2233 1400 2264 art.
1428 2238 1461 2262 i.
1492 2234 1691 2276 postquam
1719 2223 1978 2269 observasset,
2027 2220 2304 2257 Sacramenta
2341 2232 2455 2256 nosce.-

1330 2278 1427 2331 legis
1457 2277 1639 2315 ordinari
1669 2275 1724 2313 acl
1752 2275 1946 2326 speciales
1973 2278 2122 2325 gratioe
2152 2271 2343 2321 effectus,
2387 2273 2453 2310 do-

1329 2340 1388 2370 cet
1406 2362 1417 2376 ,
1447 2330 1547 2369 hunc
1568 2329 1773 2381 specialem
1804 2329 1935 2381 gratiae
1966 2327 2144 2364 effectum
2169 2329 2207 2364 iii
2224 2326 2452 2364 Sacramen-

1328 2394 1365 2423 to
1392 2384 1703 2423 Confirmationis
1734 2396 1810 2420 esse
1839 2379 2064 2431 qitctmclam
2094 2380 2320 2432 perjectam
2351 2390 2454 2417 αππι-

1327 2448 1411 2476 tem
1441 2437 1658 2487 spiritualis
1686 2440 1775 2473 ritae
1794 2462 1804 2474 .
1857 2434 1947 2473 Vid.
1977 2448 2063 2488 sup.
2094 2448 2131 2472 n.
2153 2434 2194 2472 6.
2237 2432 2285 2472 Et
2316 2445 2452 2486 quaest.

1330 2504 1394 2543 79.
1425 2501 1494 2529 ait.
1523 2505 1554 2529 i.
1585 2504 1672 2528 cuin
1703 2490 1777 2528 sibi
1809 2487 2014 2540 objecisset
2058 2488 2156 2526 hanc
2188 2490 2312 2540 ipsam
2352 2487 2455 2527 diffi-

1327 2544 1508 2583 cultatem
1541 2543 1738 2595 respondet
1767 2543 1814 2581 ad
1851 2556 1912 2590 i.,
1954 2555 2023 2595 pei·
2050 2541 2343 2580 Sacramentum
2375 2542 2455 2581 Eu—

1333 2598 1525 2637 charistiae
1570 2599 1734 2649 gratiam
1777 2598 1936 2649 augeri,
1986 2595 2019 2631 &
2051 2597 2169 2633 vitam
2213 2595 2456 2647 spiritualem

1334 2652 1469 2704 persici
1488 2683 1498 2700 ,
1529 2651 1647 2689 aliter
1675 2660 1844 2697 tamen,
1883 2662 2007 2701 quam
2036 2661 2106 2699 per
2136 2648 2455 2689 Sacramentum

1333 2706 1686 2759 confirmationis,
1734 2707 1775 2741 in
1812 2717 1887 2754 quo
1916 2711 2111 2755 augetur,
2158 2706 2208 2746 (9⁶
2251 2705 2455 2759 perficitis

1330 2763 1469 2812 gratia
1498 2759 1554 2797 acl
1583 2757 1873 2810 persistendum
1906 2766 2052 2796 contra
2081 2762 2301 2798 exteriores
2330 2764 2457 2810 [mpii-

1329 2817 1543 2866 gnatt‘ones
1573 2817 1827 2851 inimicorum
1860 2810 2030 2851 Christi.
2092 2813 2169 2851 Per
2199 2813 2271 2851 hoc
2314 2823 2454 2851 autem

1330 2866 1649 2905 Sacramentum
1681 2869 1695 2915 (
1726 2864 1983 2905 Eucharistioe
2016 2869 2031 2917 )
2070 2876 2242 2920 augetur
2285 2871 2421 2919 gratia-
2446 2897 2455 2914 ,

1330 2921 1381 2962 ό)
1408 2922 1612 2975 perficitur
1640 2919 1858 2971 spiritualis
1879 2921 1959 2959 vita
1989 2921 2045 2959 ad
2074 2920 2144 2960 hoc
2162 2951 2173 2970 ,
2203 2921 2305 2973 quoti
2332 2921 2449 2958 homo

1327 2978 1367 3012 in
1397 2980 1525 3027 seipso
1554 2973 1754 3026 perfectus
1784 2979 1935 3014 existat
1962 2988 2032 3026 per
2048 2977 2369 3019 coniunctionem
2400 2973 2455 3011 ast

1327 3027 1490 3069 Deum.
1542 3030 1598 3067 Ac
1635 3029 1794 3068 denium
1834 3032 1873 3068 in
1904 3028 1974 3067 1V.
2006 3023 2213 3068 Dist.'V11.
2258 3028 2452 3079 explicans

1326 3089 1470 3122 textum
1501 3082 1708 3135 Magistri,
1738 3096 1807 3135 per
1837 3082 2146 3121 Eucharistiam
2167 3113 2178 3130 ,
2209 3084 2332 3133 inquit
2351 3111 2361 3128 ,
2390 3094 2450 3117 ro-

1328 3132 1489 3174 boratur
1518 3136 1727 3185 charitas,
1763 3150 1832 3187 per
1862 3135 1934 3174 lioc
1963 3146 2103 3175 autem
2134 3136 2447 3174 Sacramentum

1328 3191 1342 3235 (
1373 3190 1685 3230 Confirmatiffliis
1716 3190 1919 3243 )fides...
1968 3189 2040 3228 Vei
2068 3188 2302 3235 (ficientium,
2346 3185 2445 3234 qm!

1325 3239 1587 3282 Eucharistia
1602 3244 1756 3297 perficit
1774 3275 1784 3293 ,
1805 3244 2021 3285 &roborat
2037 3243 2092 3280 ati
2107 3242 2295 3279 standum
2313 3245 2348 3275 ,n
2367 3255 2442 3272 scm

1325 3306 1394 3346 pso
1408 3309 1478 3349 per
1494 3297 1658 3338 modum
1676 3296 1770 3349 cibi,
1800 3297 1870 3339 secl
1889 3296 2154 3349 Confirmat-io
2172 3294 2225 3333 ,τιέ
2237 3303 2413 3343 pugnarn
2425 3320 2436 3337 ,

2263 3355 2384 3395 quemi.
