2605 3624
727 90 1179 135 MATRIMONIUM
1213 91 1325 134 EST
1360 91 1859 136 SACRAMENTUM.

134 185 278 213 xorem
307 188 392 228 cap.
423 171 492 212 ult.
525 169 665 220 Unde,
712 171 864 222 inquit,
911 169 1158 217 sufficiamus
1193 169 1248 206 ad

132 227 415 265 enarrandam
436 225 679 276 felicitatem
721 226 995 270 matrimonii,
1037 221 1138 272 quoti
1168 221 1248 258 Ec-

130 280 255 318 clesia
284 279 498 325 conciliat,
539 277 588 316 <tr
616 274 835 328 confirmat
862 275 1034 322 oblatio,
1070 275 1119 315 ὡ
1149 273 1248 311 obst·-

161 342 232 370 nat
249 330 490 378 benedictio,
520 329 661 381 Angeli
678 333 916 367 renunciant
935 358 945 376 ,
975 327 1097 365 Pater
1111 336 1248 364 ratum

157 383 284 422 abet?
329 383 430 430 Quae
460 382 577 422 verba
605 396 694 421 cum
738 381 981 433 significent,
1029 382 1178 432 nuptias
1210 382 1250 419 in

127 435 291 475 solemni
338 435 529 474 oblatione
559 435 736 474 sacrificii
785 450 807 473 a
835 434 1034 473 Sacerdote
1077 433 1252 471 benedici

128 489 362 528 consuevisse
379 519 389 538 ‚
419 489 521 526 haud
549 489 709 527 obscure
727 488 953 534 ostendunt,
984 502 1044 524 ens
1064 500 1133 538 pro
1161 500 1251 524 vero

128 541 373 580 sacramento
414 542 530 580 fuisse
559 541 733 589 habitus,
782 550 821 579 ut
864 541 961 578 bene
992 539 1175 591 rugatum
1203 541 1249 578 ad

126 594 232 633 bunc
261 594 389 633 locum
404 595 605 634 observat.
634 595 877 633 Innocentius
899 594 927 631 l.
959 592 1080 644 Epist.
1104 592 1172 630 lX.
1202 593 1249 630 ad

128 646 298 687 Probum
326 649 373 687 de
402 648 555 701 bigamo
583 650 635 687 ita
664 648 821 686 scribit:
854 677 881 695 ,2
908 645 1146 692 Statuimus,
1177 645 1251 683 fide

130 730 158 750 „
189 701 376 740 catholica
417 701 676 754 suffragante,
726 700 822 738 illud
871 713 948 748 esse
989 697 1248 750 conjugium,

129 783 157 803 2,
187 755 290 807 quod
318 755 497 807 primitus
517 763 595 792 erat
622 754 753 792 diviua
774 754 890 805 gratia
910 752 1133 798 fundatum,
1162 764 1253 790 con-

126 836 154 857 „
184 817 419 861 ventumque
447 808 623 846 secundae
646 807 846 854 mulieris,
877 806 1000 856 priore
1029 806 1249 855 superstite,

127 889 156 909 2,
185 859 294 899 nullo
336 871 446 913 pacto
493 875 600 913 posse
629 874 705 899 esse
735 859 950 911 legitimum
970 884 979 896 .
1037 857 1058 872 ''
1088 857 1249 895 Sanctus

123 913 364 965 Augustinus
393 913 457 952 De
499 917 643 964 nuptiis
665 944 675 961 ‚
722 913 772 953 Εἰ)
813 914 1134 960 concupiscentur,
1163 924 1247 962 cap.

130 979 192 1017 ¹7·
221 965 272 1004 In
299 971 471 1016 nuptiis,
513 968 593 1015 ait,
641 965 745 1004 bona
775 966 970 1015 nuptialia
1001 963 1217 1016 diligantur
1238 993 1248 1012 ‚

124 1020 255 1070 proles
269 1019 425 1072 ,fitles,
446 1019 759 1058 Sacramentum
780 1046 789 1057 .
824 1019 866 1056 Et
887 1032 1013 1055 rursus
1032 1048 1041 1062 ,
1073 1018 1119 1054 ln
1141 1016 1249 1054 Chri-

124 1076 351 1111 stianorum
373 1076 519 1124 nuptiis
547 1073 632 1124 plus
663 1072 762 1110 valet
785 1075 980 1111 sanctitas
1002 1070 1247 1108 Sacramen-

122 1127 182 1174 τί,
210 1139 334 1177 quam
351 1125 606 1177 soeeunditas
633 1129 760 1163 uteri.
820 1125 873 1162 Ac
910 1125 1074 1176 denique
1102 1123 1143 1160 S.
1174 1124 1250 1160 Leo

122 1176 227 1230 Papa
268 1181 377 1231 epist.
404 1178 491 1231 167.
521 1179 573 1218 al.
602 1191 668 1231 92.
706 1178 753 1216 ad
803 1177 997 1215 Rusticum
1042 1177 1186 1228 inquis.
1209 1176 1247 1221 4.

124 1229 211 1270 haec
242 1230 380 1271 habet:
419 1231 518 1270 Cum
548 1237 719 1270 societas
747 1235 978 1281 nuptiarum
1008 1234 1064 1267 ita
1095 1229 1144 1266 ab
1174 1233 1246 1266 ini-

122 1287 179 1322 tio
208 1287 223 1336 (
254 1299 392 1337 nempe
420 1285 612 1337 religionis
641 1285 656 1334 )
685 1288 900 1323 constituta
931 1287 1004 1330 sit,
1034 1292 1076 1319 ut
1102 1291 1248 1332 prceter

122 1349 294 1376 sexuum
323 1340 647 1391 conjunctionem
676 1337 838 1376 liaberet
869 1341 909 1374 in
940 1350 981 1374 se
1001 1335 1166 1383 C'ersti,
1195 1337 1245 1375 Θ·

122 1389 325 1430 Ecclesiae
354 1391 694 1439 Sacramentum,
737 1389 895 1428 «labium
925 1403 1005 1426 non
1034 1398 1092 1426 est
1111 1419 1122 1437 ,
1152 1402 1248 1426 eam

123 1445 333 1483 mulierem
376 1458 458 1483 non
499 1450 696 1495 pertinere
743 1444 797 1481 aa
827 1446 1157 1489 matrimonium,
1206 1446 1247 1478 in

122 1509 204 1549 qua
224 1496 384 1536 docetur
399 1529 410 1547 ‚
440 1499 618 1550 nuptiale
632 1511 712 1535 non
729 1496 866 1548 fuisse
897 1499 1136 1547 mysterium
1154 1495 1216 1547 (a)
1237 1521 1247 1533 .

184 1564 246 1588 12.
276 1550 392 1589 Porro
420 1552 451 1588 si
480 1553 566 1603 quis
594 1550 744 1589 subtilis
774 1549 1011 1601 vitilitigator
1040 1548 1164 1596 velit,
1208 1550 1247 1586 in

119 1599 209 1651 his,
251 1601 285 1639 Se
313 1603 505 1642 similibus
537 1612 706 1643 veterum
737 1604 956 1640 testimoniis
986 1601 1157 1654 aliquam
1189 1603 1245 1640 in-

117 1656 243 1695 veniri
271 1656 568 1704 obscuritatem,
599 1657 682 1694 haec
712 1658 868 1693 omnino
898 1653 1042 1692 tollitur
1073 1669 1140 1706 per
1170 1654 1246 1693 Ec->

117 1708 246 1746 elesiae
278 1711 462 1748 universae
492 1710 732 1747 traditionem
752 1735 762 1746 .
807 1708 857 1746 Ut
886 1709 986 1746 enim
1018 1709 1055 1745 in
1091 1708 1247 1745 Dissert-

119 1762 150 1799 I.
182 1775 290 1799 num.
315 1775 405 1800 22¹.
435 1776 513 1814 seq.
556 1761 784 1800 authenticis
828 1762 1083 1798 monumentis
1117 1761 1249 1798 Eccle-

117 1815 187 1852 οἰῶ
217 1814 396 1863 Graecae,
441 1814 684 1867 aliarumque
718 1814 1043 1852 Communiuuum
1074 1814 1248 1851 Orienta-

118 1865 218 1906 lium
247 1877 433 1907 ostensum
476 1878 552 1916 est,
600 1881 732 1905 omnes
754 1897 764 1913 ‚
813 1876 998 1919 quotquot
1025 1867 1246 1904 Christiano

117 1922 274 1960 nomine
302 1929 528 1970 censentur,
575 1922 655 1959 sive
684 1919 900 1967 Catholici,
930 1921 1009 1957 sive
1038 1918 1209 1958 haeretici
1233 1949 1244 1967 ,

117 1982 183 2012 aut
224 1974 483 2022 schismatici,
533 1975 571 2012 in
612 1973 830 2012 coufitendo
866 1974 1081 2024 septenario
1109 1973 1246 2010 Sacra-

117 2035 334 2065 mentorum
363 2040 522 2066 numero
551 2028 648 2064 mire
676 2027 944 2071 consentiuut3
991 2027 1059 2077 qui
1091 2039 1246 2063 consen-

116 2093 180 2118 sus
209 2082 360 2118 nonnisi
391 2093 435 2118 ex
464 2079 946 2131 antiquissimatraditione
975 2079 1065 2116 oriri
1097 2081 1245 2130 potuit,

118 2133 273 2186 quando
300 2131 444 2171 scilicet
472 2142 567 2171 totus
595 2133 699 2170 orbis
729 2134 766 2170 in
796 2132 991 2182 religionis
1021 2134 1170 2181 negotio
1200 2146 1243 2168 u-

116 2188 204 2225 nius
235 2185 331 2223 labii
360 2195 438 2223 erat
468 2184 525 2236 (b)
548 2211 558 2222 .
607 2185 720 2231 Quod
749 2186 779 2221 si
809 2183 954 2221 alicubi
1000 2185 1036 2221 in
1068 2185 1135 2222 boc
1165 2194 1242 2222 tam

115 2239 327 2276 necessario
355 2238 529 2288 dogmate
548 2237 675 2274 fuisset
695 2237 913 2274 innovatum
930 2265 940 2283 ‚
969 2246 1071 2273 certe
1086 2237 1243 2287 aliquod

115 2289 234 2342 hujus
264 2291 516 2328 innovationis
545 2290 744 2339 vestigium
766 2298 965 2340 appereret
988 2318 998 2336 ‚
1029 2290 1129 2340 quod
1162 2289 1243 2326 fru-

115 2353 193 2384 stra
223 2343 402 2382 hactenus
430 2358 452 2382 a
480 2342 710 2382 Lutheranis
732 2371 742 2389 ,
792 2341 824 2377 8<
853 2340 1074 2380 Calvinistis
1102 2343 1242 2394 quaesi-

119 2406 203 2436 tum
233 2405 314 2435 est.

180 2450 241 2489 15.
272 2448 351 2487 Nec
379 2450 551 2487 omittere
565 2447 746 2486 volumus
764 2447 870 2485 illam
889 2449 1096 2494 rationem,
1126 2461 1244 2499 quam

119 2502 230 2543 affert
257 2501 299 2540 S.
328 2501 524 2551 Thomas,
554 2501 621 2540 IV.
655 2500 767 2539 Cont.
800 2500 919 2539 Gent.
949 2515 1034 2552 cap.
1059 2501 1145 2551 78.,
1176 2501 1244 2538 ubi

119 2565 322 2608 postquam
341 2555 571 2594 observasset
588 2585 598 2603 ,
627 2557 916 2593 matrimonium
934 2585 943 2601 ,
975 2563 1085 2605 prout
1102 2564 1152 2591 est
1168 2567 1243 2592 na-

121 2617 224 2646 turae
252 2606 454 2656 officium,
483 2608 598 2658 dirigi
626 2608 676 2645 ab
706 2609 786 2660 ipsa
817 2617 947 2646 natura
978 2607 1183 2646 inclinante
1210 2608 1246 2644 in

123 2660 229 2700 bunc
258 2659 374 2699 finem
390 2674 402 2706 3
445 2688 472 2710 „
502 2661 734 2713 inquantum
765 2674 852 2701 vero
879 2661 1076 2699 ordinatur
1104 2661 1151 2699 ad
1180 2660 1246 2699 bo-

178 2825 228 2860 (a)
257 2820 505 2856 Abstinuimus
530 2833 548 2854 a
575 2821 691 2855 verbis
717 2821 833 2856 Siricii
870 2822 904 2855 in
930 2822 1030 2866 epist.
1058 2820 1100 2855 ml
1129 2823 1248 2856 Hime-

129 2867 245 2907 rium,
270 2878 348 2912 qnae
374 2868 611 2902 communiter
636 2868 750 2901 afferri
777 2869 912 2901 solent.
943 2868 1005 2901 Illa
1030 2869 1247 2908 benedictio,

128 2926 224 2957 quam
247 2921 391 2955 nnptnrae
417 2914 591 2947 Sacerdos
617 2918 759 2957 imponit
779 2917 869 2957 apud
885 2915 1047 2958 fideles,
1072 2916 1248 2960 cujusdam

130 2960 314 3003 sacrilega
342 2963 454 2992 insem-
479 2968 534 2993 est
552 2981 564 2999 ‚
606 2964 637 2993 si
663 2963 733 2994 nlla
759 2963 1036 3003 transgressione
1074 2963 1219 2994 violatur
1238 2975 1248 2992 .·

131 3005 365 3038 abstinuimus
381 3026 391 3044 ‚
419 3006 561 3050 inquam
576 3027 587 3046 ‚
612 3007 692 3050 quia
710 3007 917 3040 observante
938 3007 1038 3038 Petro
1056 3009 1247 3047 Constant,

132 3052 249 3084 obvius
274 3052 410 3084 illorum
437 3064 556 3084 sens-m
580 3055 760 3095 postulat,
803 3061 838 3085 nt
873 3066 913 3086 eu
936 3056 1049 3095 potins
1075 3055 1118 3086 de
1141 3066 1253 3097 prima

130 3098 414 3140 desponsationis
429 3097 534 3140 fide,
579 3111 640 3142 qna
664 3103 769 3132 etiam
793 3103 959 3142 virginem
996 3101 1169 3144 conjugem
1196 3113 1253 3132 wo-

132 3146 208 3177 cari
232 3142 352 3176 Patres
378 3155 420 3175 er
448 3143 638 3188 Evangelio
663 3146 830 3186 probant,
856 3147 1098 3188 intelllgautnr
1115 3167 1123 3175 .

179 3189 228 3229 (b)
259 3189 296 3221 ln
321 3200 411 3232 resp.
435 3189 595 3222 Jeremiae
624 3190 715 3223 Patr.
742 3191 1007 3234 Constantinop.
1034 3190 1075 3223 ad
1102 3190 1254 3224 Theolo-

134 3244 195 3277 gos
218 3235 553 3279 Wittembergenses
589 3235 630 3269 ‹le
655 3237 883 3269 matrimonio
907 3236 1134 3280 peculiariter·
1158 3235 1253 3269 ‹lice-

131 3279 263 3320 batnr,
287 3281 436 3314 diuinum
464 3281 719 3315 Sacramentum
739 3294 815 3314 esse
831 3303 841 3321 ,
865 3290 961 3325 atque
987 3295 1079 3314 unum
1106 3294 1146 3313 eir
1173 3284 1252 3315 illis

133 3332 261 3369 septem
277 3347 288 3364 ‚
313 3340 379 3370 qnae
407 3327 568 3360 Christus
589 3349 600 3367 ‚
640 3331 680 3360 (9⁶
706 3328 870 3370 Apostoli
897 3328 1069 3363 Ecclest'x
1092 3329 1251 3364 tradide-

246 3369 485 3427 Gazzaniga
517 3372 649 3414 T'zeol.
680 3373 793 3414 Toni.
814 3372 885 3413 IX.

2295 101 2375 142 223

1318 198 1344 217 ‚,
1374 184 1467 208 num
1500 171 1724 222 politicum,
1754 170 1951 222 subjacere
1979 173 2205 214 ordinationi
2236 176 2361 215 civilis
2382 176 2433 214 le-

1319 252 1345 272 „
1373 224 1455 272 gis,
1487 225 1535 260 ita
1565 226 1711 312 perfit:
1742 225 1782 263 ln
1803 234 1988 276 quantum
2019 237 2142 265 autem
2174 230 2367 268 ordinatur
2387 231 2435 270 ad

1318 305 1345 324 „
1376 275 1521 311 bonum
1552 276 1627 313 Ecc
1649 278 1764 322 esiae,
1793 288 1962 329 oportet,
1991 281 2091 330 quod
2115 282 2306 332 subjaceat
2339 286 2434 334 regi-

1317 356 1343 376 „
1374 328 1470 364 mini
1499 327 1777 366 ecclesiastico·
1808 330 1863 368 Ea
1893 341 2046 379 autem,
2076 347 2164 384 qua:
2197 336 2337 388 populo
2367 349 2434 388 per

1318 409 1344 428 „
1375 379 1565 416 ministros
1586 380 1770 417 Ecclesia:
1791 384 2057 434 dispensantur
2074 415 2083 432 ,
2113 386 2354 426 Sacramenta
2376 390 2433 426 di-

1320 462 1346 481 „
1375 442 1536 470 cuntur.
1594 431 1887 473 Matrimonium
1920 439 2059 487 igitur,
2096 442 2301 479 secundum
2333 443 2436 493 quod

1320 515 1346 534 „
1376 486 1541 523 consistit
1571 485 1608 522 in
1637 484 1902 535 conjunctione
1920 493 2053 537 maris,
2084 493 2116 528 8<
2150 494 2317 532 loeininae
2336 525 2345 542 ‚
2378 496 2437 533 in-

1319 568 1346 587 „
1377 539 1608 576 tendentium
1640 539 1784 589 prolem
1815 540 1862 577 ad
1893 542 2039 579 cultum
2065 544 2134 582 l)ei
2165 561 2368 596 generare,
2399 549 2434 584 ὅ(

1319 622 1345 640 ,,
1375 592 1563 640 educare,
1611 600 1663 629 est
1699 591 1884 630 Ecclesiae
1915 594 2226 635 Sacramentum:
2277 602 2374 638 unde
2405 600 2438 637 8t

1320 674 1347 693 ‚,
1376 646 1554 697 quaedam
1577 644 1793 683 benedictio
1821 646 2048 684 nubentibus
2070 663 2135 700 per
2157 653 2347 690 ministros
2364 653 2436 690 Ec-

1323 727 1348 747 „
1378 698 1504 736 clesiae
1548 698 1751 737 adhibetur
1772 725 1827 737 ....
1877 699 1923 737 Et
1961 702 2051 752 quia
2082 701 2327 742 Sacramenta
2357 706 2437 742 effi-

1321 780 1346 799 „
1378 753 1506 799 ciunt,
1536 751 1636 803 quod
1658 750 1849 802 figurant,
1879 755 2112 792 credendum
2135 765 2214 804 est,
2245 757 2346 808 quod
2366 771 2437 795 nu-

1322 833 1346 851 „
1377 804 1552 842 bentibus
1582 818 1647 856 per
1670 805 1737 843 hoc
1753 805 2042 844 Sacramentum
2064 811 2184 859 gratia
2199 811 2438 858 conferatur,

1319 886 1343 905 ,‚
1373 870 1441 909 per
1470 871 1586 909 quam
1616 859 1662 896 ad
1694 859 1874 896 unionem
1903 859 2041 898 Christi
2061 891 2070 908 ,
2102 861 2133 897 8(
2155 862 2337 901 Ecclesiae
2355 877 2439 916 per-

1318 939 1345 959 „
1376 912 1540 949 tineant:
1578 912 1679 962 quod
1709 913 1761 950 eis
1791 914 1958 950 maxime
1988 917 2240 953 necessarium
2271 926 2350 965 est,
2400 926 2439 954 ut

1318 993 1344 1012 ,‚
1374 965 1428 1002 sie
1457 963 1703 1012 carnalibus,
1751 966 1784 1001 ἃ
1826 969 1979 1005 terrenis
2023 969 2237 1017 intendant,
2286 969 2387 1022 quod
2416 984 2438 1008 a

1319 1046 1342 1065 ,‚
1372 1017 1546 1065 Christo,
1576 1017 1610 1053 8<
1641 1017 1809 1056 Ecclesia
1839 1032 1912 1057 non
1941 1020 2233 1073 disjungantur.
2255 1022 2277 1038 ”

1376 1071 1438 1115 14.
1468 1072 1623 1121 Optime
1666 1072 1823 1122 proinde
1868 1075 1906 1110 in
1937 1073 2112 1112 Trident.
2154 1074 2309 1127 Synodo
2337 1075 2436 1115 Sess-

1318 1123 1466 1161 XXlV.
1498 1125 1548 1161 ita
1577 1123 1779 1162 definitum
1810 1135 1884 1162 est:
1915 1156 1940 1174 ,‚
1970 1128 2067 1172 Cum
2100 1129 2214 1180 igitur
2244 1130 2440 1167 matrimo-

1321 1205 1346 1224 „
1377 1177 1482 1213 nium
1513 1178 1551 1213 in
1584 1175 1665 1227 lege
1695 1178 1909 1229 evangelica
1930 1181 2118 1219 veteribus
2148 1183 2346 1220 connubiis
2377 1196 2442 1234 per

1321 1259 1346 1277 ‚,
1376 1229 1569 1266 Christum
1599 1231 1718 1281 gratia
1748 1241 1927 1282 praestet,
1959 1235 2091 1271 merito
2122 1236 2218 1272 inter
2246 1249 2354 1273 nova:
2388 1236 2441 1273 le-

1317 1311 1343 1330 „
1373 1283 1428 1333 gis
1470 1281 1716 1320 Sacramenta
1757 1287 2115 1334 anmnnerandum‚
2164 1291 2281 1326 sancti
2313 1289 2441 1326 Patres

1316 1364 1342 1383 ‚‚
1373 1336 1516 1382 nostri,
1547 1335 1719 1374 Concilia
1738 1366 1748 1384 ‚
1793 1337 1825 1373 ἃ
1857 1339 2083 1377 universalis
2112 1340 2296 1380 Ecclesiae
2327 1343 2441 1380 tradi-

1315 1417 1340 1436 „
1372 1389 1425 1427 tio
1453 1402 1603 1440 semper
1632 1389 1867 1429 docuerunt.
1897 1391 1945 1428 Et
1975 1406 2058 1431 carn.
2087 1407 2119 1431 1.
2149 1393 2189 1432 Si
2219 1397 2306 1446 quis
2335 1396 2440 1433 dixe-

1318 1470 1343 1489 „
1376 1442 1450 1488 rit,
1482 1443 1769 1480 matrimonium
1801 1457 1874 1482 non
1905 1458 1981 1483 esse
2011 1460 2098 1483 vere
2117 1477 2126 1493 ,
2156 1448 2189 1483 8<
2220 1450 2375 1501 proprie
2398 1463 2440 1486 u-

1318 1523 1343 1542 „
1374 1508 1467 1532 uum
1498 1507 1542 1532 ex
1572 1504 1713 1546 septem
1745 1495 1838 1547 legis
1874 1499 2103 1550 evangelicae
2134 1500 2388 1539 Sacramentis
2418 1516 2442 1539 a.

1318 1576 1344 1595 „
1374 1547 1522 1585 Christo
1554 1548 1718 1586 Domino
1749 1551 1958 1588 institutum
1978 1583 1988 1599 ,
2033 1555 2096 1590 sed
2125 1554 2174 1591 ab
2220 1554 2439 1592 homiuibus

1316 1630 1342 1649 „
1374 1602 1413 1637 in
1444 1600 1618 1639 Ecclesia
1648 1604 1846 1640 inventurn
1865 1634 1875 1651 ,
1905 1619 2028 1657 neque
2057 1609 2216 1655 gratiam
2247 1610 2441 1655 conferre,

1318 1683 1342 1701 „
1372 1652 1573 1692 anathema
1604 1656 1677 1693 sit.
1699 1656 1719 1670 '’
1749 1656 1863 1703 Quod
1892 1667 2000 1696 antea
2030 1660 2078 1697 ab
2100 1659 2270 1711 Eugeuio
2300 1661 2369 1699 lv.
2401 1663 2439 1699 in

1317 1705 1506 1744 Instruct.
1537 1708 1704 1746 Armen.
1723 1739 1733 1756 ,
1772 1712 1891 1747 immo
1921 1711 1954 1747 8<
1985 1712 2106 1750 multo
2137 1716 2241 1765 prius
2270 1729 2291 1752 a
2320 1715 2442 1752 Lucio

1317 1761 1384 1798 lll.
1417 1762 1455 1798 in
1482 1760 1657 1799 Concilio
1685 1761 1893 1801 Veronensi
1923 1779 2023 1803 anno
2058 1766 2172 1812 1184.
2191 1798 2200 1815 ,
2238 1767 2272 1804 8<
2301 1768 2350 1805 ab
2381 1769 2440 1806 ln-

1317 1815 1493 1851 nocentio
1523 1814 1588 1851 lll.
1619 1815 1658 1852 in
1689 1815 1931 1855 Laterauensi
1976 1833 2062 1857 ann.
2089 1821 2203 1858 1215.
2222 1851 2232 1868 ,
2279 1821 2443 1872 aliisque

1315 1875 1493 1905 statutum
1524 1865 1604 1916 jam
1624 1869 1775 1917 fuerat,
1800 1879 1845 1910 cit
1874 1870 1972 1909 nihil
2003 1874 2093 1911 novi
2123 1873 2336 1912 aPatribus
2353 1874 2442 1912 Tri-

1315 1921 1480 1958 dentinis
1524 1922 1716 1959 invectum
1745 1924 1818 1972 sit,
1866 1925 1979 1962 sicuti
2023 1938 2223 1978 perperam
2253 1926 2442 1966 blaterant

1317 1972 1489 2011 haeretici
1509 1998 1520 2010 .

1379 2027 1439 2066 15.
1469 2025 1546 2064 Ob.
1573 2029 1730 2077 primo.
1779 2027 1839 2066 Ad
1868 2031 1947 2067 veri
1978 2030 2214 2070 Sacrameuti
2257 2033 2444 2071 rationem

1315 2078 1391 2116 duo
1416 2079 1573 2115 omnino
1603 2082 1876 2131 requiruntur,
1906 2083 2050 2121 scilicet
2079 2086 2210 2123 divina
2243 2087 2443 2134 institutio,

1314 2131 1348 2167 St
1377 2133 1510 2183 gratiae
1541 2132 1717 2170 collatio:
1761 2144 1938 2171 neutrum
1968 2147 2094 2173 autem
2127 2140 2164 2174 in
2200 2140 2443 2176 matrimonio

1312 2187 1529 2222 invenitur.
1560 2185 1644 2222 Non
1678 2187 1879 2236 primum5
1909 2201 1998 2225 nam
2030 2199 2114 2226 ante
2135 2190 2327 2228 Christum
2360 2200 2441 2229 erat

1311 2239 1351 2274 in
1383 2237 1463 2287 lege
1494 2236 1663 2275 Mosaica
1693 2252 1826 2276 verum
1858 2243 2170 2288 matrimonium3
2216 2257 2283 2281 nec
2326 2243 2443 2282 ullibi

1312 2289 1470 2340 legitur,
1514 2289 1664 2341 aliquid
1696 2291 1808 2327 fuisse
1837 2306 1858 2328 a
1887 2292 2038 2331 Christo
2070 2294 2138 2332 hac
2167 2296 2213 2332 de
2245 2310 2283 2333 re
2315 2307 2439 2334 muta-

1312 2351 1420 2389 tum,
1463 2356 1508 2380 ac
1540 2343 1660 2380 multo
1690 2345 1813 2381 minus
1844 2345 1889 2381 de
1919 2359 2018 2384 novo
2048 2349 2286 2394 institutum;
2335 2350 2442 2401 quod

1315 2397 1417 2433 enim
1446 2409 1560 2445 supra
1590 2409 1695 2434 num.
1717 2409 1756 2447 9.
1795 2397 1938 2435 dictum
1971 2410 2022 2438 est
2051 2401 2096 2437 de
2129 2404 2355 2440 institutione
2388 2404 2442 2440 fa-

1314 2457 1373 2486 cta
1405 2449 1441 2485 in
1471 2450 1614 2498 nuptiis
1642 2449 1757 2487 Canae
1789 2451 1969 2490 Galilaeae
1993 2483 2003 2501 ,
2034 2457 2183 2492 nonnisi
2217 2456 2265 2492 ab
2295 2456 2442 2506 aliqui-

1314 2502 1385 2539 bus
1414 2500 1614 2550 Patribus,
1644 2515 1713 2539 nec
1741 2505 1897 2542 omnino
1927 2516 2053 2557 aperte
2084 2509 2240 2545 trmlnur
2266 2536 2274 2546 .
2335 2508 2441 2545 Ulte-

1315 2556 1394 2591 rius
1424 2553 1528 2592 nulla
1558 2569 1667 2592 novae
1699 2557 1940 2595 institutionis
1959 2590 1968 2605 ,
1999 2569 2063 2597 aut
2093 2561 2305 2598 collationis
2328 2561 2442 2612 hujus

1314 2607 1551 2645 Sacramenti
1581 2610 1767 2647 memoria
1798 2611 1834 2647 in
1867 2610 2050 2660 Actibus,
2099 2624 2161 2651 aut
2192 2615 2356 2665 epi-[olis
2390 2618 2439 2652 A·

1314 2660 1572 2713 postolorum‚
1604 2663 1723 2700 immo
1749 2676 1821 2701 nec
1849 2665 1951 2716 apud
1981 2676 2122 2706 veteres
2152 2666 2277 2706 Patres
2305 2681 2441 2705 occur-

2312 2722 2360 2758 rit
2377 2746 2387 2759 .

1316 2832 1418 2862 r11nt,·
1446 2826 1475 2857 Sc
1503 2824 1536 2857 in
1563 2825 1742 2858 Ortodoxa
1769 2823 1931 2869 Confess.
1960 2827 2098 2862 cathol.
2123 2833 2136 2868 (
2161 2827 2261 2872 cujus
2289 2828 2441 2861 mentio-

1316 2883 1394 2904 nem
1423 2871 1565 2903 fecimus
1593 2872 1738 2903 Dissert.
1756 2873 1781 2904 l.
1809 2884 1902 2905 num.
1926 2875 2002 2907 225.
2029 2885 2153 2920 φηςι.
2179 2877 2254 2908 113.
2282 2881 2292 2910 )
2321 2873 2439 2917 Quod-

1316 2929 1397 2949 nun
1424 2918 1467 2949 sit
1496 2925 1632 2949 sextum
1660 2919 1868 2962 mysterium
1887 2941 1896 2957 ,
1922 2933 1980 2953 sen
2002 2921 2297 2953 Sacramentum?
2324 2931 2410 2962 resp.
2427 2931 2435 2947 τ

1315 2963 1526 2996 Honorabile
1553 2964 1768 3010 conjuginm,
1793 2964 1890 3008 quod
1918 2970 2049 2999 sanciri
2077 2966 2207 2999 ‹licitur-
2232 2979 2291 3008 pm·
2311 2966 2438 2996 Sacer-

1320 3011 1454 3042 dotem.
1485 3010 1595 3042 Facile
1623 3019 1736 3049 esset,
1764 3011 1848 3042 alios
1869 3013 2073 3046 Graecorum
2101 3014 2309 3057 symbo‘wos
2330 3010 2436 3041 libros

1321 3057 1494 3099 allegare·
1522 3053 1588 3088 Sed
1616 3067 1681 3089 non
1709 3064 1759 3089 est
1785 3067 1870 3101 opus
1899 3059 1934 3092 in
1960 3070 1996 3091 re
2024 3069 2095 3093 tam
2123 3058 2328 3090 manifesta.
2367 3055 2436 3087 Ne-

1319 3113 1386 3146 que
1412 3101 1476 3134 hac
1503 3101 1536 3133 in
1564 3110 1660 3146 parte
1687 3099 1880 3136 audiendos
1905 3116 1978 3138 esse
2006 3106 2137 3148 aliquo-3
2166 3101 2432 3140 missionu-ios,

1320 3157 1379 3180 ant
1407 3148 1521 3180 minus
1547 3148 1676 3191 peritos
1705 3148 1921 3195 Theologos,
1947 3152 2006 3195 qui
2033 3163 2048 3182 a
2077 3145 2282 3192 quibusdam
2311 3146 2438 3178 Orien-

1320 3194 1449 3226 talibus
1477 3193 1689 3228 Christianis
1715 3197 1976 3230 matrimonium
1997 3196 2137 3228 minime
2165 3191 2301 3236 agnosci
2322 3200 2357 3223 ut
2378 3203 2436 3223 ve-

1320 3250 1400 3272 rum
1426 3241 1693 3277 Sacramentum
1720 3242 1935 3287 scripserunt
1954 3263 1964 3281 ‚
1988 3241 2059 3286 jam
2080 3239 2276 3273 notavimus
2290 3238 2438 3271 Dissert-

1318 3286 1346 3318 Ι·
1372 3298 1406 3318 n·
1431 3287 1509 3320 232·
1534 3298 1608 3334 seq·

1855 3388 1906 3429 29
