2605 3624
777 109 856 154 DE
893 104 1446 151 SACRAMENTORUM
1481 104 1797 149 MINiSTiiO.

165 205 240 236 tem
262 194 478 242 Dominus,
507 201 705 241 tanquam
727 197 920 239 potestas.
953 187 1153 223 lnienduc:
1185 185 1232 223 Et

169 254 287 303 potuit
319 251 415 289 hanc
444 254 661 300 potestatem
690 245 808 281 servis
845 243 962 287 dare,
1005 239 1038 276 &
1080 237 1231 277 uoluit.

112 334 124 345 .
171 306 212 344 Si
241 307 342 342 enim
371 302 474 339 daret
504 299 600 337 lianc
628 305 851 348 potestatem
881 294 1027 341 servis,
1072 293 1163 330 idest
1195 301 1233 329 ut

111 336 140 408 ,ἰ
168 359 340 411 ipsorum
370 364 486 401 esset,
515 352 616 404 quod
638 349 796 388 Domini
827 358 931 395 erat,
962 356 1011 384 tot
1033 346 1234 384 esseiitba-

169 411 322 464 ptismi,
365 416 455 459 quot
483 414 601 444 essent
631 405 755 450 servi;
801 413 839 441 ut
868 402 1059 455 quomodo
1087 401 1233 437 dictum

110 493 139 514 „
168 474 219 502 est
246 462 434 515 baptisma
455 459 614 498 Joaniiis
631 488 640 505 ,
670 459 724 496 sic
753 457 940 495 diceretur
962 456 1148 506 baptisma
1169 453 1233 490 l’e-

110 545 137 566 „
167 518 240 564 tri,
283 518 336 554 sic
365 515 552 565 baptisma
583 511 717 558 Pauli,
760 513 813 548 sic
848 511 1036 562 baptisma
1067 508 1227 556 Jacobi‚

110 599 138 620 „
166 569 354 621 baptisma
384 567 546 605 Tlioinae
564 597 574 614 ,
606 565 780 603 Matthaei
801 595 811 613 ‚
843 563 1111 602 llartliolomaei
1131 589 1139 599 .
1159 588 1169 598 .
1188 588 1198 599 .
1217 588 1227 600 .

108 649 135 672 ‚,
164 622 265 674 Ergo
293 636 341 661 ne
370 629 420 660 tot
448 620 678 673 baptismata
707 620 952 666 dicerentur,
989 626 1078 669 quot
1109 624 1228 654 essent

107 705 135 726 „
164 677 289 725 servi,
319 676 387 729 qui
417 675 680 727 baptizarent,
710 682 864 724 accepta
895 680 1071 724 potestate
1100 685 1121 708 a
1151 670 1228 708 Do-

108 758 136 780 „
166 731 296 779 in'ii10,
340 729 416 768 sibi
445 729 562 767 tenuit
591 727 780 766 Dominus
817 726 1034 779 baptizandi
1074 734 1229 776 potesta-

108 812 136 832 „
166 792 240 822 tem
259 812 270 832 ‚
291 783 409 823 servis
424 783 679 821 ministerium
696 781 821 819 dedit:
838 780 859 795 ”
889 781 1006 817 servis
1021 808 1033 826 ,
1056 780 1229 830 inquam,

107 844 187 876 tam
225 836 363 887 bonis,
405 850 524 890 quam
563 834 702 884 malis,
745 842 784 872 ut
830 833 978 872 ibidem
1019 831 1060 870 S.
1090 831 1231 870 Doctor

112 889 307 943 explicare
336 892 485 944 pergit.
1026 938 1029 940 v

164 945 228 983 51.
258 945 372 983 Porro
403 942 606 996 Angeiicus
631 949 756 980 noster
785 939 1000 993 Praeceptor
1031 939 1069 978 3.
1088 937 1133 977 P.
1163 952 1231 992 qu.

108 996 177 1044 64.
206 1007 275 1037 art.
308 999 344 1037 5.
374 1005 454 1050 post
491 995 693 1048 allegatam
724 994 901 1046 Magistri
940 995 998 1032 sui
1035 995 1237 1044 Augustini

109 1057 369 1090 auctoritatem
400 1052 450 1088 ita
480 1050 582 1087 idem
613 1050 736 1102 ipsum
759 1057 1027 1100 argumentum
1039 1060 1148 1084 inore
1170 1060 1237 1085 suo

107 1104 299 1153 illustrat,
329 1104 362 1141 ἃ
382 1102 612 1149 coufirmat;
647 1132 671 1152 „
694 1101 861 1141 Ministri
884 1102 1069 1140 Ecclesiae
1092 1104 1237 1139 instru-

109 1187 136 1207 „
166 1158 397 1196 mentaliter
420 1165 631 1210 ‘operantur
661 1159 698 1195 in
728 1155 986 1194 Sacramentis
1007 1185 1018 1204 ,
1061 1168 1105 1192 eo
1134 1155 1238 1208 quod

109 1240 137 1261 „
160 1211 448 1264 quodammodo
476 1211 608 1250 eadem
639 1212 732 1248 ratio
748 1219 798 1247 est
815 1211 979 1248 ministri
996 1240 1006 1259 ,
1037 1209 1069 1246 8<
1093 1210 1232 1248 instru-

108 1293 137 1314 „
166 1266 284 1304 menti
301 1292 312 1305 .
341 1266 449 1306 Sicut
475 1274 603 1303 autem
633 1278 749 1317 supra
771 1264 915 1302 dictum
941 1273 990 1302 est
1011 1275 1147 1316 quaest.
1164 1263 1232 1301 62.

106 1347 134 1367 ,‚
165 1327 234 1357 art.
262 1333 293 1358 i.
324 1319 358 1356 8t
379 1319 446 1368 4.,
489 1320 785 1357 ii·istrumentum
816 1331 889 1356 non
920 1319 995 1370 agit
1024 1318 1232 1356 secundum

106 1401 134 1421 „
163 1375 361 1426 propriam
390 1374 577 1422 formam,
607 1381 672 1412 aut
702 1375 881 1411 virtutem
899 1403 909 1420 ,
940 1373 1001 1410 sed
1022 1372 1233 1410 secundum

107 1453 135 1474 „
165 1427 346 1466 virtutem
373 1427 480 1478 ejus,
509 1442 531 1466 a
559 1439 636 1479 quo
665 1436 864 1465 movetur.
901 1425 951 1465 Et
978 1427 1064 1464 ideo
1094 1426 1235 1464 accidit

108 1508 136 1528 „
160 1480 434 1530 instrumento,
465 1482 693 1534 inquantum
716 1489 768 1518 est
791 1481 1107 1526 instrumentum,
1137 1493 1234 1532 qua-

107 1561 134 1581 „
165 1532 590 1587 lemcnmquessformam
609 1565 620 1583 ,
650 1533 711 1573 vel
731 1535 911 1572 -viriniem
929 1533 1074 1572 ‘habeat
1091 1564 1100 1582 ,
1133 1547 1234 1585 prae·

107 1614 135 1635 „
163 1595 217 1624 ter
246 1587 311 1636 id,
339 1588 448 1642 'quod
476 1590 639 1641 exigitur
667 1589 715 1627 ad
746 1589 929 1626 rationem
961 1589 1232 1635 instrumenti,

110 1668 138 1689 „
167 1641 262 1679 sicut
290 1642 392 1694 quod
421 1654 557 1694 corpus
587 1643 751 1691 medici,
789 1643 892 1694 quod
923 1651 974 1679 est
1005 1643 1235 1679 instrumen-

109 1721 136 1742 „
165 1702 249 1734 tuin
277 1696 420 1734 animoe
452 1695 626 1735 habentis
641 1706 759 1732 artem
778 1725 788 1743 ,
818 1697 863 1732 sit
893 1708 1026 1732 sanum
1045 1725 1054 1741 ,
1085 1693 1144 1732 vel
1176 1696 1235 1732 in-

103 1774 138 1795 „
168 1746 355 1793 firmuin3
385 1747 418 1783 &
447 1749 541 1786 sicut
570 1749 672 1800 quod
702 1747 852 1796 fistula,
882 1761 950 1799 per
979 1761 1096 1799 quain
1127 1757 1231 1785 tran-

109 1827 137 1846 „
165 1800 210 1836 sit
238 1814 360 1852 aqua,
388 1801 435 1838 sit
463 1811 660 1853 argentea,
692 1801 750 1838 vel
783 1800 964 1853 plumbea
982 1828 992 1839 .
1026 1800 1132 1838 Unde
1150 1800 1228 1839 Mi-

108 1879 137 1900 „
168 1853 274 1891 nistri
295 1853 480 1892 Ecclesiae
511 1865 664 1906 possunt
684 1855 930 1894 Sacramenta
954 1857 1132 1894 *conferre
1148 1885 1159 1904 ,
1188 1868 1228 1892 e·

107 1932 135 1954 2,
165 1907 290 1946 tiamsi
312 1908 393 1946 sint
421 1906 581 1947 mali'”.

163 1958 229 1997 32.
259 1960 366 1998 Hanc
396 1963 570 2000 eamdem
601 1963 786 2000 rationem
811 1963 867 2000 'ita
907 1961 1050 2000 clarius
1079 1961 1231 2013 exponit

106 2009 210 2049 idem
238 2011 534 2065 Angeticusrlv..
563 2013 677 2053 Cone.
711 2015 833 2054 Gent.
861 2029 947 2066 cap.
975 2030 1039 2066 77.
1069 2046 1095 2064 „
1118 2015 1230 2063 Quod

110 2093 138 2114 ,‚
167 2067 243 2117 agit
272 2067 312 2104 in
349 2069 486 2105 virtute
515 2065 698 2117 alterius,
746 2081 818 2106 non
847 2068 1033 2107 assimilat
1062 2069 1136 2107 sibi
1168 2084 1235 2121 pa-

108 2147 136 2168 „
165 2120 289 2169 tiens,
331 2121 396 2159 sed
426 2121 634 2174 principali
671 2123 820 2174 agenti,
862 2136 937 2161 non
967 2124 1068 2161 enim
1099 2123 1236 2161 domus

109 2199 144 2222 3,
173 2173 405 2213 assimilatur
433 2176 717 2224 instrumentis,
747 2175 889 2228 quibus
919 2176 1058 2215 artifex
1088 2178 1234 2226 utitur,

108 2254 138 2275 ,‚
172 2227 234 2265 sed
263 2229 334 2266 arti
365 2230 504 2282 ipsius.
535 2229 704 2269 Ministri
734 2239 862 2268 autem
892 2229 1079 2269 Ecclesiae
1111 2231 1149 2268 in
1165 2231 1234 2270 Sa·

110 2308 140 2329 „
168 2283 371 2320 oramentis
400 2295 476 2322 non
505 2293 623 2336 agunt
653 2287 691 2322 in
715 2286 852 2324 virtute
880 2286 1038 2338 propria
1060 2314 1070 2333 ,
1101 2284 1161 2323 sed
1193 2286 1235 2324 in

113 2361 142 2381 „
169 2335 308 2373 virtute
333 2335 475 2375 Christi
494 2367 505 2385 ,
547 2338 593 2376 de
621 2352 699 2392 quo
726 2339 868 2377 dicitur
897 2339 957 2377 J0.
984 2339 1018 2377 Ῑ.
1051 2339 1116 2378 35.
1155 2337 1235 2377 Hic

113 2414 140 2435 „
169 2396 252 2437 est,
282 2393 346 2440 qui
373 2388 546 2442 baptizat
567 2423 578 2442 ,
622 2392 720 2430 unde
748 2392 782 2430 8<
813 2394 908 2431 sicut
935 2394 1234 2432 instrumentum

111 2468 140 2489 „
169 2442 334 2483 ministri
363 2457 473 2496 agere
494 2446 704 2493 -dicui-itur5
743 2447 920 2485 minister
949 2449 1050 2485 enim
1081 2456 1133 2485 est
1162 2447 1233 2485 sic-

111 2521 139 2543 „
171 2504 208 2533 ut
237 2496 527 2539 instrumentum
556 2502 772 2540 animatum
790 2527 826 2546 .,
859 2501 944 2540 Nou
974 2502 1091 2553 igitur
1122 2501 1233 2540 mali-

112 2575 139 2596 „
169 2550 222 2588 tia
250 2552 511 2594 ministrorum
541 2555 730 2608 impedit,
774 2555 868 2608 quin
897 2555 1029 2594 fideles
1072 2553 1235 2594 salutem

113 2629 139 2649 2,
166 2615 234 2653 per
260 2603 509 2648 Sacramenta
536 2618 816 2663 consequantur
844 2624 866 2648 a
893 2609 1044 2648 Christo
1065 2636 1076 2648 .
1103 2609 1123 2625 '’

169 2654 235 2695 33.
263 2658 380 2698 Aliud
407 2663 522 2701 etiam
551 2672 819 2716 argumentum
863 2663 1008 2701 ibidem
1046 2664 1162 2702 sumit
1191 2661 1232 2703 S.

112 2703 251 2768 D.⁰⁰t⁰.¹'
280 2726 324 2751 ex
354 2713 466 2754 malis
495 2715 694 2766 Praelatis,
740 2716 883 2770 quibus
914 2715 1103 2757 Dominus
1143 2718 1234 2756 obe-

115 2759 198 2799 dire
224 2764 329 2814 Jubet
358 2768 495 2808 Matth.
516 2769 665 2809 XXlll.
696 2784 733 2810 2.
763 2771 918 2809 dicens:
947 2770 1070 2823 Super
1099 2770 1235 2810 cathe-

120 2811 239 2853 dram
257 2817 392 2872 Moysi
406 2823 591 2862 sederunt
611 2824 781 2874 scribae,
810 2826 860 2866 <9⁴
877 2824 1097 2865 Pharisaei:
1126 2839 1234 2878 quae-

119 2879 286 2919 eumque
313 2887 406 2926 ergo
433 2876 607 2917 dixerunt
636 2877 762 2928 vobis,
792 2889 969 2929 servate,
999 2881 1049 2922 Ο·
1064 2879 1202 2932 saeue
1218 2897 1234 2926 ;

122 2922 340 2963 secundum
380 2938 516 2969 autem
560 2946 684 2983 opera
727 2946 863 2972 eorum
906 2935 1025 2973 nolite
1065 2934 1234 2985 facere.

120 3002 147 3022 ο,
179 2975 304 3039 Multo
331 2989 457 3020 autem
499 2999 559 3023 ma
589 2988 618 3024 is
639 3017 650 3035 ,
694 2988 848 3040 inquit,
889 2980 1145 3027 obediendum
1184 2998 1236 3028 est

121 3056 148 3076 aa
178 3029 375 3089 aliquibus
403 3000 672 3088 propter-5100,
701 3041 804 3093 quod
832 3043 1046 3094 suscipiunt
1066 3044 1237 3082 ministe-

122 3110 150 3131 ε,
179 3095 280 3144 rium
311 3101 332 3124 a
359 3086 533 3137 Christo,
563 3105 681 3143 quam
710 3103 862 3145 propter
877 3095 1104 3134 Catliedram
1123 3096 1239 3150 Moy-

120 3165 148 3184 „
177 3150 236 3175 si.
265 3137 331 3176 Est
359 3154 447 3192 ergo
476 3144 590 3181 etiam
620 3144 731 3183 malis
760 3148 941 3186 ministris
961 3151 1239 3198 obediendum3

119 3216 150 3239 9,
179 3192 279 3244 quod
311 3206 382 3231 nou
412 3204 528 3244 esset,
558 3198 631 3235 nisi
661 3199 700 3235 in
731 3199 783 3235 eis
797 3199 954 3239 Ordinis
982 3213 1139 3255 potestas
1159 3220 1242 3243 ma·

122 3271 150 3291 „
179 3255 308 3294 neret,
348 3258 502 3299 propter
531 3264 648 3303 quam
679 3251 732 3288 eis
759 3250 962 3292 obeditur.
1002 3257 1154 3295 Habent
1183 3272 1242 3296 er-

127 3324 153 3344 „
179 3311 226 3349 go
256 3309 475 3352 potestatem
504 3304 748 3356 dispensandi
765 3303 1010 3345 Sacramenta
1033 3312 1144 3349 etiam
1163 3326 1244 3350 ma-

125 3377 149 3396 ,η
180 3349 235 3392 li·
257 3355 279 3371 '’
309 3355 519 3397 Nonnullae
549 3357 637 3397 alia:
669 3356 890 3411 theologicae
934 3361 1092 3402 rationes
1119 3365 1242 3407 videri

111 225 138 248 ³>

112 281 139 302 ³²

112 441 139 461 9²

2307 114 2359 163 '37

1300 192 1450 235 possunt
1482 182 1623 219 ibidem
1649 198 1658 226 3
1708 194 1786 220 tuni
1817 186 1916 237 apud
1948 184 1988 224 S.
2022 188 2275 239 Augustiiium
2316 189 2417 227 laud.

1299 250 1416 287 supra
1446 235 1575 272 Tract.
1610 236 1655 270 V.
1685 236 1719 271 8<
1754 238 1817 274 ti.
1850 242 1887 276 iu
1918 241 2053 288 jouin,
2098 241 2261 293 aliisque
2306 245 2342 281 in
2375 245 2419 281 li-

1302 289 1411 335 bris,
1454 301 1546 341 quos
1575 298 1705 326 contra
1737 290 1945 329 Doiiatistas
1975 297 2121 345 scripsit
2146 326 2155 344 ,
2185 298 2219 332 δ’(
2248 298 2315 349 qui
2346 298 2420 335 Το-

1302 356 1366 381 mo
1387 343 1475 380 Xll.
1507 345 1626 394 ipsius
1655 345 1826 393 Operum
1857 348 2094 384 continentur
2113 376 2122 386 .

1358 397 1423 442 54.
1453 396 1527 433 Sed
1557 396 1808 433 omittendum
1847 411 1920 434 iion
1950 409 1998 435 est
2031 401 2123 437 illud
2153 414 2421 447 armunenium

1302 448 1358 488 aiz
1401 450 1601 487 hominem
1625 480 1635 498 ,
1677 463 1754 501 quo
1798 451 1971 488 utebatur
2001 453 2040 489 S.
2076 446 2299 504 Auginum,
2333 460 2420 497 Lib,

1302 504 1371 543 IV.
1406 504 1556 541 Contra
1576 503 1835 540 cresconium
1858 518 1943 555 cap.
1972 504 2029 543 iG.
2063 505 2268 547 Donatistas
2292 515 2420 549 incon-

1295 560 1472 606 sumum,
1516 558 1548 594 δε
1579 558 1886 595 contradictionis
1924 574 2131 606 accusans,
2176 566 2266 612 qnia
2297 565 2422 604 Maxi-

1297 614 1508 650 iniaueiises
1537 625 1612 650 uon
1645 611 1952 663 rebaptizabant,
1981 628 2075 664 quos
2104 623 2230 651 taineii
2262 632 2335 654 non
2365 634 2419 655 si·-

1297 665 1379 703 luni
1412 674 1623 718 peccatores
1646 695 1657 713 ,
1687 667 1748 702 sed
1782 676 1820 702 ut
1850 666 2034 716 aspides,
2065 672 2218 717 c’i'perizs
2241 699 2250 715 ,
2292 684 2419 719 parri-

1297 721 1410 758 cidus
1422 751 1432 768 ,
1462 721 1511 760 Θ·
1528 720 1732 757 caelaverit.
1748 718 2037 772 AEglysptiorurn
2055 723 2251 772 insepulta,
2274 725 2311 761 iii
2328 726 2423 761 Con-

1292 774 1392 813 cilio
1422 775 1618 826 liegajeusi
1651 775 1997 813 condemnaverat.
2042 776 2122 813 Hac
2154 778 2254 814 enini
2285 781 2423 829 agenili

1299 831 1445 867 ratione
1473 827 1700 866 observabat
1731 830 1983 880 Augustinus,
2014 829 2164 878 &ipsos
2191 830 2395 882 judicasse
2413 864 2423 880 ‚

1299 896 1382 920 non
1410 896 1546 920 eorum
1577 886 1756 929 meritis,
1799 896 1827 920 a.
1856 882 1991 933 quibus
2029 888 2307 933 nulllslr‘cztitr,
2351 900 2424 925 nec

1304 950 1442 975 eorum
1471 936 1605 987 quibus
1636 940 1913 985 ministratur,
1944 947 2130 976 constare
2160 938 2426 988 baptismum,

1304 991 1375 1029 sed
1402 995 1562 1042 propriu.
1590 995 1836 1039 sanctitate,
1875 1001 1995 1043 atque
2036 998 2228 1041 veritate,
2271 989 2456 1047 propter'

1304 1059 1424 1093 eum,
1468 1059 1496 1082 a.
1525 1059 1598 1096 quo
1627 1049 1829 1082 institutus
1851 1055 1942 1094 est,
1986 1047 2096 1084 male
2139 1048 2331 1086 utentibus
2373 1049 2429 1088 <tl

1305 1103 1522 1151 perniciem
1541 1130 1552 1147 ,
1581 1098 1678 1136 liene
1706 1098 1900 1137 utentibus
1929 1099 1984 1138 <ul
2012 1102 2183 1140 salutem
2202 1130 2212 1140 .

1363 1154 1428 1193 55.
1459 1154 1697 1191 Observabat
1726 1155 1909 1204 insuper,
1940 1156 2055 1192 etiam
2087 1157 2125 1193 iii
2144 1155 2430 1196 Donatistarum

1308 1218 1407 1245 coetu
1427 1237 1438 1256 ,
1481 1220 1556 1246 non
1586 1221 1719 1244 omnes
1750 1209 1937 1245 ministros
1967 1223 2043 1246 esse
2073 1209 2239 1261 probos,
2283 1211 2316 1247 8(
2346 1226 2431 1250 san-

1300 1272 1405 1310 ctos,
1450 1262 1570 1299 imino
1598 1261 1747 1312 aliquos
1791 1262 1907 1298 fuisse
1945 1264 2110 1314 impios,
2153 1263 2186 1299 8<
2216 1265 2430 1303 scelestissi-

1296 1328 1411 1363 mos,
1454 1328 1619 1368 quorum
1649 1324 1775 1352 tamen
1805 1315 2048 1353 Sacramenta
2079 1331 2156 1354 esse
2184 1317 2312 1356 valida
2342 1333 2432 1356 ceu-

1303 1369 1455 1407 sebatur
1481 1396 1492 1407 .
1536 1370 1713 1422 Cumque
1756 1369 1983 1408 Cresconius
2034 1370 2228 1409 Donatista
2281 1385 2432 1424 respon—

1303 1424 1442 1472 disset,
1481 1424 1644 1461 ministri
1676 1423 1872 1476 improbi,
1910 1425 1972 1462 sed
2011 1425 2150 1462 occulti
2197 1424 2324 1464 valida
2355 1440 2432 1464 esse

1303 1477 1576 1526 Sacramenta,
1622 1491 1693 1516 non
1737 1487 1864 1516 antem
1910 1478 2087 1529 publici,
2135 1480 2188 1516 ita
2217 1479 2258 1518 S.
2289 1480 2433 1518 Doctor

1304 1546 1393 1570 eum
1425 1532 1563 1570 refellit
1594 1545 1637 1569 ex
1683 1533 1837 1584 propria
1871 1545 2012 1569 eorum
2042 1533 2213 1570 doctrina
2242 1533 2332 1570 Lib.
2363 1534 2431 1572 lll.

1302 1600 1391 1637 cap.
1434 1586 1507 1632 5.;
1542 1585 1728 1623 ›dicebant
1779 1586 1883 1622 enim
1925 1586 2133 1623 Donatistae
2159 1615 2170 1633 ,
2219 1587 2432 1626 absurdunt

1306 1653 1382 1676 esse
1400 1669 1411 1686 ,
1459 1639 1560 1691 quod
1609 1638 1835 1676 maculosus
1871 1638 1997 1675 alium
2043 1640 2246 1692 purificet,
2293 1640 2433 1679 abusae

1304 1691 1514 1740 sordidus,
1557 1691 1747 1730 emundet
1789 1691 2040 1741 immundus,
2084 1694 2341 1747 infi'tlelisder
2371 1695 2432 1747 fl-

1306 1744 1430 1794 clem,
1472 1746 1522 1786 (θ’
1560 1750 1799 1784 criminosus
1829 1746 1974 1797 jizciizt
2021 1751 2302 1787 innocentem.
2344 1749 2434 1787 Jain

1300 1812 1390 1837 vero
1433 1799 1519 1837 lioec
1547 1801 1680 1838 omnia
1714 1801 1820 1851 sequi
1849 1801 2067 1838 ostendebat
2102 1803 2363 1854 Augustinus,
2395 1818 2434 1840 e-

1299 1854 1393 1891 tiam
1424 1853 1578 1906 quando
1608 1854 1780 1891 minister
1813 1862 1863 1890 est
1884 1864 2058 1904 peccator
2084 1857 2253 1893 occultus
2270 1883 2282 1894 .
2310 1858 2431 1895 Cum-

1299 1921 1375 1959 que
1397 1907 1644 1958 respondisset
1658 1908 1902 1956 Cresconius,
1933 1921 2014 1946 non
2032 1913 2259 1946 ministrum
2275 1914 2428 1961 ipsum,

1299 1959 1371 1998 sed
1401 1960 1579 2013 sirmam
1609 1962 1696 2013 ejus
1725 1959 1896 2009 bonurn,
1940 1967 2121 2014 quamvis
2150 1968 2318 2002 inanem
2341 1994 2351 2013 ,
2380 1966 2431 2005 (9⁶

1290 2013 1459 2067 falsam
1481 2044 1492 2062 ,
1530 2013 1615 2053 haec
1642 2016 1774 2053 onmia
1806 2025 2012 2068 praestare,
2052 2019 2107 2055 ita
2138 2033 2226 2056 eum
2258 2020 2304 2056 ad
2336 2021 2434 2057 inci-

1305 2077 1360 2106 tas
1390 2069 1526 2121 redigit
1556 2068 1597 2107 S.
1628 2068 1793 2108 Doctor:
1823 2069 1941 2108 Itane
1971 2070 2026 2110 ad
2055 2071 2336 2111 mundandum
2369 2072 2433 2111 lio-

1305 2125 1458 2160 minem
1475 2153 1486 2170 ,
1515 2121 1677 2174 quando
1706 2122 1795 2162 boni
1813 2129 1982 2163 ministri
2012 2124 2183 2178 defuerit
2203 2139 2297 2166 vera,
2327 2130 2430 2175 viia,

1304 2185 1400 2215 tunc
1430 2177 1529 2215 mali
1559 2181 1732 2216 ministri
1748 2177 1874 2230 falsa
1904 2178 2046 2229 sufficit
2064 2179 2224 2233 fama,
2254 2180 2431 2232 quoelzoc

1303 2230 1484 2280 efficiat,
1527 2232 1630 2283 quod
1658 2231 1833 2282 efficeret
1863 2231 1968 2272 bona
1998 2238 2100 2284 wita,
2143 2246 2183 2272 ut
2212 2235 2266 2273 ad
2307 2234 2433 2272 homi-

1303 2298 1400 2323 nem
1432 2285 1776 2340 sanctificandum
1800 2318 1810 2336 ,
1840 2288 2001 2338 quando
2030 2293 2200 2326 ministri
2230 2290 2328 2326 latet
2356 2292 2431 2326 ini-

1302 2343 1462 2392 quitas,
1508 2344 1697 2379 ministra
1727 2340 1816 2379 Deo
1845 2342 1985 2380 militet
2013 2341 2228 2393 salsitas?
2286 2342 2331 2380 Et
2362 2355 2429 2394 po-

1303 2404 1381 2432 stea
1427 2395 1613 2443 ostendit,
1665 2408 1741 2433 non
1784 2396 2002 2433 ministrum
2053 2395 2275 2448 improbum
2307 2427 2317 2444 ,
2362 2396 2427 2434 sed

1302 2447 1431 2486 Deum
1460 2447 1606 2486 bonum
1631 2462 1705 2500 per
1734 2448 1882 2486 malum
1925 2449 2149 2488 ministrum
2194 2449 2364 2489 lioinines
2393 2465 2432 2488 e·

1303 2502 1518 2551 mundare,
1549 2501 1583 2538 8:
1612 2502 1875 2541 sanctificare.

1362 2555 1426 2594 56.
1456 2558 1581 2608 Atque
1611 2557 1656 2593 ad
1689 2556 1759 2594 hoc
1789 2556 2063 2609 explicandum
2083 2588 2093 2605 ,
2125 2555 2157 2593 8<
2189 2558 2267 2610 ipse
2299 2559 2430 2610 Augu-

1304 2610 1448 2658 stinus,
1480 2610 1513 2646 ἃ
1542 2609 1610 2648 alli
1640 2610 1824 2649 Ecclesiae
1856 2609 2010 2659 Patres,
2054 2612 2270 2664 aptissimas
2299 2614 2431 2650 attule-

1303 2673 1394 2701 runt
1436 2664 1734 2703 similitudines.
1777 2663 1817 2702 S.
1858 2664 2027 2703 Tlioinas
2069 2679 2184 2718 supra
2226 2680 2333 2704 nuni.
2366 2666 2431 2704 51.

1304 2715 1477 2756 laudatus
1507 2720 1626 2756 utitur
1655 2717 1907 2757 similitudine
1938 2722 2105 2772 corporis
2129 2720 2293 2768 medici,
2324 2720 2426 2772 quod

1300 2773 1382 2810 sive
1411 2785 1544 2810 sanum
1587 2773 1660 2821 sit,
1703 2775 1783 2812 sive
1811 2773 2012 2811 infirmum
2037 2804 2047 2822 ‚
2092 2774 2190 2812 valet
2234 2783 2361 2812 tamen
2393 2782 2430 2810 ut

1302 2826 1595 2865 instrumentum
1629 2828 1777 2865 *animae
1808 2827 1854 2865 ad
1887 2829 2114 2866 medicinam
2161 2829 2312 2879 aegroiis
2343 2840 2429 2879 pro-

1302 2881 1540 2933 pinandam:
1570 2890 1652 2919 tuin
1682 2881 1820 2919 fistulae
1843 2881 2068 2933 plumbeae,
2101 2895 2298 2935 perquam
2329 2893 2430 2919 tran—

1302 2936 1349 2972 sit
1378 2949 1506 2987 aqua,
1551 2948 1625 2973 non
1658 2936 1784 2974 minus
1803 2966 1813 2983 ,
1856 2949 1973 2987 quam
2021 2950 2086 2986 per
2115 2946 2362 2988 argenteam.
2392 2935 2432 2972 S.

1303 2989 1513 3041 Gregorius
1555 2988 1810 3027 Nazianzenus
1853 2991 1959 3027 Orat.
1983 2989 2069 3028 XL.
2113 2989 2176 3028 De
2224 2988 2429 3041 Balantum

1307 3057 1414 3081 num.
1439 3043 1502 3082 26.
1532 3044 1722 3081 ministros
1750 3043 1990 3095 baptismatis
2020 3043 2159 3096 probos
2181 3075 2191 3093 ,
2221 3044 2255 3081 ἆ
2287 3047 2428 3096 impro-

1307 3096 1374 3135 bos
1389 3097 1749 3149 coinparatduobus
1777 3098 1928 3136 annulis
1946 3128 1956 3146 ,
1986 3112 2151 3152 quorum
2173 3098 2267 3136 alter
2295 3109 2430 3135 aureus

1307 3153 1386 3201 sit,
1416 3150 1512 3189 alter
1542 3153 1732 3199 ferreriis,
1763 3152 1879 3190 ambo
1907 3162 2034 3191 tamen
2065 3153 2237 3191 eamdem
2261 3153 2427 3201 lmpera-

1309 3207 1400 3244 toris
1429 3207 1638 3258 imaginem
1667 3204 1898 3258 insculptam
1929 3206 2091 3245 babeant
2110 3237 2121 3255 ,
2158 3217 2270 3258 atque
2302 3219 2338 3242 in
2370 3217 2428 3240 ce-

1309 3272 1352 3297 ra
1382 3261 1634 3312 imprimaiit3
1673 3269 1791 3298 totum
1829 3261 2034 3299 discrimen
2077 3262 2144 3298 erit
2179 3262 2214 3297 in
2245 3259 2426 3301 materia,

1311 3326 1389 3352 non
1419 3323 1546 3352 autem
1577 3316 1617 3353 in
1638 3314 1768 3366 sigiiO.
1798 3313 1839 3353 S.
1858 3317 2088 3367 Augustinus
2117 3313 2269 3351 adhibet
2301 3322 2423 3347 exem-

1311 3366 1378 3419 pla
1407 3367 1467 3411 vel
1497 3368 1703 3420 agricolae,
1732 3382 1844 3421 quus
1873 3382 1992 3422 prava
2013 3370 2170 3407 intentio
2196 3364 2330 3405 semini
2361 3373 2427 3397 no-

2318 3427 2378 3451 «19-
