2605 3624
225 106 307 145 186

159 183 339 232 ptis-inum
372 176 542 215 homines
571 173 704 222 ablui,
732 173 942 222 mundavi,
973 179 1152 222 renasci,
1183 188 1277 211 suu.-

160 234 330 285 csifimiri
347 261 357 279 ,
383 229 579 268 Christum.
599 228 760 266 induere
779 230 866 270 &a
893 229 981 267 vid.
1003 243 1087 281 sup.
1132 230 1230 267 Diss.
1249 229 1277 266 l.

234 285 306 294 κισ-μ-

158 301 198 324 ιι.
231 298 322 323 aaa.

215 339 306 384 διά.
337 337 672 390 Supervacaneum
702 346 826 374 autem
848 337 1020 383 videtur,
1051 345 1126 374 tam
1148 335 1276 383 clara,

161 392 194 428 ἃ
225 400 355 444 aperta
383 406 499 430 sacrae
530 391 739 443 Scripturas
769 390 923 428 oracula
964 399 1178 428 sanctorum
1209 390 1278 427 l'a-

160 457 262 484 trinu
293 447 515 484 testimoniis
543 445 798 492 confirmare,
829 458 916 497 qnae
950 445 1149 481 innumera
1179 457 1277 494 prr-e·

157 510 214 538 sto
242 510 382 538 essent:
424 500 517 539 adeo
547 500 648 536 enim
681 498 832 550 vulgata
875 508 952 535 erat
995 498 1096 547 apud
1137 506 1276 534 veteres

158 552 243 593 liaec
271 554 401 606 opinio
429 554 474 591 de
504 552 656 590 salutari
679 552 856 604 baptismi
874 551 1045 589 efficacia
1073 550 1119 587 ad
1149 563 1278 587 omnes

158 607 292 660 culpas
320 607 524 655 delendas,
568 616 607 643 nt
636 619 709 644 non
738 606 936 642 defuerunt
966 603 1165 651 Gentiles,
1209 604 1278 653 qui

157 664 395 700 occasionem
414 661 504 698 hinc
521 661 731 711 arriperent
749 688 758 705 ,
789 671 853 695 nos
869 657 1132 695 calumniandi
1152 687 1161 703 ,
1181 669 1277 707 qua-

157 719 188 753 si
217 714 430 753 libertatem
462 713 642 765 peccandi
665 712 924 763 praeberemus
941 740 951 756 ,
982 708 1203 760 pollicentes
1223 723 1278 745 se-

157 783 292 806 curam
321 784 343 806 a
374 769 537 806 Domino
568 766 717 805 veniam
748 763 918 803 adhibito
953 762 1136 813 baptismi
1175 762 1277 800 lava-

158 836 224 860 cro
253 823 338 872 (a).

213 876 305 915 5115.
335 875 406 913 Sed
439 881 621 925 praeterea
649 883 891 909 communem
923 867 1106 907 Ecclesiae
1144 868 1281 907 veteris

158 931 438 967 consensionem
469 928 506 964 in
536 926 606 962 hoe
635 924 811 975 dogmate
835 922 1050 964 confitendo
1079 923 1278 960 confirmat

155 984 334 1020 solemnis
362 980 431 1019 illa
459 980 632 1017 omnium
665 978 839 1016 fidelium
869 978 1051 1028 professio
1094 978 1132 1015 in
1163 977 1279 1029 Sym-

155 1036 244 1074 bolo
264 1031 701 1083 Constantinopolitano,
735 1031 802 1068 ubi
829 1032 987 1068 dicitur:
1017 1029 1210 1083 confiteor
1238 1043 1282 1066 ιι-

158 1103 255 1126 mmz
286 1087 485 1138 lupus-ma
507 1090 546 1123 in
562 1089 841 1124 remissionem
861 1093 1117 1134 peccatorum
1137 1111 1147 1122 .
1177 1083 1281 1130 Quid

153 1142 294 1181 clarius
323 1143 370 1180 ad
399 1140 711 1180 confirmandum
727 1138 910 1178 Ecclesiae
940 1138 1077 1190 dogma
1106 1138 1152 1176 de
1182 1151 1282 1190 prae-

154 1198 270 1249 cipuo
298 1196 480 1247 baptismi
510 1192 675 1232 effectu?

210 1250 302 1288 516.
334 1250 442 1288 Hanc
473 1249 607 1286 veteris
635 1245 823 1286 Ecclesiae
866 1245 984 1284 fidem
1014 1246 1205 1293 servavit,
1248 1244 1280 1282 8(

155 1313 342 1355 quatenus
370 1316 466 1354 opus
487 1311 590 1350 erat,
619 1301 816 1340 renovavit
832 1299 1025 1351 Eugenius
1042 1298 1110 1336 IV.
1142 1300 1180 1337 in
1201 1297 1282 1337 De-

157 1366 264 1394 creto
284 1356 448 1395 Concilii
468 1355 675 1393 Florentini
693 1384 704 1402 ,
736 1353 803 1394 ubi
832 1353 877 1391 de
894 1354 1082 1405 baptismo
1102 1351 1281 1404 loquens,

155 1409 292 1462 liujus
322 1410 582 1447 Sici-amenti
609 1406 776 1455 effectus
793 1437 803 1455 ,
834 1409 980 1459 inquit,
1011 1415 1070 1444 est
1098 1410 1281 1443 remissio

155 1465 282 1513 culpae
296 1463 503 1513 originalis
520 1492 530 1510 ,
560 1461 821 1502 &actualia
851 1460 1028 1512 Synodus
1056 1460 1171 1496 etiam
1194 1459 1282 1497 Tri-

156 1518 313 1555 dentina
342 1517 439 1554 Sess.
460 1515 510 1553 V.
542 1517 593 1552 ita
621 1515 813 1552 decrevit:
858 1543 884 1561 „
914 1513 954 1552 Si
985 1513 1071 1564 quis
1099 1525 1167 1564 per
1195 1512 1283 1550 Jesu

155 1570 294 1609 Christi
316 1569 475 1609 Domini
505 1569 621 1607 nostri
651 1568 811 1619 gratiam
831 1597 841 1614 ,
871 1581 960 1618 quae
990 1567 1030 1602 in
1059 1565 1284 1617 baptismate

157 1625 351 1663 confertur
369 1654 379 1673 ,
410 1631 555 1661 reatum
585 1623 731 1676 peccati
748 1619 943 1672 originalis
960 1620 1225 1669 remittinegat
1241 1645 1282 1658 ...

155 1678 361 1717 anathema
389 1678 462 1716 sit.
506 1677 547 1714 In
577 1676 716 1714 renatis
754 1676 858 1712 enim
900 1673 1015 1725 nihil¹
1039 1673 1116 1710 odit
1147 1672 1249 1710 Deus
1271 1702 1281 1719 ,

156 1734 250 1785 quia
280 1731 376 1770 nihil
408 1739 460 1769 est
489 1730 745 1768 damnationis
774 1729 820 1766 iis
849 1729 917 1780 qui
953 1741 1041 1768 vere
1070 1726 1283 1780 consepulti

159 1796 242 1824 suut
272 1799 361 1823 cum
390 1784 541 1823 Christo
575 1797 642 1836 per
675 1782 867 1834 baptisma
902 1783 939 1821 in
983 1789 1170 1827 mortem,
1214 1781 1282 1831 qui

157 1853 233 1879 non
262 1839 470 1878 secundum
499 1851 655 1877 carnem
686 1834 911 1883 ambulant,
937 1836 1000 1873 sed
1029 1843 1193 1872 veterem
1217 1833 1283 1885 ho-

159 1895 308 1932 minem
339 1900 513 1930 exuentes
531 1922 541 1939 ,
571 1891 606 1926 8(
634 1903 777 1929 novum
794 1919 806 1937 ,
836 1890 905 1940 qui.
924 1888 1132 1926 secundum
1156 1887 1283 1925 Deum

157 1956 304 1985 creatus
319 1955 370 1984 est
388 1976 398 1994 ,
429 1946 646 1992 induentes,
674 1946 894 1982 innocentes
916 1941 1181 1987 immaculati,
1213 1954 1283 1992 pu-

162 2002 224 2049 ri,
255 2001 427 2047 innoxii,
462 2013 505 2037 ac
535 1998 617 2036 Deo
645 1997 773 2035 dilecti
804 1995 925 2033 effecti
956 2005 1071 2043 sunt,
1116 1993 1284 2031 haeredes

157 2055 317 2107 quidem
335 2053 435 2102 Dei,
464 2051 662 2090 coheredes
690 2059 818 2088 autem
838 2049 1004 2096 Christi,
1035 2050 1086 2087 ita
1117 2057 1155 2085 ut
1184 2046 1284 2086 nihil

159 2122 314 2162 prorsus
343 2119 404 2145 eos
433 2105 482 2144 ab
513 2107 681 2156 ingressu
709 2103 802 2141 coeli
831 2105 1109 2140 remoretur³‘.

218 2162 310 2212 517.
340 2158 432 2211 Obj.
452 2163 578 2209 primo
596 2185 606 2196 .
636 2158 850 2209 Baptismus
879 2165 931 2193 est
952 2157 1137 2194 institutus
1157 2154 1203 2191 ad
1218 2153 1284 2191 de-

161 2215 317 2253 lendum
348 2222 547 2265 peccatum
576 2211 759 2263 originale
776 2240 787 2258 ,
816 2209 1068 2262 quamobrem
1088 2208 1194 2246 J0.1.
1218 2221 1283 2259 29.

162 2270 308 2308 dictum
339 2268 415 2305 suit
438 2266 486 2304 de
514 2264 687 2303 Christo:
718 2263 828 2302 Ecce
856 2267 920 2314 qui
947 2264 1043 2300 tollit
1072 2270 1284 2312 peccatum

161 2321 322 2371 mundi,
353 2334 493 2372 nempe
508 2327 705 2372 peccatum
726 2317 910 2369 originale
933 2318 998 2354 toti
1020 2316 1163 2354 mundo
1178 2328 1284 2352 com-

167 2386 284 2416 mune
303 2406 313 2426 ,
345 2384 384 2414 ut
414 2373 548 2414 Glossa
578 2374 756 2426 exponit.
800 2371 899 2410 Hinc
928 2371 1043 2409 etiam
1072 2369 1284 2422 baptismus

213 2548 266 2582 (a)
289 2545 339 2577 lta
377 2544 497 2576 Celsus
535 2542 660 2577 nostris
698 2542 933 2588 exprobrabat
970 2538 1062 2586 apud
1097 2539 1287 2584 Origenem

169 2591 248 2624 Lib.
271 2592 328 2623 ltt.
356 2602 412 2622 nu.
433 2590 488 2632 59.
529 2611 554 2629 „
581 2590 649 2633 Qui
678 2589 719 2622 ad
746 2590 813 2622 alia
839 2589 1009 2633 mysteria
1035 2595 1162 2620 vocant
1179 2607 1190 2626 ,
1214 2585 1289 2620 haec

169 2660 196 2678 ς,
222 2636 456 2682 pronunciant
483 2636 553 2668 alta
580 2648 686 2669 uoce:
723 2635 887 2680 Quisquis
912 2639 1008 2679 puris
1034 2642 1088 2668 est
1111 2635 1288 2673 amnibus,

174 2706 199 2725 2,
227 2690 265 2717 (Γ
295 2696 370 2716 voce
398 2687 534 2726 sapiens
553 2698 564 2720 ;
592 2683 635 2715 Et
662 2694 782 2715 rursus
809 2683 893 2715 alii:
935 2681 1102 2727 Quisquis
1125 2693 1226 2724 purus
1251 2681 1292 2712 ab

176 2751 202 2771 2,
229 2734 318 2762 oimii
355 2732 507 2771 scelere,
548 2734 602 2762 cui
647 2732 893 2763 conscientiam
930 2728 1022 2761 nihil
1060 2729 1139 2760 mali
1167 2739 1294 2759 remor-

172 2799 199 2820 3,
225 2778 309 2815 (Zet,
335 2777 430 2821 cujus
457 2772 573 2817 bene,⁸
590 2779 631 2808 (9¹
652 2777 748 2821 juste
773 2784 913 2818 peracta
940 2778 1008 2807 vita
1034 2782 1087 2806 est
1106 2794 1155 2804 ....
1191 2772 1296 2805 Nune

172 2845 201 2866 ,‚
228 2833 310 2854 vero
326 2822 522 2862 audiamus,
537 2834 711 2867 quosnam
731 2821 899 2856 advocent
917 2820 1138 2855 Christianos
1155 2840 1164 2849 .
1191 2817 1300 2864 Quis-

176 2892 202 2912 „
228 2872 303 2911 «suis
319 2888 329 2907 ‚
358 2868 543 2912 inquiunt,
568 2878 727 2909 peccator
742 2891 752 2909 ‚
774 2873 925 2913 quisquis
941 2869 1128 2910 insipienS,
1146 2865 1299 2908 quisquis

175 2938 202 2958 2,
225 2927 307 2959 puer
324 2935 333 2952 ,
360 2916 391 2945 ἃς
415 2922 452 2946 ιιι
481 2915 587 2947 verbo
611 2915 754 2956 dicam,
781 2919 933 2961 quisquis
960 2914 1088 2957 infelix
1103 2919 1157 2944 est
1174 2932 1184 2950 ‚
1211 2910 1299 2943 huuc

176 2985 201 3004 ,‚
228 2960 296 2993 Dei
318 2972 452 3002 regnum
476 2964 648 3003 accipiet.
685 2963 729 2994 Et
754 2974 858 3005 quem
884 2969 1102 3006 peccatorem
1128 2956 1266 2990 dixistis
1287 2957 1300 2989 ?

177 3031 202 3050 ‚‚
228 3007 350 3041 Nonne
379 3004 576 3049 injustum,
603 3008 714 3040 turem
731 3030 739 3046 ,
764 3020 950 3041 murorum
976 3005 1215 3043 effractorem,
1241 3014 1300 3036 ve·

175 3078 202 3096 „
228 3054 374 3086 neticutn
391 3074 400 3091 ‚
415 3053 635 3095 sacrilegum,
651 3063 870 3087 mortuorum
889 3051 1136 3098 spoliatorem?
1157 3051 1298 3093 Ecquos

177 3123 204 3143 „
229 3102 313 3133 alios
327 3108 466 3132 voearet
483 3098 561 3142 ,qui
578 3099 750 3132 latronum
771 3098 1206 3133 cuntiarctsocietatem“?
1232 3097 1298 3129 Cui

180 3148 346 3190 satyricae
371 3144 559 3188 objectioni
586 3145 634 3177 ita
662 3145 843 3189 respondet
871 3146 1052 3190 Originesz
1094 3165 1120 3184 ‚,
1146 3142 1199 3176 Ad
1226 3142 1300 3177 haec

179 3215 206 3239 ‚,
229 3193 406 3231 dicimus,
444 3189 538 3223 alind
563 3201 635 3223 esse
661 3204 770 3235 aegras
809 3193 942 3226 animas
976 3191 1018 3225 atl
1053 3190 1300 3230 curationem,

180 3262 206 3285 „
230 3237 324 3272 alind
344 3250 443 3272 sanas
458 3236 500 3270 ad
516 3248 632 3270 rerum
652 3236 850 3270 divinarum
865 3238 1119 3281 cognitionem,
1139 3239 1170 3268 Sc
1189 3237 1300 3269 scien-

181 3309 207 3332 „
232 3287 319 3320 tiam
346 3296 469 3319 vocare
486 3307 494 3315 .
532 3284 604 3317 Nos
630 3284 806 3328 principio
833 3285 974 3326 quidem
1000 3283 1157 3316 homines
1181 3283 1300 3317 horta-

182 3339 336 3378 ,‚‘1nur‚
362 3341 400 3366 ιιι
428 3331 540 3365 curari
568 3341 602 3364 se
629 3331 761 3365 velint:
804 3328 988 3365 hortamitr
1017 3338 1237 3374 peccatores,
1263 3337 1301 3365 ut

983 93 1247 138 msssstrr.
1272 94 1348 137 111.
1376 76 1510 137 mr.
1535 93 1613 137 xi.

1345 173 1485 211 dicitur
1514 176 1792 225 regeneratio,
1837 173 1928 224 quia
1958 173 2055 212 sicut
2092 187 2160 227 per
2188 174 2466 226 generationem

1347 227 1539 265 carnalem
1572 228 1684 265 homo
1713 228 1896 265 contrahit
1934 236 2130 279 peccatum
2173 228 2388 280 originale,
2432 230 2465 267 ὃς

1348 290 1506 318 mortem
1527 312 1535 328 ,
1568 282 1615 318 ita
1635 294 1700 332 per
1718 282 2037 332 regenerationem
2067 281 2306 336 spiritualem
2328 295 2468 322 novam

1345 336 1466 373 *vitani
1496 335 1628 385 gratioe
1659 336 1850 386 acquirit.

1402 387 1494 425 518.
1527 387 1730 438 Respondet
1760 387 1800 425 S.
1822 387 1988 426 Thomas
2006 387 2059 427 ib.
2076 390 2124 428 ad
2151 403 2183 428 ι.
2215 419 2240 438 ,,
2262 388 2365 442 quod
2395 389 2468 427 sie-

1349 470 1373 489 ,‚
1407 449 1445 477 ut
1468 439 1664 492 Apostolus
1694 440 1785 477 dicit
1808 439 1967 480 Roman.
1989 442 2038 479 V.
2062 443 2120 482 16.
2139 473 2150 492 ,
2182 453 2381 496 peccatum
2420 442 2472 480 A·

1349 522 1375 542 „
1405 494 1464 530 dae
1496 503 1571 530 n'on
1600 501 1744 529 tantum
1777 502 1920 542 potest,
1960 507 2144 547 quantum
2176 505 2293 548 potest
2322 497 2469 533 donum

1348 575 1374 593 „
1403 545 1542 582 Christi
1561 576 1570 593 ,
1601 545 1701 597 qnod
1733 546 1771 582 in
1793 545 1983 596 baptismo
2003 551 2238 602 percipitur-3
2270 564 2358 588 nam
2379 562 2470 598 pec·

1345 628 1371 652 ξ,
1401 607 1540 635 catum
1569 611 1622 635 ea:
1653 611 1729 634 uno
1745 601 1785 635 ln
1801 599 2180 641 condemnationem
2198 634 2207 651 ‚
2237 608 2375 655 gratia
2395 616 2470 641 ‹zu-

1347 680 1372 699 ,‚
1403 661 1487 688 tem
1514 664 1567 689 ez
1597 652 1729 688 multis
1759 650 1909 690 delictis
1938 657 1979 690 in
1994 655 2326 707 justificationem
2345 683 2356 695 .
2388 657 2471 694 Un-

1348 734 1373 754 ,‚
1403 705 1448 743 de
1477 706 1518 742 S.
1537 706 1765 756 Augustinus
1798 707 1833 742 in
1858 706 1944 744 Lib.
1966 708 1996 744 l.
2027 707 2092 746 De
2120 719 2273 759 peccat.
2304 712 2469 751 men&

1348 788 1374 807 „
1404 762 1560 796 remiss.
1598 773 1684 810 cap.
1705 760 1766 797 15.
1796 759 1916 807 dicit,
1959 761 2062 812 quod
2098 771 2318 813 generante
2346 776 2473 801 carne

1350 841 1375 860 „
1404 812 1685 851 tantummodo
1713 812 1882 850 trahitur
1909 823 2119 864 peccatum
2142 818 2329 868 originis,
2358 829 2471 868 rege-

1349 895 1376 914 „
1405 876 1576 904 neminie
1596 876 1733 904 autem
1755 867 1922 915 Spiritu,
1952 881 2032 905 non
2053 868 2180 906 solum
2200 870 2470 922 originalium,

1350 949 1376 968 „
1405 920 1473 958 sed
1503 925 1628 958 etiam
1657 921 2041 975 5‘oli171t.irior·umfit
2070 926 2252 961 remissio
2280 932 2465 976 peccato-

1350 1002 1376 1022 „
1407 987 1495 1011 rwn
1514 979 1539 996 ‘⁴
1556 1001 1566 1012 .

1404 1028 1497 1080 5¹9.
1526 1027 1618 1081 Obj.
1648 1027 1845 1067 secundo.
1872 1027 1919 1067 In
1949 1028 2087 1068 adultis
2115 1039 2201 1068 ante
2228 1029 2471 1082 baptismum

1349 1084 1557 1133 requiritur
1588 1084 1837 1134 poenitentia,
1866 1083 2075 1121 secundum
2105 1083 2203 1122 illud
2234 1084 2318 1122 Act.
2341 1085 2388 1123 ll.
2408 1084 2473 1124 58.

1350 1134 1633 1182 Paenitentiam
1663 1141 1793 1189 agite,
1823 1135 1872 1176 Εἰ)
1902 1135 2114 1187 baptizetur
2130 1142 2395 1189 unusquisque
2410 1151 2471 1175 ce-

1351 1198 1478 1226 strum
1495 1204 1507 1226 .·
1544 1191 1605 1228 sed
1636 1190 1857 1242 poenitentia
1886 1193 2130 1229 remittuntur
2159 1200 2314 1243 peccata
2342 1201 2476 1229 actua-

1351 1242 1428 1281 lia:
1459 1258 1545 1295 ergo
1575 1243 1674 1281 nihil
1696 1253 1862 1282 remanet
1881 1243 2072 1296 baptismo
2092 1245 2362 1284 remittendum
2379 1275 2388 1292 ,
2419 1245 2479 1282 ni-

1353 1297 1385 1335 si
1415 1305 1614 1348 peccatum
1644 1296 1851 1349 originale.

1406 1350 1498 1389 520.
1531 1350 1741 1403 Respondet
1772 1352 1908 1388 iterum
1939 1351 1980 1390 S.
1997 1351 2166 1390 Thomas
2196 1352 2242 1390 ad
2267 1366 2302 1390 2.
2334 1351 2480 1404 „quod

1352 1433 1379 1452 „
1409 1404 1556 1443 nullius
1586 1406 1730 1456 peccati
1751 1406 1922 1443 remissio
1941 1405 2026 1442 fieri
2049 1415 2192 1458 potest,
2223 1406 2296 1442 nisi
2319 1419 2385 1456 per
2402 1406 2480 1444 vir-

1353 1487 1379 1506 „
1410 1466 1526 1495 tutem
1558 1460 1738 1509 passionis
1767 1458 1931 1497 Christi:
1962 1459 2060 1496 unde
2089 1459 2123 1499 ὃς
2155 1458 2356 1511 Apostolus
2385 1459 2482 1496 dicit

1352 1540 1379 1559 ,‚
1409 1511 1530 1550 Hebr.
1548 1511 1616 1550 IX.
1641 1526 1727 1560 22.,
1770 1513 1872 1565 quod
1902 1516 1988 1550 sine
2029 1516 2240 1564 sanguinis
2283 1510 2478 1560 effusione

1352 1591 1379 1612 ,‚
1408 1565 1563 1618 nonflt
1592 1569 1799 1604 remissio.
1831 1565 1943 1604 Unde
1973 1575 2098 1604 motus
2128 1566 2310 1603 humanae
2342 1565 2479 1604 volun-

1354 1647 1380 1665 „
1410 1621 1521 1666 tatis,
1563 1619 1631 1670 qui
1661 1629 1713 1657 est
1742 1621 1783 1657 in
1812 1621 2020 1670 poenitente
2040 1649 2051 1667 ,
2095 1632 2169 1656 non
2213 1618 2402 1658 sufficeret
2430 1619 2482 1657 ad

1355 1699 1381 1718 „
1411 1673 1674 1709 remissionem
1704 1671 1831 1722 culpae
1853 1701 1865 1719 ,
1894 1673 1967 1710 nisi
1996 1672 2139 1710 adesset
2168 1672 2262 1709 fides
2291 1673 2478 1723 passionis

1354 1752 1380 1778 ,ρ
1410 1724 1576 1772 Christi,
1607 1724 1641 1760 δε
1671 1728 1907 1776 propositum
1929 1724 2195 1777 participandi
2226 1725 2376 1775 ipsam,
2417 1724 2478 1761 vel

1353 1806 1379 1825 „
1409 1778 1650 1830 suscipiendo
1679 1778 1915 1828 baptismum
1934 1809 1944 1827 ,
1975 1777 2036 1817 vel
2066 1777 2304 1828 subjiciendo
2333 1791 2370 1815 se
2400 1777 2479 1815 cla-

1355 1860 1380 1879 „
1410 1831 1521 1869 vibus
1552 1831 1762 1870 Ecclesiae.
1793 1831 1840 1869 Et
1870 1832 1954 1869 ideo
1982 1832 2136 1885 quando
2165 1830 2306 1883 aliquis
2326 1830 2478 1869 adultus

1355 1913 1381 1932 „
1411 1886 1599 1936 poenitens
1642 1886 1689 1923 ad
1732 1885 1970 1937 baptismum
2011 1885 2192 1934 accedit,
2235 1885 2479 1937 consequitur

1353 1967 1379 1986 „
1409 1939 1568 1989 quidem
1598 1939 1861 1976 remissionem
1876 1940 2055 1977 omnium
2072 1947 2315 1991 peccatorum
2334 1951 2377 1976 ex
2395 1950 2483 1990 pro-

1353 2020 1380 2039 „
1411 1993 1530 2042 posito
1559 1992 1770 2044 baptismi,
1813 1993 2021 2043 perfectius
2051 2002 2178 2030 autem
2222 2005 2266 2028 ex
2298 1990 2392 2029 reali
2422 2005 2484 2028 su-

1356 2073 1383 2092 „
1413 2046 1603 2095 sceptione
1633 2045 1854 2096 baptismi“
1878 2071 1889 2082 .
1937 2045 2036 2092 Quae
2066 2045 2272 2084 Novatores
2310 2045 2483 2089 obiicere

1352 2097 1498 2145 solent,
1529 2107 1568 2135 nt
1599 2097 1786 2150 probent,
1817 2107 1976 2149 peccata
2004 2099 2045 2136 iu
2074 2099 2288 2150 baptismo,
2331 2092 2367 2134 &⁴
2395 2113 2477 2149 poe-

1353 2152 1511 2189 nitentia
1541 2164 1614 2189 non
1645 2152 1792 2202 penitus
1821 2150 1931 2200 tolli,
1961 2152 2023 2190 sed
2053 2152 2176 2190 solum
2207 2153 2309 2203 tegi,
2341 2161 2379 2189 ut
2409 2165 2484 2190 non

1353 2205 1618 2257 imputentur,
1659 2220 1682 2243 a
1711 2204 1820 2243 nobis
1850 2214 2118 2258 praeoccupata
2146 2215 2230 2244 suut
2260 2204 2373 2244 Tom.
2404 2203 2475 2243 Vt.

2320 2419 2436 2458 PRO-

1359 2558 1385 2579 „
1410 2535 1569 2572 doctores
1595 2532 1739 2568 audiant
1755 2557 1766 2577 ,
1803 2534 1864 2579 qui
1890 2546 1910 2568 a
1934 2533 2111 2579 peccando
2135 2532 2367 2573 deterreant3
2395 2532 2482 2566 insi·

1359 2606 1386 2626 „
1412 2585 1544 2629 pientes
1562 2604 1572 2622 ‚
1596 2590 1635 2614 nt
1662 2582 1894 2624 acuentibus,
1930 2580 2254 2626 adjuvantibusque
2280 2579 2323 2613 ad
2350 2579 2483 2616 intelli-

1361 2653 1388 2672 „
1414 2628 1562 2675 gendum
1590 2627 1719 2662 dociles
1746 2639 1845 2661 aures
1871 2627 2072 2672 praebeant:
2101 2639 2246 2672 pueros,
2276 2634 2314 2659 ιιι
2341 2637 2491 2667 sensus,

1363 2699 1388 2719 „
1415 2677 1643 2719 animumque
1669 2674 1807 2708 virilem
1833 2675 2059 2719 concipiant:
2086 2674 2241 2708 infelices
2267 2671 2416 2717 denique
2443 2671 2488 2705 ad

1364 2745 1390 2764 ‚,
1415 2723 1525 2756 vitam
1550 2722 1688 2755 felicem
1706 2744 1716 2762 ‚
1743 2733 1803 2754 seu
1829 2730 1866 2755 ut
1886 2722 1997 2764 magis
2017 2721 2156 2767 proprie
2175 2720 2298 2766 loquar
2315 2741 2326 2761 ,
2352 2718 2394 2752 ad
2409 2719 2491 2753 bea-

1367 2791 1392 2810 „
1420 2768 1606 2802 titudinem
1633 2769 1851 2802 excitamus.
1890 2766 1956 2800 Sed
1980 2770 2170 2814 postquam
2197 2768 2249 2807 ii,
2285 2778 2372 2811 quos
2408 2765 2493 2798 hor·

1368 2837 1395 2857 „
1419 2816 1483 2849 tati
1511 2826 1630 2848 sumus
1646 2836 1656 2855 ‚
1682 2814 1958 2858 progressionem
1979 2813 2022 2847 ad
2040 2816 2210 2848 virtutem
2229 2814 2388 2847 fecerunt
2403 2834 2414 2853 ‚
2439 2813 2491 2846 ita

1368 2883 1393 2904 „
1417 2870 1457 2895 nt
1483 2862 1562 2895 illos
1588 2874 1607 2894 a
1631 2860 1797 2894 doctrina
1816 2860 2015 2894 emendatos
2036 2861 2141 2894 fuisse
2161 2861 2382 2901 innotescat,
2409 2868 2493 2892 tune

1369 2930 1394 2949 ‚,
1420 2906 1561 2941 demum
1587 2909 1714 2942 nostris
1740 2909 1920 2952 mysteriis
1943 2908 2169 2942 ἱιιίιῐαηιιιι·ιι
2187 2931 2195 2939 .
2230 2908 2284 2941 Ex
2311 2906 2365 2940 his
2392 2905 2492 2939 facile

1370 2955 1482 2988 refelli
1510 2962 1623 2999 potest
1659 2955 1835 2988 calumnia
1862 2955 2019 2995 Zosimi,
2055 2955 2201 2988 celebris
2235 2951 2326 2998 apud
2353 2953 2489 2985 Graecos

1369 3000 1556 3044 historiCI,
1594 3003 1653 3045 qui
1680 3013 1744 3046 pro
1768 3013 1829 3035 suo
1855 3002 1888 3035 in
1916 3001 2157 3035 Christianam
2190 3001 2391 3044 religionem
2420 2996 2485 3027 im-

1368 3048 1535 3093 placabili
1559 3047 1662 3090 odio,
1688 3060 1791 3082 ausus
1817 3057 1869 3082 est
1894 3048 2047 3082 scribere
2064 3070 2075 3089 ‚
2117 3047 2384 3082 Constantinum
2414 3042 2492 3073 Ma-

1369 3106 1477 3139 gnum
1504 3107 1569 3128 non
1597 3096 1665 3128 alia
1689 3094 1730 3128 de
1768 3106 1872 3129 causa
1913 3095 1956 3128 ab
1995 3093 2136 3128 ethnica
2175 3089 2418 3137 superstitione
2448 3086 2491 3119 ad

1369 3142 1502 3175 Christi
1529 3143 1704 3188 sequelam
1733 3143 1924 3183 transisse,
1951 3151 2058 3186 qnam
2083 3150 2121 3174 ut
2144 3140 2255 3173 multa
2273 3157 2285 3176 ‚
2311 3137 2342 3166 δε
2362 3145 2489 3177 magna

1369 3201 1431 3221 sua
1457 3189 1607 3223 crimina
1634 3190 1729 3222 sacili
1757 3189 1922 3234 baptismi
1944 3187 2097 3222 remedio
2113 3186 2266 3221 deleret,
2293 3192 2372 3213 cum
2399 3179 2491 3225 apud

1370 3236 1528 3269 Gentiles
1555 3235 1674 3270 eadem
1700 3237 1850 3270 crimina
1875 3236 1973 3269 nullo
1998 3241 2135 3280 possent
2173 3226 2344 3262 sacrificio
2369 3228 2492 3272 expia-

1369 3284 1427 3315 ri.
1471 3282 1581 3325 Quasi
1606 3295 1689 3317 vero
1715 3281 1806 3328 apud
1843 3294 1904 3316 nos
1942 3281 2143 3316 adultorum
2181 3282 2322 3326 peccata
2353 3281 2494 3319 possent

1372 3330 1450 3365 solo
1473 3330 1654 3376 baptismo
1681 3330 1756 3364 sine
1781 3338 1865 3365 vera
1884 3350 1896 3369 ‚
1922 3331 1954 3361 ἀ
1979 3323 2125 3371 salutari
2150 3321 2358 3367 poenitentia
2384 3321 2464 3355 tolli
2489 3340 2497 3350 ·
