2605 3624
210 151 223 176 ῑ
238 138 290 186 05
1017 128 1266 172 DISSERT

146 212 188 250 bi
219 214 409 250 divinitate
438 208 592 247 duriora
622 206 802 261 protulit3
833 207 1084 260 quamobrem
1116 212 1154 247 in
1186 224 1265 247 sus-

146 268 334 315 picionem
386 263 590 301 Arianismi
638 263 738 300 veuit
779 265 793 311 (
842 262 926 300 vide
972 277 1059 314 quae
1098 264 1266 300 diximus

148 318 261 355 Toni.
292 319 357 355 ill.
387 318 424 366 );
472 330 691 369 quanquam
723 328 794 352 non
827 315 934 352 video
956 345 966 362 ,
1007 317 1196 368 quomodo
1225 330 1265 353 e-

144 368 206 420 jus
236 372 327 410 fides
357 371 427 409 hac
457 372 498 408 in
540 378 644 421 parte
678 377 847 420 suspecta
883 369 990 406 red-li
1030 371 1168 421 possit,
1212 378 1262 406 et-

146 425 256 461 iamsi
300 424 567 462 concederetur
601 453 611 469 ,
660 436 746 459 eum
792 421 1022 460 Arianorum
1073 423 1261 474 impietati

144 476 368 516 adlxaesisse.
400 477 658 515 Ratiocinium
687 477 816 522 enim,
847 490 923 528 qno
952 477 999 513 ad
1029 476 1064 513 id
1097 476 1262 528 proban-

143 530 235 568 dum
275 533 389 569 utitur
421 531 646 578 Missorius,
695 530 813 566 nimis
850 529 987 566 subtile
1017 538 1090 577 est,
1119 530 1152 564 ὅ(
1183 528 1262 566 ion-

140 597 186 634 ge
216 587 402 635 petitum.
448 585 625 622 Ceterum
656 581 830 619 Gelasius
861 584 940 633 ipse
971 583 1009 619 in
1038 583 1167 619 eodem
1197 583 1261 619 de-

139 648 242 675 creto
271 638 430 676 [luscini
461 638 576 674 libros
606 636 800 673 historicos
833 644 988 683 propter
1027 648 1159 671 rerum
1190 648 1259 671 ηο-
1287 677 1288 681 ¹

140 694 274 729 riuum
302 692 571 744 singularem,
615 702 704 739 quoe
733 688 786 724 all
816 691 1116 725 instructionem
1146 692 1262 739 perti·

142 755 236 782 nent
257 776 266 792 ,
295 759 373 782 non
405 755 681 795 usquequaque
710 739 930 778 renuendos
959 741 1173 791 judicavit.
1221 740 1262 779 S.

136 799 252 836 etiam
285 799 542 850 Hieronymus
572 798 608 833 in
630 796 752 846 hpist.
773 794 820 831 ad
838 792 1127 831 Pammaclrium
1159 808 1261 832 eam·
1276 828 1284 831 i

134 851 223 888 dem
253 851 449 889 historiam
479 850 692 902 plurimum
724 846 914 885 laudavit.
946 847 1069 884 Immo
1091 846 1262 898 Pelagius

136 904 184 941 ll.
209 904 310 942 ΗΡ.
340 907 378 942 in
406 917 473 941 sua
501 902 665 941 secunda
696 900 816 951 Epist.
845 901 892 937 ad
914 899 1123 951 Episcopos
1143 901 1259 937 lstriae

139 957 265 1007 Quill,
308 956 528 1009 inquiebat,
559 959 600 992 in
629 952 951 1005 historiographis
979 957 1146 991 inveniri
1174 952 1258 991 Eu-

133 1010 238 1049 sebio
268 1009 532 1048 honorabilius
560 1006 722 1058 potest?

193 1064 281 1114 157.
311 1064 371 1101 Ad
399 1061 645 1100 secundum.
677 1061 863 1099 Asseritur
883 1060 1061 1113 quidem,
1091 1060 1154 1099 sed
1183 1073 1260 1100 non

131 1118 336 1168 probatur,
381 1116 421 1155 S.
446 1116 632 1154 Basilium
663 1127 708 1152 ex
738 1114 906 1152 Eusebio
935 1114 1013 1153 solo
1042 1128 1085 1152 ea
1116 1113 1259 1153 hausis-

130 1184 170 1207 se
187 1201 196 1217 ‚
225 1184 313 1223 quae
341 1171 389 1208 de
418 1170 640 1222 rebaptismi
662 1169 916 1207 controversia
935 1170 1084 1220 scripsit
1103 1169 1149 1206 ad
1167 1169 1258 1205 Am-

131 1223 401 1275 philochium.
431 1224 554 1262 Immo
583 1223 733 1275 potius,
764 1236 851 1260 cuin
876 1221 1106 1259 Firmiliano
1136 1223 1172 1260 in
1186 1222 1258 1259 Ca-

129 1275 262 1315 tliedra
290 1278 517 1316 Caesariensi
547 1289 622 1315 non
652 1284 733 1328 post
760 1276 898 1314 multos
925 1286 1042 1313 annos
1070 1288 1257 1314 successe-

129 1331 207 1378 rit,
238 1341 482 1369 monumenta
511 1332 598 1369 satis
627 1328 747 1367 multa
776 1331 816 1367 in
833 1338 1014 1382 promptu
1030 1327 1170 1366 habere
1191 1342 1256 1380 po-

133 1386 206 1421 tuit
235 1398 366 1422 eorum
383 1414 394 1432 ,
424 1398 511 1436 quae
541 1397 616 1420 non
646 1382 757 1433 longo
779 1385 958 1434 temporis
979 1382 1180 1420 intervallo
1202 1382 1255 1420 ibi

126 1438 385 1488 contigerant,
417 1446 499 1475 tum
529 1437 644 1474 etiam
674 1447 806 1473 eorum
824 1466 835 1483 ,
864 1449 952 1488 quae
968 1437 1200 1486 contigerant
1218 1437 1256 1473 in

129 1491 263 1528 Africa
279 1520 289 1538 ,
319 1498 474 1541 propter
490 1489 764 1526 commercium
787 1488 1001 1526 litterarum
1018 1519 1028 1536 ,
1052 1489 1152 1539 quod
1170 1488 1255 1526 Fir-

127 1542 309 1581 milianus
338 1557 427 1581 cum
458 1542 652 1594 Cypriano
680 1540 893 1579 habuerat.
933 1542 1097 1579 Leviora
1126 1550 1254 1579 autem

121 1605 234 1644 sunt,
273 1610 359 1650 quae
389 1595 591 1635 Missorius
621 1595 659 1632 in
688 1592 759 1631 hac
790 1593 920 1632 Basilii
950 1593 1120 1645 Epistola
1150 1595 1254 1632 inve-

121 1651 181 1688 nit
212 1651 505 1703 reprehensione
532 1649 673 1700 digna,
701 1661 772 1686 nec
802 1648 915 1695 talia,
948 1656 985 1684 ut
1008 1648 1088 1697 ipsa
1104 1646 1253 1699 Episto-

121 1702 162 1740 la
190 1714 252 1741 aut
281 1705 501 1757 supposita,
543 1711 608 1740 aut
643 1700 777 1739 saltem
817 1702 948 1739 vitiata
989 1701 1067 1739 dici
1109 1701 1252 1752 possit,

124 1767 254 1795 contra
282 1759 460 1796 omnium
488 1757 718 1794 Criticorum
749 1754 964 1806 judicium.

183 1811 270 1849 158.
301 1813 440 1849 Dices.
470 1809 657 1848 Eusebius
686 1822 796 1846 suam
827 1808 1081 1860 ignorantiam
1113 1809 1150 1846 in
1180 1806 1251 1845 llac

121 1865 347 1916 rebaptismi
368 1864 525 1901 historia
555 1862 706 1915 prodit,
737 1863 905 1913 primam
935 1861 1104 1911 ejusdem
1135 1862 1252 1912 origi-

121 1931 209 1956 nem
241 1918 407 1955 tribuens
420 1917 644 1968 Cvpriano,
674 1915 799 1966 inquit
827 1915 928 1952 enim
952 1913 1038 1952 Lib.
1055 1914 1141 1951 Vll.
1159 1927 1194 1950 c.
1212 1914 1251 1951 5.

121 1970 307 2008 Primum
335 1964 515 2008 omnium
550 1969 805 2021 Cyprianus,
848 1971 912 2018 qui
940 1976 1033 2004 tunc
1064 1971 1250 2017 temporis

125 2023 490 2077 Carthaginensem
520 2022 683 2075 regebat
703 2020 936 2059 Ecclesiam
954 2051 964 2068 ,
994 2023 1153 2058 nonnisi
1181 2032 1250 2069 per

122 2078 365 2129 baptismum
394 2078 444 2116 αἶ)
474 2089 607 2116 errore
636 2079 742 2127 prius
765 2073 1003 2113 emundatos
1032 2073 1248 2111 admitten-

122 2131 192 2169 ‹Zos
221 2146 307 2170 esse
334 2136 513 2170 censuit:
555 2130 754 2182 ignorabat
782 2141 896 2180 erge,
939 2141 1026 2180 qua!
1059 2137 1142 2164 ante
1171 2127 1247 2180 Cy-

121 2186 307 2238 prianum
336 2186 370 2222 8<
401 2187 439 2225 in
464 2186 617 2231 Africa,
649 2182 682 2220 8<
714 2185 751 2221 in
774 2182 862 2221 Asia
890 2192 972 2220 acta
1003 2182 1179 2229 fuerant,
1211 2190 1249 2221 ut

118 2239 279 2291 proinde
309 2238 414 2277 nulla
443 2239 536 2278 fides
566 2238 601 2275 ei
631 2235 807 2275 habenda
835 2237 907 2274 sit.

180 2293 267 2346 ¹59·
299 2293 431 2346 Presp0,
466 2292 683 2332 nullatenus
714 2289 926 2328 Eusebium
957 2304 1000 2327 ea
1029 2290 1245 2341 ignorasse,

119 2360 207 2399 quae
240 2349 280 2386 in
312 2349 399 2386 Asia
426 2347 476 2386 ab
505 2343 766 2384 Orientalibus
794 2352 895 2396 gesta
926 2343 1098 2390 fuerant,
1128 2357 1249 2395 quan-

121 2401 328 2452 doquidem
367 2415 410 2438 ea
447 2414 622 2452 expresse
665 2397 794 2436 retulit
836 2399 874 2435 in
903 2397 1008 2435 laud.
1039 2395 1128 2434 Lib.
1158 2395 1246 2434 Vll.

120 2467 202 2491 suae
233 2453 426 2492 historiae.
470 2454 630 2500 Quando
659 2465 747 2503 ergo
775 2451 898 2498 dixit,
937 2451 1175 2502 Cyprianum
1206 2462 1247 2487 0-

115 2511 277 2544 mnium
307 2511 478 2557 primum
501 2507 750 2557 rebaptizasse
772 2505 989 2553 haereticos,
1020 2503 1139 2541 voluit
1168 2512 1248 2541 tan-

120 2561 320 2598 tummodo
349 2560 519 2598 indicare
539 2560 725 2612 Cypriani
746 2559 964 2609 dignitatem
982 2587 992 2606 ,
1024 2556 1057 2592 8<
1089 2556 1247 2610 praecel-

119 2613 281 2653 lentiam
314 2615 410 2652 inter
440 2626 526 2662 eos,
568 2614 636 2665 qui
679 2611 988 2664 rebaptizabant;
1032 2611 1092 2648 vel
1131 2614 1247 2649 etiam

120 2673 298 2718 primam
326 2668 512 2719 originem
543 2667 787 2705 contentionis
816 2679 906 2702 cum
936 2664 1125 2715 Stephano
1143 2665 1186 2703 R.
1204 2663 1246 2702 P.

120 2722 202 2760 Nec
231 2722 408 2759 videntur
438 2721 554 2759 Henr.
583 2718 758 2758 Valesius
791 2718 945 2756 Eusebii
979 2727 1143 2755 mentem
1175 2718 1246 2755 hoc

121 2778 165 2814 in
193 2774 275 2812 loco
305 2773 466 2813 feliciter
502 2784 716 2812 assecutus.
765 2772 893 2810 Verba
931 2783 1058 2819 graeca
1087 2771 1246 2809 Ensobii

121 2830 207 2869 haec
228 2838 311 2866 sunt.
326 2842 334 2865 2
350 2830 488 2877 πρῶτος
510 2832 584 2868 «τῶν
604 2829 694 2868 ‘to're
709 2826 915 2870 Kunmm‘,
943 2828 998 2862 ιῐις
1024 2826 1127 2862 καφ)
1143 2824 1247 2870 Καρ-

126 2879 279 2934 χήῖσνα
300 2879 491 2929 παρσικιάς
506 2882 659 2927 ποιμῆν,
683 2878 871 2919 tissime.»
897 2871 1007 2918 riSau'
1030 2878 1147 2922 λετρὲ
1162 2874 1247 2916 πρό-

121 2951 221 2985 τερον
234 2940 301 2975 τῆς
315 2932 463 2977 vulin<
478 2930 776 2977 ε’κκαῧηρημένες
788 2931 979 2975 ’προσίεται
995 2928 1073 2966 Seii*
1089 2927 1248 2975 bypcfro.

122 2988 223 3035 Quae
254 2987 305 3024 sic
326 2985 434 3022 vertit
453 2982 832 3033 Christopliorsonus:
861 2981 1077 3032 Cyprianus
1097 2985 1247 3028 primus

123 3053 289 3088 eorum,
319 3040 383 3090 qui
411 3045 504 3073 tunc
532 3039 717 3084 temporis
737 3033 943 3086 florebant
988 3037 1002 3084 (
1042 3033 1080 3069 in
1117 3034 1246 3072 Africa

123 3094 269 3134 scilicet
300 3099 449 3143 propter
479 3090 642 3139 primam
674 3102 751 3125 suae
782 3088 878 3126 sedis
897 3088 1118 3138 dignitatem
1142 3086 1245 3133 )&c.

125 3148 188 3187 cui
219 3146 382 3185 versioni
413 3142 645 3182 consentiunt
676 3140 896 3179 Pearsonins
928 3143 965 3178 in
997 3140 1146 3177 Animi.
1168 3139 1246 3192 Cy-

125 3203 342 3253 prianicis,
374 3197 527 3248 Pagius,
559 3193 592 3230 8<
621 3194 714 3232 alii.
764 3195 918 3232 Frustra
949 3206 1035 3230 vero
1068 3204 1246 3244 repugnat

127 3255 328 3295 Missorius
356 3252 448 3304 quia
477 3246 718 3300 Nicepliorus
745 3247 901 3285 Callixti
920 3277 929 3294 ,
961 3246 1170 3284 Eusebium
1201 3249 1246 3286 de

126 3322 234 3349 more
254 3306 484 3352 exscribens,
517 3302 603 3341 Lib.
620 3301 688 3340 VI.
709 3315 787 3340 suae
810 3300 974 3338 historias
996 3314 1081 3353 cap.
1106 3315 1141 3352 7.
1170 3303 1245 3354 Cy-

128 3364 307 3415 prianum
354 3359 444 3399 facit
489 3361 663 3410 primum
708 3355 963 3408 anabaptismi
1014 3363 1206 3395 auctorem
1233 3383 1243 3397 .

1271 159 1282 171 .
1315 128 1368 171 ΙΙ.
1402 127 1529 172 CAP.
1563 128 1640 174 IV.

1335 208 1489 246 Frustra
1519 210 1702 261 inquam3
1739 207 1834 258 qnid
1863 207 1965 245 enim
1997 213 2120 253 vetat,
2163 202 2451 256 Nicephorum,

1334 275 1406 299 non
1436 264 1562 299 minus
1590 276 1707 313 quam
1730 261 1929 298 Valesium
1960 260 2058 298 male
2089 260 2202 296 fnisse
2221 258 2453 308 obscuriora,

1332 314 1365 350 8<
1397 316 1597 367 aequivoca
1627 315 1742 352 verba
1772 314 1929 352 Eusebii
1962 311 2270 365 interpretatum?
2307 312 2455 359 Quam·

1331 382 1448 418 quam
1478 370 1653 405 omnium
1689 369 1833 419 optima
1876 365 1972 405 mihi
2015 368 2162 406 videtur
2198 367 2456 417 ’interpretatio

1330 420 1390 456 Jo.
1419 420 1614 457 Sbaraleae
1645 420 1804 457 Dissert.
1826 421 1873 458 ll.
1906 419 2049 458 Theor.
2070 421 2108 466 4.
2138 419 2184 457 ad
2215 432 2364 471 propos.
2388 419 2424 457 5.
2442 448 2454 466 ,

1330 486 1469 523 nempe
1499 473 1734 510 cohaerenter
1770 473 1818 511 ad
1846 474 2098 524 praecedentia
2135 472 2278 520 verba,
2316 471 2458 524 quibus

1331 524 1521 562 Eusebius
1552 535 1798 573 narraverat,
1842 540 1917 563 non
1956 528 2186 576 mediocrem
2219 535 2346 564 natam
2378 538 2454 562 esse

1330 586 1419 615 tuuc
1451 580 1632 630 temporis
1676 579 1723 615 de
1767 577 2041 630 rebaptizandis
2084 579 2272 617 liaereticis
2310 588 2456 616 contro-

1329 632 1493 669 versiam
1508 661 1518 679 ,
1548 632 1734 679 subdere,
1764 631 2001 682 Cyprianum
2021 635 2193 681 primum
2211 646 2340 670 eornm
2363 633 2456 670 fnis-

1332 698 1369 722 se
1400 686 1495 723 inter
1516 699 1574 721 eos
1589 715 1597 731 ,
1628 686 1693 736 qui
1715 693 1806 720 tunc
1821 684 2086 736 disputabant:
2117 686 2239 735 reipsa
2260 686 2360 722 enim
2377 687 2454 737 Cy—

1334 738 1493 789 prianus
1522 739 1666 789 primas
1696 736 1832 775 habuit
1863 746 1986 787 partes
2014 739 2053 774 in
2081 739 2334 776 controversia
2365 748 2456 776 tunc

1330 801 1480 829 exorta.
1511 793 1686 829 Ceterum
1705 821 1715 837 ,
1747 791 1892 828 etiamsi
1922 790 2214 838 concederetur,
2242 790 2455 829 Eusebium

1330 845 1369 881 in
1402 843 1473 882 liae
1503 847 1789 883 circumstantia
1833 844 2012 895 temporis
2053 856 2216 891 errasse,
2260 856 2333 880 non
2370 857 2456 896 pro-

1331 907 1460 948 pterea
1489 900 1687 950 sequitur,
1733 898 1860 949 ipsum
1903 910 2046 935 errasse
2075 898 2189 935 etiam
2232 897 2270 934 in
2299 904 2373 934 tota
2401 898 2457 934 rei

1329 950 1536 989 substantia
1555 979 1564 989 .

1387 1005 1475 1051 140.
1505 1006 1597 1055 Obj.
1627 1009 1767 1043 tertio.
1798 1005 2073 1053 Monumenta,
2101 1017 2189 1056 quae
2219 1003 2259 1043 S.
2289 1003 2452 1056 Cypria-

1327 1070 1421 1095 num
1452 1061 1491 1096 in
1522 1059 1839 1111 rebaptizantium
1875 1071 2033 1096 numero
2068 1066 2281 1110 reponunt,
2323 1058 2452 1095 omnia

1328 1113 1595 1163 suppositionis
1625 1122 1713 1150 nota
1746 1112 1945 1150 laborant.
1975 1111 2075 1150 Nam
2103 1115 2233 1161 primo
2261 1111 2301 1148 S.
2320 1112 2450 1161 Augu-

1326 1165 1447 1203 stinus
1475 1166 1521 1202 de
1552 1166 1633 1213 ejus
1659 1165 1839 1219 Epistolis
1863 1165 2038 1203 dubitare
2070 1179 2107 1201 se
2136 1164 2356 1217 profitetur3
2387 1164 2452 1201 Li-

1325 1216 1396 1255 bro
1426 1220 1523 1256 enim
1542 1220 1607 1257 lli.
1637 1220 1724 1257 adv.
1753 1220 2000 1257 Cresconium
2030 1218 2143 1257 053.
2175 1219 2321 1269 inquit:
2354 1216 2455 1254 Cum.

1325 1275 1434 1308 enirn
1471 1272 1712 1321 persuadere
1743 1282 1989 1320 conaretur,
2033 1272 2090 1309 vel
2119 1271 2161 1309 S.
2196 1270 2424 1323 Cyprianus
2445 1300 2456 1318 ,

1325 1325 1382 1361 rel
1410 1330 1642 1377 quicumque
1670 1327 1784 1364 illam
1814 1329 1968 1375 scripsit
1996 1324 2249 1376 Epistolam,
2293 1324 2451 1362 izaereti-

1324 1390 1391 1415 cos
1420 1379 1475 1415 ati
1490 1379 1721 1417 Ecclesiam
1738 1383 1937 1417 venientes
1957 1378 2149 1428 baptizari
2169 1386 2346 1427 oportere
2361 1379 2449 1417 &c-

1324 1430 1468 1469 Pariter
1499 1434 1598 1471 idem
1624 1433 1664 1472 S.
1690 1434 1920 1483 Augustinus
1948 1431 2103 1484 loquens
2132 1432 2178 1469 de
2193 1431 2367 1468 Concilio
2384 1431 2452 1469 lll-

1322 1485 1603 1534 Carthaginensi
1627 1486 1714 1524 Lib.
1735 1488 1760 1526 l.
1781 1495 1910 1525 contra
1930 1486 2176 1527 Cresconium
2198 1499 2283 1535 cap.
2306 1485 2371 1523 52.
2392 1485 2452 1523 in·

1323 1540 1424 1588 quit:
1456 1538 1570 1577 Ναηῑ
1599 1548 1648 1581 <9⁴
1679 1554 1742 1578 ros
1770 1539 1954 1592 profertis
1988 1538 2207 1576 Concilium
2232 1538 2451 1591 Cypriani,

1323 1590 1423 1640 quod
1452 1602 1522 1628 aut
1551 1607 1633 1630 non
1663 1603 1720 1631 est
1738 1593 1930 1645 jactum,
1959 1601 2028 1629 aut
2057 1606 2086 1630 a
2114 1595 2255 1629 ceteris
2284 1595 2450 1629 unitatis

1325 1643 1542 1693 membris,
1585 1659 1612 1683 a
1641 1646 1774 1695 quihus
1804 1647 1864 1683 ills
1893 1659 1974 1682 non
2003 1645 2146 1684 dis-isus
2181 1654 2264 1692 est,
2308 1649 2450 1683 merito

1325 1707 1586 1745 separatura.
1631 1699 1758 1745 Quam
1789 1698 2065 1737 dubitationem
2109 1699 2248 1735 iterum
2283 1699 2450 1736 insinuat

1321 1749 1412 1787 Lib.
1431 1751 1478 1788 ΙΙ.
1509 1765 1595 1803 cap.
1614 1751 1679 1790 31.
1711 1752 1908 1804 inquiens:
1941 1750 2146 1800 Quamdiu
2176 1750 2291 1787 aliter
2320 1755 2451 1801 sapuit:

1325 1802 1553 1855 Cyprianus
1570 1834 1581 1853 ,
1611 1809 1644 1842 si
1674 1810 1822 1855 scripta
1843 1805 1930 1857 ejus
1951 1818 2036 1842 esse
2055 1812 2214 1842 constat
2232 1831 2241 1849 ,
2271 1817 2359 1853 quoe
2380 1817 2449 1853 pro

1321 1857 1422 1895 vobis
1441 1858 1683 1909 proferenda
1703 1859 1958 1897 arbitramini
1973 1861 2061 1899 (9⁶0.
2090 1859 2167 1906 Qui
2186 1856 2335 1896 multa?
2363 1858 2450 1896 Non

1320 1909 1444 1947 solum
1473 1911 1520 1949 de
1549 1914 1726 1964 scriptis,
1757 1911 1791 1947 δε
1819 1911 1992 1950 Concilio
2021 1913 2234 1964 Cypriani,
2273 1912 2335 1949 sed
2364 1910 2449 1962 pla-

1319 1977 1368 2000 ne
1397 1963 1443 2000 de
1473 1972 1548 2001 toto
1578 1967 1726 2015 negotio
1744 1980 1783 2002 se
1805 1966 2013 2016 ancipitem
2035 1965 2075 2002 S.
2097 1965 2356 2014 Hipponensis
2375 1967 2450 2003 An-

1319 2018 1422 2053 tistes
1450 2018 1610 2054 ostendit
1642 2017 1762 2068 Epist.
1778 2017 1918 2055 XCIII.
1949 2017 2043 2054 alias
2063 2017 2243 2054 XLVlH.
2273 2017 2319 2054 ad
2350 2016 2448 2055 Viu-

1318 2071 1485 2107 centium
1505 2069 1732 2122 Rogatistam
1750 2100 1760 2118 ,
1791 2071 1855 2108 cui
1877 2072 1927 2108 ita
1947 2069 2080 2108 scribit
2100 2084 2186 2122 cap.
2207 2084 2267 2108 ιο.
2309 2070 2448 2121 Quan-

1317 2136 1440 2173 quam
1470 2136 1548 2160 non
1588 2122 1744 2170 desint,
1787 2126 1851 2172 qui
1890 2122 1960 2161 lzoc
1994 2123 2243 2176 Cyprianum
2287 2138 2445 2174 prorsus

1318 2189 1400 2213 non
1429 2181 1601 2215 sensisse
1630 2176 1902 2225 contendant,
1932 2177 2001 2214 secl
2029 2176 2098 2214 sub
2127 2179 2213 2228 ejus
2234 2182 2397 2216 nomine
2417 2192 2445 2216 a

1317 2230 1685 2282 praesumptoribus,
1729 2240 1849 2281 atque
1879 2229 2136 2268 mendacibus
2153 2229 2288 2282 fuisse
2318 2232 2446 2284 confi-

1319 2293 1453 2332 ctum,
1498 2284 1563 2322 ubi
1595 2285 1709 2322 etiam
1739 2285 1891 2322 adducit
1921 2285 2142 2337 exemplum
2178 2298 2306 2323 eorum
2327 2315 2337 2334 ,
2380 2288 2446 2334 qui

1325 2337 1393 2375 sub
1424 2342 1587 2376 nomme
1615 2338 1889 2388 Apostolorum
1921 2339 2047 2376 multa
2077 2339 2357 2392 confixerunt.
2396 2338 2446 2377 Et

1317 2391 1439 2442 Epist.
1455 2391 1595 2429 CVlll.
1624 2392 1671 2429 ad
1703 2391 1948 2430 Macrobium
1978 2406 2064 2445 cap.
2095 2393 2133 2431 5.
2176 2392 2276 2430 Illud
2308 2392 2446 2430 Conci-

1317 2445 1413 2483 lium
1428 2476 1437 2493 ,
1468 2446 1594 2497 inquit
1612 2475 1622 2493 ,
1654 2446 1710 2483 vel
1731 2446 1799 2482 illa
1818 2449 1968 2497 scripta
1986 2475 1997 2493 ,
2026 2449 2058 2482 si
2080 2458 2166 2483 vere
2187 2449 2304 2495 ipsius
2324 2455 2414 2483 sunt
2431 2476 2443 2493 ,

1316 2498 1366 2538 <9¹
1397 2512 1478 2536 non
1508 2503 1604 2536 sicut
1635 2500 1757 2549 aliqui
1777 2507 1918 2550 putant
1935 2529 1944 2545 ,
1976 2497 2043 2536 sub
2064 2500 2149 2551 ejus
2170 2502 2330 2537 nomine
2350 2512 2444 2536 con·

1316 2556 1464 2602 scripta
1484 2553 1570 2593 &a
1615 2552 1780 2598 Quando
1811 2553 1926 2603 igitur
1954 2552 2041 2589 aliis
2072 2553 2109 2589 in
2140 2551 2233 2590 locis
2261 2552 2445 2590 concede-

1318 2620 1357 2643 re
1379 2607 1525 2644 videtur
1543 2637 1554 2655 ,
1584 2606 1623 2643 S.
1641 2607 1878 2659 Cyprianum
1910 2606 2023 2642 fuisse
2053 2618 2177 2643 errore
2208 2605 2443 2658 rebaptizan-

1318 2661 1415 2697 tium
1448 2660 1660 2698 involutum
1680 2687 1689 2698 .
1738 2658 1926 2711 Epistulas
1958 2658 2027 2696 hac
2056 2659 2102 2696 de
2132 2673 2244 2697 causa
2274 2660 2442 2711 scripsis-

1317 2727 1381 2760 se,
1426 2722 1488 2750 aut
1517 2716 1630 2750 etiam
1662 2713 1878 2751 Concilium
1908 2713 2095 2763 coegisse,
2131 2713 2333 2751 dicendum
2364 2722 2444 2760 est,

1317 2766 1358 2804 S.
1392 2765 1595 2804 Doctorem
1626 2768 1742 2804 fuisse
1780 2765 2027 2818 hypoflzeuce
2057 2766 2253 2815 locutum,
2297 2766 2444 2806 scilicet

1316 2832 1392 2857 non
1422 2819 1461 2857 in
1492 2821 1670 2872 propria,
1701 2820 1763 2858 sed
1793 2822 1831 2857 in
1863 2821 2045 2858 sententia
2062 2820 2345 2859 Donatistarum
2363 2851 2373 2869 ,
2404 2827 2445 2857 ut

1315 2886 1454 2924 nempe
1484 2872 1563 2911 illis
1592 2873 1837 2912 conniveret.
1868 2874 1979 2912 Unde
2011 2883 2135 2925 postea
2155 2876 2208 2913 sic
2229 2874 2441 2913 concludit:

1318 2925 1547 2977 Cyprianus
1576 2936 1645 2963 aut
1665 2941 1745 2964 non
1760 2932 1880 2966 sensit
1896 2932 2061 2968 omnino
2078 2960 2087 2976 ,
2117 2928 2220 2979 quod
2235 2942 2327 2966 eum
2347 2939 2435 2964 sen-

1315 2983 1412 3016 sisse
1441 2984 1644 3025 recinium
1674 2990 1744 3018 aut
1774 2980 1842 3019 hoc
1870 2991 2007 3033 postea
2036 2987 2209 3020 correxit
2237 2987 2278 3020 in
2297 2979 2434 3030 regula

1315 3037 1517 3081 veritatis,
1557 3044 1627 3072 aut
1658 3033 1758 3073 hunc
1786 3040 1901 3086 quasi
1930 3049 2086 3074 noevum
2116 3040 2176 3075 sui
2204 3032 2437 3074 candidissi-

1315 3090 1372 3123 mi
1400 3091 1566 3136 pectoris
1596 3093 1794 3139 cooperuit
1823 3089 1937 3127 ubere
1966 3089 2201 3128 charitatis.

1375 3141 1462 3186 141.
1494 3140 1631 3194 Restm,
1664 3144 1777 3180 fnisse
1807 3145 1961 3195 quidem
1993 3144 2033 3181 S.
2056 3142 2256 3192 Augustino
2284 3139 2437 3180 dubita-

1314 3194 1454 3232 tionem
1484 3196 1691 3247 quamdam
1734 3198 1780 3234 de
1824 3210 1950 3235 errore
1983 3195 2167 3247 Cypriani
2210 3191 2436 3244 subortam,

1313 3248 1376 3286 sed
1408 3248 1638 3288 levissimam
1658 3280 1668 3299 ,
1706 3250 1739 3287 &
1769 3264 1857 3303 quae
1891 3243 2054 3288 historiae
2084 3246 2350 3285 certitudinem
2382 3248 2438 3287 la-

1312 3302 1502 3340 befactare
1532 3317 1602 3341 non
1627 3312 1768 3355 potest3
1799 3305 1858 3343 vel
1881 3305 1992 3341 etiam
2013 3301 2053 3338 S.
2076 3299 2330 3350 Augustinum
2352 3301 2436 3340 lau-

1312 3355 1406 3397 datis
1435 3357 1473 3397 in
1501 3357 1596 3398 locis
1625 3370 1695 3396 nou
1724 3371 1818 3408 sua,
1848 3357 1911 3396 sed
1938 3354 2103 3394 aliorum
2132 3353 2250 3393 dubia
2272 3356 2436 3396 referre.

2328 3408 2389 3450 U-
