2605 3624
801 116 881 160 DE
917 115 1035 159 TRA
1046 114 1702 163 NSUBSTANTIATJONE.

141 201 236 242 581.
266 199 361 253 Obj.
380 195 574 239 secundo.
604 196 645 234 lu
665 193 908 233 Eucharistia
937 204 1119 247 apparent
1148 210 1209 232 ea—

83 255 172 295 dem
194 257 351 294 omniuo
370 246 506 306 panis}
537 250 697 302 vinique
725 250 963 296 accidentia,
993 262 1082 301 qum
1104 257 1211 286 erant

87 320 174 349 ante
202 309 550 350 consecrationem3
591 304 655 341 sed
686 302 755 342 illa
797 303 1008 340 accidentia
1045 302 1211 341 inhaere-

85 364 181 404 hant
209 361 424 400 substantiae
456 358 565 410 panis
593 356 628 393 ἃ
657 358 760 395 vini:
790 369 879 408 ergo
906 357 977 394 &c-

141 414 232 455 582.
264 412 376 465 Resp.
404 425 494 450 cuin
524 411 566 450 S.
595 409 748 448 'l'homa
778 410 816 449 5.
837 411 878 448 Ρ.
910 425 948 462 q.
973 411 1037 461 75.
1067 418 1138 448 art.
1159 410 1210 458 5.,

82 477 165 524 post
192 466 515 506 consecrationem
546 477 744 502 remanere
772 463 848 503 sola
879 465 1089 502 accidentia
1107 494 1117 512 ‚
1162 466 1211 502 si·

83 536 132 562 ue
159 520 391 560 substantia:
435 518 505 558 hoc
534 528 661 556 autem
692 516 983 556 rationabiliter
1013 532 1081 570 per
1110 518 1211 556 divi-

82 587 175 614 nam
205 573 485 626 providentiam
515 571 600 610 fieri
632 572 766 624 probat
804 572 1039 618 Auwelicus,
1082 576 1212 623 primo

111 626 240 666 uidem
256 657 267 676 ,
297 630 392 680 quia
420 639 502 664 non
530 634 588 663 est
611 635 844 663 consuetum
865 604 1084 662 iimrztntbus
1101 655 1111 673 ‚
1142 625 1212 662 sed

81 641 265 720 {orribile
295 694 467 720 carnem
496 679 666 718 hominis
696 678 933 727 comedere,
967 679 1016 720 (¹9¹
1045 682 1210 731 sangui-

82 748 178 774 nem
208 734 360 774 bibere:
389 735 439 776 <9-
469 733 556 772 ideo
583 742 855 784 proponuntur
873 731 981 770 nobis
1011 745 1131 780 caro,
1161 734 1211 774 Εἰ)

81 793 251 841 sanguis
280 788 427 826 Christi
455 787 654 826 sumenda
682 786 751 825 sub
790 785 989 836 speciebus
1024 788 1182 823 illorum
1199 816 1211 835 ‚

80 856 173 895 quoe
189 843 449 895 frequentius
477 846 519 879 in
548 854 664 878 usum
694 839 864 878 hominis
893 844 1078 888 veniunt,
1107 841 1211 878 scili-

80 905 146 935 cet
174 901 319 948 pan-is,
346 896 398 936 (9-
426 899 531 933 vini.
561 893 770 942 Secundo,
800 907 851 930 ne
878 892 950 930 lzoc
964 894 1211 930 Sacramen-

85 958 173 988 tum
201 949 253 988 ab
280 948 504 1003 infidelibus
533 947 765 985 irrideretur
782 977 792 993 ‚
822 950 855 984 si
884 945 954 983 sub
974 950 1102 995 specie
1120 960 1210 997 pro-

80 1007 174 1055 pria
189 1002 411 1041 Dominum
439 1010 621 1038 nostrum
651 999 1018 1037 manducaremus.
1052 999 1209 1048 Tertio,

83 1066 127 1094 ut
155 1055 250 1094 dum
279 1054 520 1094 invisibiliter
550 1065 690 1103 corpus
712 1083 723 1101 ‚
765 1054 814 1093 (9⁶
855 1057 1097 1105 sanguinem
1128 1053 1210 1091 Do-

83 1113 185 1148 mini
215 1113 340 1147 nostri
366 1110 564 1146 sumimus
581 1137 592 1156 ,
622 1113 692 1145 noc
720 1106 909 1159 proficiat
938 1106 994 1144 ad
1023 1111 1210 1145 meritum

70 1162 206 1218 fidei.
248 1163 321 1202 Cui
351 1162 393 1202 S.
423 1161 587 1200 Thomae
616 1163 811 1199 seutentiae
842 1162 967 1199 omnis
996 1160 1209 1213 Theologo-

81 1229 171 1256 tum
198 1215 341 1255 chorus
367 1214 570 1269 applaudit
586 1241 598 1253 .
627 1216 750 1252 immo
778 1214 811 1250 8t
830 1214 1008 1267 Synodus
1027 1215 1209 1253 Constan-

79 1271 238 1318 niensis,
279 1283 370 1324 quae
400 1269 500 1308 Sese.
531 1268 639 1306 VIII.
669 1268 765 1307 hanc
796 1270 891 1306 inter
919 1268 1016 1307 alias
1044 1268 1209 1307 Wiclefi

81 1325 378 1377 propositionem
405 1324 625 1362 damnavit:
654 1321 703 1360 In
720 1320 980 1361 Eucharistia
1009 1335 1090 1360 non
1120 1336 1210 1361 ma·

82 1387 180 1416 nent
209 1377 440 1416 accidentia
467 1381 555 1416 sine
583 1375 760 1428 subjecto
791 1379 856 1427 (a)
873 1402 884 1414 .

139 1430 234 1470 383.
260 1431 378 1470 Dices
404 1434 561 1480 primo.
605 1431 875 1469 Accidentium
907 1439 1041 1468 natura
1059 1460 1069 1478 ‚
1100 1439 1211 1482 prout

79 1498 108 1523 a
135 1485 345 1524 substantia
373 1485 686 1537 distinguuntur,
714 1493 767 1523 est
794 1496 876 1521 non
905 1487 946 1521 in
965 1497 1009 1522 se
1029 1483 1210 1522 subsiste-

81 1550 156 1586 re,
186 1539 248 1576 sed
278 1537 452 1590 subjecto
479 1537 699 1584 adhaerere3
730 1547 875 1576 remota
905 1539 1041 1590 igitur,
1075 1547 1114 1575 ut
1144 1551 1212 1576 nos

78 1591 376 1641 contendimus,
404 1591 617 1631 substantia
646 1593 775 1645 panis,
805 1590 839 1628 ἃ
861 1594 966 1639 viui,
995 1593 1060 1630 cui
1090 1592 1211 1630 inhae-

81 1645 241 1694 rebant‚
270 1658 346 1684 uon
377 1654 555 1698 poterunt
583 1645 754 1697 amplius
774 1659 995 1684 remanere.

90 1724 92 1726 v
138 1698 233 1745 584.
264 1698 479 1751 Respondet
496 1698 701 1751 Angelicus
722 1699 819 1737 ibid.
839 1700 887 1736 ad
906 1712 963 1746 1.‚
985 1697 1108 1747 quod,
1138 1703 1214 1736 sic-

83 1760 129 1792 ut
157 1752 300 1790 dicitur
327 1756 369 1790 in
392 1750 481 1790 Lib.
505 1752 553 1790 de
573 1755 731 1799 causis,
761 1749 928 1799 effectus
955 1753 1041 1801 plus
1071 1751 1215 1802 depen-

84 1804 154 1842 det
182 1818 210 1844 a
239 1817 368 1843 causa
394 1809 557 1854 prima,
586 1818 715 1857 quam.
732 1818 760 1842 a,
780 1817 908 1842 causa
929 1804 1130 1844 secunda.
1161 1805 1216 1843 Ec

83 1857 176 1903 {aleo
203 1862 342 1898 virtute
371 1857 470 1908 Dei,
503 1862 568 1910 qui
596 1867 655 1897 est
683 1871 813 1897 causa
841 1862 975 1909 prima
1003 1863 1183 1897 omnium
1202 1890 1214 1909 ,

71 1911 178 1965 fieri
199 1921 324 1963 potest
341 1942 353 1961 ,
382 1920 689 1957 ut‚remaneant
704 1918 924 1962 posteriora,
956 1915 969 1962 (
987 1912 1132 1951 scilicet
1152 1927 1216 1952 ac-

83 1965 250 2004 cidentia
271 1967 286 2014 )
314 1965 506 2017 prioribus
533 1966 698 2004 sublatis
729 1970 744 2018 (
765 1979 905 2018 nempe
921 1965 1131 2004 substantia
1149 1982 1216 2018 pa-

81 2020 170 2068 nis,
201 2018 235 2056 ἃ
263 2020 402 2068 vini).
430 2019 480 2058 Et
509 2034 550 2072 q.
568 2034 634 2071 77.
653 2028 725 2058 art.
752 2033 784 2058 ι.
814 2019 863 2057 ad
884 2033 918 2057 1.
947 2018 1059 2057 Nihil
1085 2019 1214 2070 prohi-

81 2071 174 2121 bet,
212 2074 366 2126 inquit,
409 2072 561 2123 aliquid
602 2086 690 2112 esse
725 2072 958 2111 ordinatum
995 2073 1214 2112 secundum

82 2138 342 2166 communem
372 2126 502 2180 legem
523 2135 706 2175 naturae,
737 2129 852 2180 cujus
881 2135 1024 2165 tamen
1053 2137 1217 2166 contra-

84 2183 192 2219 rium
220 2189 281 2219 est
318 2179 552 2219 ordinatum
592 2180 814 2219 secundum
853 2181 1041 2231 speciale·
1063 2182 1218 2232 privile-

84 2237 198 2287 gium
225 2237 446 2287 gratc'oe....
487 2233 547 2272 Εε
574 2237 634 2272 ita
661 2238 773 2273 enim
802 2235 893 2272 licet
921 2238 972 2272 sit
999 2235 1220 2274 secundum

86 2299 350 2326 communem
377 2296 541 2327 naturoe
568 2287 773 2336 ordinem,
820 2287 924 2338 quod
951 2287 1142 2332 accidens
1171 2293 1220 2327 sit

89 2345 134 2379 in
164 2338 338 2393 subjecto
366 2353 421 2378 ez
448 2341 614 2392 speciali
642 2338 785 2379 tamen
813 2344 974 2379 ratione
1001 2342 1221 2381 secundum

83 2392 274 2433 ordinem
299 2397 449 2446 gratioe
476 2393 707 2434 accidentia
748 2404 841 2434 sunt
883 2398 926 2433 in
968 2393 1039 2434 hoe
1069 2394 1222 2434 Sacra-

87 2455 226 2486 mento
253 2450 342 2487 sine
369 2447 571 2500 subjecto.

146 2500 241 2540 385.
270 2500 387 2540 Dices
403 2500 606 2541 secundo.
636 2500 708 2541 Per
736 2502 951 2541 accidentia
977 2514 1044 2540 nos
1072 2501 1222 2555 judica-

86 2566 180 2593 mus
207 2554 255 2593 de
280 2555 517 2595 substantia.
564 2554 607 2595 Si
643 2569 735 2609 ergo
776 2558 817 2595 in
847 2556 1094 2596 Sacramenta
1135 2567 1222 2596 sunt

87 2607 306 2647 accidentia
333 2610 416 2648 sine
443 2609 685 2660 substantia,
728 2608 828 2648 illud
871 2620 1122 2663 consequetur
1155 2611 1223 2650 ab·

89 2659 284 2708 surdum,
310 2673 444 2700 omnes
470 2675 599 2701 sensus
628 2672 769 2702 nostros
790 2662 903 2713 falli,
933 2666 1001 2717 qui
1031 2664 1147 2703 simul
1180 2679 1223 2703 u-

88 2713 253 2751 niuntur
279 2712 330 2751 ad
366 2716 676 2766 :epraesautauda
716 2718 845 2755 omuia
883 2720 1019 2770 panis,
1062 2719 1224 2771 vinique

85 2765 309 2805 accidentia
322 2795 336 2816 ,
362 2767 535 2821 adeoque
551 2767 588 2805 ἀ
608 2769 718 2820 panis
734 2798 746 2818 ‚
775 2784 819 2809 ac
839 2772 920 2812 vini
939 2772 1192 2812 substantiam
1209 2803 1221 2823 ,

146 2928 196 2965 (a)
224 2923 305 2959 Non
328 2925 547 2972 applaudunt
572 2936 693 2963 autem
722 2928 880 2966 moderni
917 2932 970 2966 illi
997 2932 1222 2979 Philosophi,

89 2971 156 3051 gui
192 2972 363 3017 ableg-itis
396 2975 520 3009 formis
552 2975 844 3019 substantialibus
880 2978 1220 3024 Peripateticorum,

124 3019 236 3052 iversa
262 3031 448 3064 corporum
475 3032 603 3065 genera
628 3031 791 3067 repetunt
815 3036 856 3057 ex
878 3026 949 3058 sola
971 3027 1126 3070 partium
1144 3039 1220 3062 ma-

94 3065 196 3099 teriae
219 3063 359 3099 divers-1
377 3067 635 3101 combinatione
649 3089 660 3108 ‚
686 3071 717 3101 &
737 3070 833 3103 nulla
850 3082 926 3103 esse
944 3072 1067 3104 volunt
1089 3073 1123 3105 in
1144 3085 1220 3106 cor-

79 3111 242 3156 ·‘poribus
268 3111 461 3146 accidentia
487 3114 667 3152 absoluta,
693 3123 797 3159 atque
825 3128 842 3148 a
868 3116 1068 3150 substantia
1093 3117 1222 3152 ‹listin-

96 3164 181 3198 (tt-25
219 3156 372 3203 adeoque
397 3161 528 3204 species
547 3181 558 3201 ‚
592 3172 671 3204 quae
696 3161 733 3193 in
758 3161 982 3195 Eucharistia
1008 3173 1189 3196 remant-nt
1209 3187 1220 3205 ,

90 3212 170 3237 {on
190 3204 287 3239 aliud
312 3217 385 3238 esse
408 3205 558 3247 dicunt,
583 3219 690 3251 quam
717 3208 870 3241 actiones
897 3208 1000 3248 illas,
1026 3221 1086 3242 seu
1113 3209 1224 3243 modi-

91 3246 303 3294 ficationes,
338 3264 417 3297 quae
442 3254 538 3298 prius
565 3266 584 3287 a
611 3252 760 3288 materia
787 3254 822 3286 in
851 3266 973 3286 sensus
999 3263 1136 3288 nostros
1164 3256 1225 3288 fie-

88 3292 209 3336 hant,
245 3299 277 3331 δι
299 3311 377 3345 quae
405 3312 484 3333 cum
510 3310 586 3345 post
611 3301 768 3334 materiae
793 3301 1057 3333 conversionem
1086 3302 1119 3333 in
1146 3313 1224 3336 cor·

99 3349 168 3385 pue
193 3340 327 3378 Christi
351 3344 466 3380 adhuc
491 3347 574 3380 fiant
599 3348 731 3381 virtute
757 3345 876 3379 divum
895 3367 906 3386 ‚
943 3347 992 3379 sic
1026 3345 1095 3380 dici
1122 3359 1224 3392 posse

98 3394 283 3427 remanere
306 3392 379 3428 sola
402 3392 624 3436 accidentia,
650 3406 711 3431 seu
735 3393 851 3440 potius
879 3398 1015 3438 species
1040 3394 1166 3439 panis,
1193 3397 1226 3430 ὃς

2288 130 2350 174 65

1277 208 1366 246 quse
1396 208 1470 232 non
1502 198 1612 236 aliter
1642 199 1752 238 nobis
1775 201 2004 242 innotescere
2024 210 2169 257 potest,
2198 220 2315 260 quam
2339 221 2407 261 pet

1278 248 1522 298 accidentia,
1551 265 1640 303 qnae
1668 254 1808 291 cadunt
1838 256 1909 292 sub
1939 259 2136 306 sensibus3
2181 260 2251 299 hoc
2280 272 2409 301 autem

1277 314 1355 339 non
1384 305 1564 341 convenit
1595 305 1686 342 huic
1706 306 1954 346 sacramento
1973 340 1982 358 ,
2012 314 2114 363 quod
2144 318 2319 353 veritatis
2339 315 2409 355 Sa-

1277 366 1521 396 cramentum
1551 368 1708 396 vocatur
1722 385 1733 397 .

1335 409 1428 448 586.
1461 409 1572 462 Resp.
1602 413 1740 451 iterum
1770 412 1811 452 S.
1843 413 2040 464 Thomas,
2083 418 2232 458 nullam
2262 436 2339 460 esse
2369 423 2407 461 in

1278 460 1351 501 hoc
1379 463 1626 503 sacramento
1655 467 1942 519 deceptionem:
1983 479 2075 507 sunt
2117 477 2226 511 enirn
2269 475 2317 512 ilii
2346 489 2408 514 se-

1277 517 1455 554 cundum
1484 522 1541 555 rei
1570 523 1778 558 veritatem
1807 521 2069 573 acci-leutici,
2111 538 2200 575 ‘71¹ae
2232 528 2408 568 sensibus

1279 569 1580 622 dijudicantur.
1623 573 1853 613 Intellectus
1883 586 2048 625 autem,
2091 580 2204 626 cujus
2235 590 2290 617 est
2320 596 2407 630 pro-

1279 628 1410 676 prium
1441 624 1639 679 objectum
1669 628 1922 678 substantia,
1964 643 2035 680 per
2058 631 2194 684 sidem
2237 646 2265 670 a
2295 633 2408 673 ‹lece-

1280 682 1413 729 pzione
1441 691 1736 729 praeservatur.
1765 683 1905 721 subdit
1926 694 2078 736 postea,
2109 699 2231 738 neque
2263 686 2332 726 hoc
2352 703 2410 726 es-

1277 746 1318 769 se
1346 742 1477 772 contra
1509 734 1654 782 fidem;
1696 738 1790 789 quia
1807 736 1920 789 fides
1949 751 2029 776 non
2059 748 2118 776 est
2148 749 2290 778 contra,
2319 754 2411 779 sen-

1279 798 1397 835 sum,
1427 787 1499 825 sel
1527 798 1586 826 est
1615 789 1664 827 <le
1691 803 1763 839 eo,
1793 790 1849 828 ad
1877 792 1978 843 quod
2004 806 2148 831 sensus
2177 807 2257 832 non
2286 799 2410 832 attin-

1277 844 1358 891 git.
1391 840 1499 879 Unde
1529 842 1631 880 idem
1658 843 1864 896 Ange-licus
1894 847 1932 883 in
1953 846 2092 885 Officio
2111 849 2281 900 corporis
2299 848 2413 887 Chri-

1278 895 1349 931 sti:
1388 895 1652 945 Accidenticz,
1685 899 1838 950 inquit,
1878 902 1968 938 sine
1995 900 2170 953 subjecto
2200 905 2240 939 in
2271 902 2413 940 eodem

1280 949 1294 996 (
1313 947 1563 987 sacramento
1580 951 1594 1000 )
1625 951 1839 989 subsistunt
1857 983 1867 1001 ,
1898 962 1938 990 ut
1956 953 2068 1006 fides
2088 955 2218 993 locum
2239 954 2412 1000 habeat,-

1278 999 1328 1040 ὅ)
1356 1014 1497 1039 sensus
1526 1017 1554 1040 a
1583 1004 1814 1055 deceptione
1842 1006 2064 1045 reddantur
2084 1014 2285 1047 immunes
2303 1040 2313 1057 ,
2344 1013 2410 1062 qui

1277 1052 1327 1091 (le
1355 1055 1626 1096 accidentibus
1650 1059 1838 1110 julicant
1868 1059 1938 1098 sibi
1967 1067 2093 1100 notis.
2124 1063 2327 1109 Quomodo
2343 1077 2414 1101 au-

1278 1114 1355 1144 tem
1387 1110 1423 1146 id
1454 1110 1543 1158 fiat,
1574 1113 1740 1164 explicat
1773 1114 1875 1151 idem
1900 1115 2106 1167 Angelicus
2136 1117 2277 1155 Doctor
2308 1117 2346 1155 3.
2368 1115 2413 1155 P·

1276 1174 1344 1212 qu.
1368 1175 1433 1212 77.
1462 1172 1534 1201 art.
1558 1177 1590 1202 1.
1609 1192 1620 1210 ,
1666 1166 1731 1204 ubi
1762 1168 1931 1205 refutatis
1961 1169 2204 1219 quorundam
2237 1179 2412 1208 veterum

1276 1217 1465 1254 sententiis
1481 1246 1492 1264 ,
1515 1217 1565 1254 ita
1584 1218 1801 1257 concludit:
1831 1220 1942 1257 Deus
1958 1251 1968 1269 ‚
1998 1225 2063 1273 qui
2082 1231 2139 1259 est
2159 1226 2293 1271 prima
2313 1235 2413 1260 cau-

1277 1280 1328 1305 sa
1355 1267 1617 1320 substantioe,
1655 1271 1705 1312 <9¹
1735 1272 1984 1322 accidentis,
2026 1287 2096 1324 per
2124 1287 2244 1312 suam
2274 1275 2413 1327 infini-

1279 1330 1368 1359 tam
1399 1326 1581 1362 virtutem
1611 1337 1852 1364 conservare
1879 1336 2005 1378 potest
2025 1332 2068 1366 in
2087 1341 2175 1366 esse
2195 1329 2410 1377 accidens,

1278 1375 1490 1414 subtracta
1530 1378 1784 1429 substantia,
1828 1394 1897 1432 per
1934 1395 2059 1432 quam
2102 1382 2415 1420 conseri-abatur

1279 1442 1321 1466 m
1351 1443 1438 1467 esse
1456 1461 1467 1477 ‚
1497 1436 1597 1470 sicut
1616 1446 1686 1482 per
1704 1439 1907 1484 propriam
1925 1448 2096 1473 causam
2111 1449 2126 1472 .·
2154 1440 2255 1474 sicut
2285 1441 2416 1475 etiarn

1279 1483 1384 1520 alios
1411 1483 1585 1536 effectus
1608 1488 1859 1525 naturalium
1903 1501 2124 1527 causarum
2167 1498 2291 1539 potest
2321 1503 2414 1540 pro-

1281 1535 1424 1575 ducere
1454 1541 1536 1577 sine
1564 1540 1815 1578 naturalibus
1844 1546 2009 1579 causis:
2051 1546 2152 1580 sicut
2182 1541 2411 1582 humanum

1280 1603 1419 1640 corpus
1435 1591 1639 1643 formavit
1667 1597 1709 1632 in
1738 1604 1850 1633 utero
1881 1593 2058 1649 Virginis
2086 1600 2172 1634 sine
2206 1597 2303 1635 virili
2343 1610 2409 1636 se-

1282 1657 1393 1682 mine
1411 1671 1421 1682 .

1337 1698 1431 1750 587.
1462 1698 1582 1738 Dices
1610 1705 1754 1740 tertio.
1800 1703 1886 1754 Ipsa
1922 1703 2126 1742 accidentis
2163 1713 2300 1742 natura
2330 1712 2411 1753 est,

1285 1759 1324 1788 ut
1351 1752 1398 1789 sit
1428 1754 1467 1790 in
1497 1753 1604 1802 atio,
1646 1764 1846 1809 tamquam
1885 1757 1926 1794 in
1962 1756 2162 1807 subject03
2209 1757 2279 1796 hoe
2309 1759 2416 1797 euim

1283 1807 1438 1856 ponitur
1469 1806 1506 1843 in
1538 1808 1621 1858 ejus
1649 1809 1897 1847 definitione:
1938 1811 2001 1848 sed
2032 1811 2138 1849 Deus
2172 1821 2325 1849 naturas
2358 1825 2420 1849 re-

1283 1871 1371 1897 rum
1402 1860 1518 1898 etiam
1546 1875 1615 1913 per
1645 1863 1881 1902 miraculum
1912 1865 2120 1903 immutare
2161 1876 2236 1904 uon
2272 1874 2419 1918 potest:

1286 1925 1376 1963 ergo
1406 1913 1478 1950 &c-

1340 1964 1434 2005 588.
1465 1965 1678 2019 Respondet
1707 1969 1916 2022 Angelicus
1946 1971 1983 2010 5.
2015 1970 2056 2010 Ρ.
2086 1985 2154 2024 qu.
2187 1986 2252 2024 77.
2282 1980 2355 2011 art.
2382 1985 2419 2012 1.

1282 2018 1330 2058 ad
1349 2032 1386 2057 2.
1403 2050 1413 2068 ‚
1446 2021 1485 2059 in
1506 2022 1714 2062 accidentis
1743 2024 1966 2063 definitione
1995 2038 2068 2064 non
2099 2040 2177 2066 esse
2199 2027 2417 2079 ponendam

1284 2074 1491 2112 actualem
1519 2074 1806 2116 inhaerentiam
1835 2078 2035 2130 subjecte,
2078 2081 2142 2118 sed
2173 2083 2298 2134 potius
2329 2084 2417 2118 exi·

1284 2132 1469 2180 gentiam
1499 2127 1715 2170 inhaerendi
1745 2131 1937 2183 subject03
1967 2135 2078 2173 sicuti
2109 2149 2179 2172 nec
2211 2135 2248 2172 in
2280 2134 2420 2172 defini-

1286 2183 1389 2219 tione
1402 2182 1642 2222 ·substantiae
1672 2187 1848 2238 ponenda
1869 2196 1921 2224 est
1942 2188 2024 2239 ipsa
2043 2189 2218 2226 actualis
2238 2192 2416 2226 existen-

1287 2238 1346 2273 tia
1374 2249 1445 2286 per
1473 2248 1541 2285 se,
1571 2237 1622 2278 &
1651 2252 1734 2276 non
1762 2243 1805 2277 in
1834 2239 2035 2292 subjecto,
2079 2242 2140 2279 sed
2172 2243 2295 2292 potius
2333 2243 2420 2278 exi-

1287 2295 1428 2342 gentia
1456 2291 1642 2329 existendi
1672 2305 1741 2344 per
1769 2307 1834 2340 se,
1865 2293 1899 2328 ἀ
1929 2306 2004 2332 uon
2034 2295 2074 2331 in
2103 2294 2296 2344 subjecto:
2328 2324 2354 2342 „
2378 2294 2423 2333 In

1288 2372 1316 2392 „
1346 2342 1419 2381 hoc
1448 2353 1576 2382 autem
1597 2345 1873 2393 sacramento,
1902 2346 2031 2384 subdit
2062 2346 2205 2385 ibidem
2237 2356 2362 2386 noster
2376 2347 2420 2386 S.

1291 2425 1319 2445 ‚‚
1349 2395 1561 2448 Magister,
1590 2411 1667 2436 non
1696 2398 1810 2436 datur
1838 2399 2129 2450 accidentibus,
2172 2402 2274 2453 quod
2305 2414 2350 2438 ex
2381 2402 2422 2439 vi

1291 2479 1318 2500 „
1346 2463 1426 2488 suae
1458 2452 1628 2489 essentiae
1658 2464 1734 2489 non
1763 2454 1838 2491 sint
1867 2453 1908 2491 in
1936 2453 2136 2505 subjecto,
2179 2455 2242 2492 sed
2288 2468 2334 2492 ex
2364 2455 2424 2493 di-

1290 2533 1318 2553 „
1349 2505 1438 2542 vina
1468 2506 1605 2542 virtute
1632 2514 1884 2554 sustentante3
1926 2507 1961 2544 ἃ
2004 2509 2089 2546 ideo
2132 2521 2205 2547 non
2243 2509 2423 2547 desinunt

1290 2586 1317 2606 ‚,
1348 2570 1426 2594 esse
1455 2558 1690 2608 accidentia,
1739 2563 1831 2613 quia
1861 2574 1929 2599 nec
1963 2572 2160 2614 separatur
2193 2562 2242 2600 ab
2271 2564 2324 2600 eis
2356 2564 2423 2599 de-

1290 2639 1318 2660 „
1348 2609 1474 2649 finitio
1502 2612 1738 2662 accidentis,
1784 2628 1874 2667 quae
1905 2625 1957 2653 est
1991 2615 2171 2667 aptitudo
2204 2615 2261 2653 all
2293 2613 2423 2666 subse-

1291 2693 1320 2713 ‚‚
1348 2673 1485 2712 ctum,
1514 2679 1603 2717 quae
1634 2681 1783 2719 semper
1813 2678 1942 2707 manet
1972 2670 2011 2707 in
2044 2671 2115 2717 iis,
2147 2683 2222 2707 non
2244 2669 2422 2707 actualis

1291 2747 1320 2767 „
1348 2717 1618 2788 inhaerentia,
1656 2735 1728 2760 nec
1756 2724 1938 2775 competit
1967 2725 2020 2762 eis
2049 2723 2223 2763 definitio
2250 2723 2423 2762 substan-

1291 2801 1319 2822 „
1345 2780 1412 2811 ΗΞ
1473 2798 1486 2812 n

2275 2843 2288 2869 ι
2299 2829 2367 2884 89.

1289 2932 1390 2975 vini,
1414 2946 1485 2979 quo
1507 2935 1680 2971 vocabulo
1693 2948 1754 2970 usa
1774 2945 1856 2971 sunt
1875 2938 2037 2973 Concilia
2057 2939 2293 2972 Lateranense
2308 2961 2319 2980 ,
2345 2938 2424 2971 Flo-

1288 2982 1490 3024 rentinum,
1526 2987 1558 3016 &
1595 2982 1869 3018 Tridentinum.
1907 2986 2037 3023 (Huic
2074 2999 2164 3020 novo
2192 2986 2425 3030 l'liysicorum

1287 3029 1473 3072 systemati
1500 3042 1569 3063 non
1596 3031 1641 3063 ita
1669 3029 1804 3075 pridem
1830 3030 1900 3065 duo
1926 3033 2078 3077 insignes
2112 3045 2154 3066 ex
2183 3033 2329 3066 Familia
2360 3042 2420 3063 no-

1288 3083 1363 3108 stra
1390 3075 1558 3120 Theologi
1587 3077 1900 3122 subscripserunt,
1928 3091 2052 3124 nempe
2077 3081 2152 3113 Jac.
2176 3080 2286 3124 Hyac.
2315 3079 2424 3119 Seri-y

1288 3120 1324 3152 in
1349 3120 1491 3167 Disput.
1521 3122 1575 3156 De
1601 3125 1747 3167 opificio
1774 3126 1915 3167 ruzindi',
1944 3129 1975 3158 δε
2002 3127 2090 3159 Ren.
2111 3126 2228 3169 Hyac.
2248 3126 2420 3158 Drouven

1288 3164 1346 3199 De
1371 3180 1406 3200 re
1434 3169 1589 3204 Sacrum.
1614 3171 1692 3204 Lib.
1712 3172 1770 3204 IV.
1788 3184 1848 3216 qu.
1868 3183 1902 3216 9.
1921 3184 1996 3218 cap.
2018 3171 2077 3215 4.)
2104 3173 2181 3206 Non
2210 3182 2334 3215 parurn
2372 3176 2423 3199 ta-

1289 3222 1370 3246 men
1395 3215 1453 3248 isti
1476 3217 1674 3262 Philosophi
1703 3218 1864 3252 laborant
1881 3241 1891 3260 ‚
1916 3229 1955 3252 ut
1983 3231 2085 3252 suum
2113 3230 2239 3251 novum
2268 3222 2423 3262 §.Y—‘tems‘

1291 3269 1371 3293 cum
1396 3265 1506 3296 veteri
1534 3264 1702 3297 Ecclesiae
1723 3287 1734 3305 ,
1760 3278 1800 3299 ac
1829 3265 2087 3310 Theologoruin
2113 3263 2272 3297 doctrina
2300 3269 2421 3292 conet-

1291 3304 1404 3347 lient;
1441 3312 1616 3355 praecipue
1643 3323 1722 3345 cum
1751 3311 1913 3357 Synodns
1939 3310 2217 3345 Constantiensis
2254 3305 2419 3341 acciden-

1292 3354 1375 3387 tium
1399 3356 1571 3393 vocabulo
1597 3369 1660 3393 usa
1683 3358 1814 3393 fuerit.
1841 3357 1907 3393 Sed
1932 3358 1998 3393 hoc
2023 3357 2089 3402 ipsi
2115 3354 2256 3393 videant
2273 3374 2282 3384 ·
