2605 3624
624 104 704 149 DE
740 100 1020 147 INTERNA
1056 98 1333 145 Mtle'Tflt
1367 100 1784 150 INTENTIONE.
2236 130 2245 154 ι
2274 132 2315 168 23,

78 185 296 240 negabunt,
339 185 368 225 si
399 183 489 238 quid
532 183 642 221 dubii
680 190 844 233 emergat
887 183 926 218 in
955 181 1122 218 doctrina
1152 180 1194 219 S·

81 241 243 279 'l'tunnae
261 271 272 289 ,
300 253 344 277 ea
371 252 459 291 quae
489 237 616 288 junior
644 237 794 287 scripsit
823 236 863 272 in
884 233 969 271 Lib.
991 233 1101 271 Seut.
1131 246 1194 270 ex·

77 294 256 346 plicanda
285 306 361 330 esse
388 303 433 328 ex
463 291 537 338 iis,
566 302 655 341 quae
679 290 804 326 senior
821 298 944 339 postea
973 288 1124 325 tradidit
1155 288 1193 324 in

76 347 247 386 Summa.
279 343 544 395 Theologt'ca;
571 343 741 394 adeoque
771 341 838 378 ilia
868 340 1006 388 verba,
1035 354 1124 392 quae
1155 341 1194 377 in

74 400 286 452 objectione
315 409 359 435 ex
388 396 457 434 IV.
488 395 575 434 Lib.
607 395 787 433 Sentent.
816 394 964 444 objecta
993 402 1104 442 suut,
1135 406 1195 430 eo-

75 453 162 491 dem
190 451 302 490 modo
329 464 406 488 esse
435 449 706 501 intelligenda,
736 462 812 501 quo
843 447 1089 499 intelligenda
1119 460 1196 484 esse

76 506 242 544 diximus
284 503 401 541 verba
430 516 473 541 ex
505 503 542 542 5.
574 502 614 541 Ρ.
644 512 780 555 quaesr.
811 500 878 547 04.
907 511 978 539 art.
1007 502 1045 538 ὅ.
1064 531 1074 547 ,
1103 501 1197 552 quia

70 558 112 597 in
146 566 305 610 utroque
347 556 431 596 loco
458 556 500 595 S.
530 556 670 594 Doctor
712 556 885 594 eamdem
929 554 1194 592 difficultatem

69 618 213 651 motam
244 619 376 649 contra
404 611 661 649 necessitatem
691 610 908 648 intentionis
937 607 1088 646 resolvit
1112 633 1122 645 .

126 662 217 703 286.
251 664 364 703 Instat
390 663 588 702 Catharini
632 664 769 701 vindex
792 693 802 710 ,
847 676 984 699 vocaus
1028 670 1192 698 nostram

73 718 354 770 responsionem
385 717 578 756 ludicrum
610 718 986 769 interpretamentum
1005 744 1016 762 ,
1045 723 1193 752 contex-

69 772 126 808 tui
157 785 176 808 e
210 771 394 809 diametro
423 784 637 822 repugnans
658 801 668 817 ,
715 769 807 821 quia
836 768 879 806 S.
908 768 1046 806 Docior
1075 767 1166 804 ‹licit
1184 797 1194 814 ,

70 824 316 862 intentionem
359 823 545 863 Ecclesia:
586 822 767 872 sufficere
814 820 869 859 ad
909 820 1196 872 perfectionem

72 876 332 916 Sacramenti
352 892 367 915 .·
408 891 484 916 non
513 878 603 915 dicit
632 877 678 913 ad
708 879 963 914 securitatem
1005 877 1196 924 recipien-

70 934 149 979 tis,
178 940 219 969 ut
239 944 304 970 nos
332 930 598 984 explicamus,
629 938 769 967 textum
801 941 951 978 prorsus
979 927 1196 964 adulteran-

70 993 152 1023 tes.
200 985 358 1037 Insuper
385 984 529 1022 ibidem
558 982 766 1035 Angelicus
796 994 926 1019 eorum
959 980 1081 1031 rejicit
1110 982 1193 1032 opi·

71 1039 249 1085 utonem,
283 1037 351 1089 qui
386 1037 544 1084 dicunt,
574 1035 675 1086 quod
702 1039 912 1086 requiritur
932 1034 1191 1072 mentalisin-

71 1094 193 1128 tentio
223 1094 265 1128 in
294 1093 502 1136 mint'stno3
545 1102 634 1141 quoe
662 1092 695 1126 εἰ
724 1088 821 1127 desit
840 1118 850 1136 ,
879 1100 960 1125 non
990 1087 1192 1140 perficitur

67 1141 381 1182 Sacramentum
404 1157 418 1180 .·
460 1155 536 1182 non
566 1142 682 1181 aliam
713 1155 801 1194 ergo
830 1143 988 1193 requirit
1018 1143 1191 1186 intentio-

66 1210 154 1234 nem
192 1197 240 1235 ad
282 1197 559 1251 perficiendum
589 1197 907 1244 Sacramentum,
955 1208 1072 1248 quam
1101 1208 1191 1248 quae

66 1251 297 1302 exprimitur
325 1264 392 1303 per
421 1250 538 1289 verba
569 1250 702 1288 sormae
720 1277 731 1289 .

125 1302 213 1356 187.
246 1304 358 1357 Hesp.
397 1303 452 1341 ad
487 1307 690 1354 primum,
738 1317 810 1342 non
840 1317 917 1347 esse
961 1301 1095 1340 falsam
1128 1315 1194 1340 no-

66 1365 180 1395 stram
231 1358 604 1410 interpretationem,
647 1371 764 1408 quae,
814 1366 853 1395 ut
883 1371 1007 1408 nuper
1047 1357 1195 1394 dictum

68 1419 148 1458 est,
183 1409 375 1462 colligitur
403 1412 600 1450 manifeste
631 1425 675 1449 ex
703 1425 816 1464 scopo
843 1410 883 1449 S.
914 1409 1163 1462 l’raeceptoris
1183 1439 1194 1458 ,

70 1464 137 1515 qui
170 1473 246 1501 erat
275 1465 519 1512 ostendendi,
549 1464 722 1503 homines
752 1479 828 1502 esse
844 1477 948 1516 posse
963 1463 1093 1502 saltem
1112 1477 1196 1502 mo-

66 1516 206 1553 raliter
245 1527 365 1557 certos
392 1519 439 1556 de
480 1520 716 1571 susceptione
744 1519 1015 1565 sacramenti,
1059 1531 1196 1568 quam-

65 1570 125 1608 vis
160 1572 368 1610 necessaria
406 1573 551 1610 interna
580 1574 742 1611 ministri
787 1572 946 1610 intentio
989 1572 1078 1622 ipsis
1109 1580 1194 1608 nota

67 1635 143 1661 non
173 1625 240 1671 sit;
268 1627 360 1677 quia
389 1624 473 1663 haec
494 1626 722 1677 exprimitur
744 1627 782 1663 in
813 1623 940 1663 verbis
958 1654 967 1670 e
998 1637 1086 1674 qnae
1109 1636 1194 1674 pro-

66 1675 168 1723 fert,
198 1678 272 1715 nisi
301 1679 532 1715 contrarium
562 1680 726 1716 exterius
757 1678 1043 1719 inanisestetur3
1095 1676 1195 1712 unde

68 1728 236 1767 dubitari
262 1743 334 1767 non
355 1739 470 1782 potest
489 1760 499 1778 ,
519 1732 728 1782 pesfectum
748 1732 860 1768 fuisse
875 1730 1164 1767 Sacramentum
1184 1755 1194 1766 .

125 1780 218 1818 238.
248 1781 380 1834 Neque
407 1783 524 1821 obstat
547 1814 557 1831 ,
601 1784 700 1836 quod
731 1783 860 1821 titulus
905 1781 1009 1820 illius
1038 1781 1191 1820 articuli

70 1833 117 1871 sit
143 1833 191 1871 de
226 1836 455 1887 perfectione
483 1837 719 1875 Sacramenti
739 1867 748 1884 ,
779 1850 853 1874 non
883 1844 1008 1873 autem
1026 1835 1071 1873 de
1092 1834 1191 1885 ejus-

67 1885 155 1925 dem
199 1889 448 1935 certitudine3
490 1889 624 1928 thesim
663 1891 764 1927 enim
807 1902 913 1927 suam
946 1889 1121 1940 probavit
1149 1888 1191 1926 S.

69 1938 213 1978 Ductor
242 1941 280 1978 in
311 1953 374 1978 cor
403 1955 468 1979 ore
496 1942 669 1990 articuli,
713 1955 885 1994 expresse
927 1943 1063 1979 docens
1084 1972 1095 1990 ,
1142 1941 1191 1978 ad

65 1992 337 2044 perfectionem
366 1956 605 2033 §aeramenti
635 1995 779 2047 requiri
811 1995 1083 2042 intentionem,
1113 2008 1190 2045 qua

68 2046 169 2084 actio
184 2055 337 2085 externa
367 2047 637 2087 determinetur
667 2048 715 2086 ad
743 2047 1067 2085 Sacramentalem
1098 2046 1187 2084 effe-

67 2107 194 2138 ctum.
224 2100 266 2138 ln
297 2113 396 2153 resp.
425 2111 551 2140 autem
581 2102 627 2140 ad
647 2114 683 2138 2.
713 2113 787 2139 non
820 2101 953 2152 probat
982 2114 1088 2138 suam
1106 2099 1186 2138 the-

65 2153 139 2190 sim
162 2183 173 2201 ,
201 2153 264 2191 sed
292 2153 407 2192 diluit
424 2154 675 2205 objectionem
693 2185 703 2203 ,
733 2155 833 2207 quod
855 2156 972 2206 posita
989 2155 1187 2192 necessita-

66 2213 104 2242 te
133 2206 349 2245 intentionis
369 2238 380 2255 ,
409 2210 552 2260 quaein
583 2209 693 2247 corde
709 2207 820 2256 latet,
850 2220 964 2246 nemo
994 2216 1084 2245 esset
1104 2221 1187 2245 cer-

68 2265 127 2296 tus
154 2259 201 2296 de
232 2262 464 2313 susceptione
478 2263 735 2308 Sacramenti3
765 2263 828 2299 cui
850 2271 975 2298 tamen
1005 2260 1186 2312 objectio-

69 2312 110 2349 ni
140 2310 269 2351 nullus
298 2314 430 2352 fuisset
458 2314 582 2363 locus,
630 2317 660 2354 si
690 2317 728 2353 in
759 2314 922 2353 articulo
952 2327 1026 2352 non
1057 2315 1185 2353 fuisset

67 2363 319 2405 demonstrata
348 2369 545 2408 necessitas
574 2371 788 2407 intentionis
818 2370 981 2407 internae
999 2395 1010 2406 .

121 2417 214 2471 289.
246 2420 302 2457 Ad
333 2433 370 2458 2.
401 2435 526 2474 resp.,
569 2421 609 2460 S.
638 2422 829 2460 'rhomam
873 2421 1032 2472 rejicere
1076 2420 1185 2459 illam

67 2473 321 2523 quorumdam
350 2475 594 2526 opinionem,
639 2490 710 2514 non
738 2479 830 2528 quia
858 2477 1047 2527 exigerent
1079 2489 1186 2513 meu-

61 2523 177 2564 talem
205 2527 479 2578 intentionem,
520 2543 637 2582 quam
670 2532 748 2582 ipse
789 2542 943 2582 quoque
981 2529 1182 2579 exigebat;

62 2577 128 2615 sed
153 2580 245 2631 quia
272 2581 460 2633 ponebant
481 2582 586 2621 iilius
617 2584 835 2621 intentionis
863 2583 1057 2620 desectum
1087 2596 1178 2634 sup-

66 2628 163 2680 pleri
193 2645 258 2682 per
285 2633 400 2672 fidem
419 2665 429 2683 ,
459 2635 493 2672 8(
521 2637 758 2675 devotionem
776 2663 787 2674 .
833 2637 930 2674 Bene
958 2645 1084 2673 autem
1113 2636 1182 2673 ob-

65 2692 213 2743 Sffvat,
254 2685 355 2736 fide,
384 2687 418 2725 &
445 2689 641 2728 devotione
670 2703 775 2742 posse
802 2689 967 2727 obtineri
997 2687 1183 2740 justifica-

67 2742 204 2797 tionem
233 2752 255 2776 α
284 2742 469 2791 peccatis,
500 2756 572 2782 non
601 2753 727 2781 autem
759 2743 1016 2781 characterem
1047 2742 1184 2780 Sacra-

68 2798 187 2827 mentt
208 2819 219 2838 ,
259 2795 324 2842 qui
351 2806 556 2846 nunquam
593 2800 858 2846 imprimitur,
906 2799 982 2834 nisi
1009 2808 1079 2847 per
1108 2795 1184 2834 Srt-

69 2851 321 2881 crumentum
338 2871 349 2883 .

125 2905 159 2944 2·
179 2908 217 2933 o.
246 2896 358 2935 Instat
373 2898 507 2939 iterum
523 2902 685 2956 Serryus
701 2931 711 2941 .
736 2903 776 2942 S.
792 2903 961 2942 Thomas
976 2905 1016 2942 in
1034 2902 1186 2942 lV.Di·

70 2955 116 2985 st.
173 2974 183 2985 .
203 2958 340 3000 qnaest.
358 2963 393 2988 2.
409 2961 478 2991 art.
500 2968 537 2992 α.
558 2958 784 3007 quaestiunc.
807 2971 839 2995 1.
855 2958 988 3009 probat
1005 2988 1015 3006 ,
1037 2957 1184 2995 bonita-

69 3009 146 3038 tem
169 3003 328 3040 ministri
346 3015 419 3041 non
435 3019 508 3043 esse
524 3008 569 3044 de
589 3009 795 3047 substantia
811 3010 1045 3049 Sacramenti
1063 3041 1073 3058 ,
1090 3014 1185 3061 quia.

71 3065 153 3091 non
180 3058 343 3093 omnino
373 3066 484 3094 certa
512 3068 596 3106 est,
625 3060 693 3097 scil
715 3062 946 3113 quandoque
961 3068 1150 3115 ignorata.
1171 3079 1185 3108 ;

71 3119 123 3144 ea
152 3117 290 3145 autem
307 3139 318 3156 ,
347 3122 435 3159 quoe
464 3119 554 3147 sunt
583 3110 630 3148 de
659 3112 880 3151 substantia
899 3114 1182 3165 διιοναηιεητὶ,

75 3169 222 3210 oportet
252 3175 337 3199 esse
365 3172 504 3200 certa:
535 3176 623 3214 ergo
652 3166 793 3215 pariter
821 3168 912 3217 quia
931 3169 1080 3207 interna
1110 3172 1183 3206 mi·

73 3214 180 3252 nisui
209 3216 364 3253 intentio
393 3230 465 3254 non
494 3225 546 3254 est
575 3226 674 3254 certa
693 3247 704 3265 ,
734 3217 796 3254 sed
824 3220 1052 3272 quandoque
1082 3223 1186 3272 iguo-

77 3272 181 3313 rata,
208 3281 283 3307 non
313 3269 384 3306 erit
410 3270 457 3307 de
486 3270 692 3308 substantia
721 3269 952 3308 Sacramenti
973 3297 984 3309 .

136 3329 225 3369 29¹.
254 3320 364 3374 Resp.
412 3327 538 3374 primo
560 3353 570 3370 ,
617 3323 657 3361 S.
688 3322 879 3361 'rhomam
909 3323 947 3363 5.
977 3323 1018 3363 Ρ.

1047 3333 1182 3376 quaest.

205 3370 440 3429 Gazzaniga
464 3375 595 3416 Theol.
616 3376 730 3415 Tom.
747 3375 851 3416 Vllt.
1061 3386 1064 3389 “

1263 180 1328 226 64.
1360 190 1430 218 art.
1449 183 1485 219 5.
1517 182 1586 219 hac
1610 187 1751 221 ratione
1782 187 1939 225 minime
1972 191 2045 237 wi,
2078 199 2114 229 nt
2145 194 2274 243 probet
2298 209 2381 245 pro-

1262 234 1421 272 bitatem
1452 237 1615 272 ministri
1648 250 1718 273 non
1749 246 2089 282 ‹esmeriecessariarxt
2119 249 2162 282 au
2182 247 2386 298 pertin-ien-

1262 287 1309 324 da
1339 287 1583 325 Sacramenta
1615 289 1737 337 (Vid.
1768 304 1851 340 sup.
1883 297 2069 334 nunu-31.
2101 313 2178 350 sets.
2212 302 2252 345 >3
2281 304 2381 352 quat!

1263 340 1407 378 indicio
1422 350 1499 389 est,
1531 342 1703 379 (uiridem
1736 345 1915 381 rationi-m
1941 360 2012 383 non
2031 350 2142 386 fuisso
2172 353 2220 389 ah
2243 369 2284 389 (η,
2315 370 2379 392 m-

1262 393 1383 432 lidatn
1413 395 1690 432 existimatam.
1721 394 1901 433 Secuwtc»
1925 400 2069 436 vitietur
2094 404 2295 449 Angelicvm
2326 409 2382 444 10-

1263 449 1330 499 qui
1360 448 1407 484 de
1435 448 1687 496 certitudine,
1736 463 1852 500 qnam
1888 450 2027 488 habere
2057 450 2170 492 debet
2211 462 2380 498 ruinis-ies

1263 502 1344 552 ipse
1373 500 1635 550 Sacramenti,
1678 514 1751 539 nou
1782 505 1846 554 qui
1881 504 1974 540 iliud
2010 508 2195 558 suscipit:
2228 521 2262 547 ,it
2294 529 2380 549 wi»

1264 555 1463 604 minister,
1507 557 1602 592 sicut
1632 565 1754 593 certus
1785 566 1835 593 ea
1864 558 1910 593 (ῖς
1942 561 2121 606 tiwteria,
2168 562 2199 595 d<
2232 564 2345 602 sorum
2373 599 2381 611 .

1263 608 1313 645 ita
1345 611 1459 646 etiarn
1489 617 1613 646 certus
1643 617 1695 646 est
1723 609 1768 646 ‹le
1789 611 1937 648 interna
1968 626 2033 649 sua
2052 615 2281 663 intentione,
2314 635 2384 657 mu

1263 671 1387 699 autem
1419 663 1464 700 de
1495 664 1634 700 interna
1666 676 1731 700 sua
1764 663 1979 714 probitate3
2023 671 2146 703 nescit
2187 671 2288 706 enim
2324 671 2384 706 ²5«,-

1264 727 1356 762 mo,
1386 729 1443 753 an
1471 715 1586 764 odio,
1616 717 1672 768 wel
1693 729 1834 754 amore
1863 717 2004 765 (lienus
2035 724 2107 757 sit.
2139 721 2238 759 Sane
2258 725 2286 761 si
2313 724 2386 761 Η·-

1264 777 1342 806 ctor
1364 769 1569 819 Angelicus
1599 769 1814 821 loqueretur
1830 771 1875 807 de
1896 766 2118 811 certitudine
2136 805 2145 822 ‚
2176 790 2292 827 quan)
2317 776 2382 814 tn-

1263 821 1353 860 bere
1382 823 1493 860 debet
1522 824 1729 874 suscipiens
1757 823 2070 873 Sacramentum,
2115 830 2240 866 minus
2269 845 2384 868 ant-u-

1263 884 1340 913 rate
1369 876 1534 925 diceret,
1565 878 1667 929 quod
1696 877 1862 929 probitas
1881 881 2040 918 ministri
2073 893 2147 918 non
2178 884 2224 920 sit
2254 898 2384 920 omn:-

1263 942 1313 966 710
1343 940 1470 978 certa,
1501 929 1788 981 &quandoque
1819 932 2014 983 ignorata3
2045 936 2251 986 suscipiens
2281 941 2387 977 cuim.

1261 981 1551 1022 Sacramentum
1583 984 1616 1019 ὅ(
1636 988 1822 1032 omnino,
1852 986 1902 1025 <5⁹
1931 999 2088 1036 semper
2117 990 2279 1028 ministri
2298 1006 2384 1043 pro-

1259 1035 1416 1073 bitatem
1449 1039 1619 1089 ignorat.
1650 1038 1973 1085 Quodsitamlem
2004 1042 2087 1091 quis
2116 1045 2385 1082 contentiosius

1260 1099 1436 1140 urgeret,
1484 1091 1525 1129 S.
1564 1090 1754 1128 Thomam
1793 1092 1897 1144 loqui
1941 1093 2053 1131 etiam
2084 1095 2128 1132 de
2157 1099 2389 1148 suscipiente

1259 1143 1549 1183 Sacramentum
1568 1174 1578 1191 ,
1609 1144 1904 1195 responderem,
1943 1149 2210 1199 suscipientem
2242 1151 2384 1190 hahere

1260 1211 1364 1248 posse
1394 1198 1440 1235 de
1470 1200 1617 1236 interna
1648 1198 1813 1234 ministri
1859 1199 2067 1238 intentione
2103 1201 2273 1252 aliquam
2304 1219 2385 1242 ccr-

1261 1251 1460 1288 titudinetn
1491 1249 1867 1295 saltetumoralem3
1897 1253 2048 1302 quando
2076 1256 2180 1292 enim
2211 1270 2297 1292 eum
2331 1261 2388 1295 vi-

1262 1303 1322 1341 det
1353 1305 1516 1341 exterius
1546 1304 1670 1352 serio,
1714 1303 1747 1338 &
1776 1304 1906 1341 devote
1945 1315 2148 1356 agentem,
2193 1309 2389 1349 moraliter

1263 1366 1386 1395 certus
1416 1372 1492 1396 esse
1523 1357 1660 1404 debet,
1702 1371 1792 1394 eum
1838 1359 1981 1395 interne
2025 1359 2123 1397 velle
2155 1361 2189 1399 id
2238 1363 2389 1405 facere,

1263 1412 1364 1463 quod
1396 1411 1487 1449 facit
1518 1409 1690 1448 Ecclesia
1711 1437 1722 1448 .
1760 1411 1819 1448 De
1851 1412 2036 1462 probitate
2065 1423 2189 1451 autem
2224 1419 2387 1455 ministri

1265 1463 1413 1502 nullam
1443 1466 1601 1502 omnino
1640 1465 1905 1502 certitudinem
1938 1465 2077 1503 habere
2107 1476 2254 1517 potest3
2304 1479 2385 1508 tum

1264 1519 1356 1569 qnia
1386 1519 1567 1569 permittit
1598 1517 1701 1556 Deus
1724 1547 1734 1565 ,
1779 1519 1876 1555 inter
1905 1532 1987 1555 suos
2019 1521 2208 1558 ministros
2237 1522 2387 1574 aliquos

1265 1585 1341 1608 esse
1370 1570 1613 1622 hypocritas:
1644 1579 1725 1608 tum
1756 1572 1847 1622 quia
1877 1572 1956 1621 ipse
1978 1573 2147 1610 minister
2165 1584 2280 1625 potest
2303 1579 2386 1614 vin-

1265 1623 1374 1661 cibili
1406 1625 1613 1674 ignorantia
1642 1624 1765 1675 decipi
1790 1654 1800 1671 ,
1845 1624 1939 1661 falso
1969 1626 2123 1663 credens
2153 1641 2190 1664 se
2221 1643 2296 1666 esse
2326 1629 2387 1680 ju-

1264 1685 1390 1724 stum,
1429 1690 1517 1713 curn
1548 1679 1593 1715 sit
1624 1686 1796 1728 peccator
1819 1703 1828 1714 .
1877 1676 2052 1729 Denique
2082 1680 2202 1718 multo
2233 1683 2388 1721 facilius

1263 1738 1314 1767 est
1344 1730 1676 1768 sacramentorum
1710 1731 1901 1767 ministros
1931 1741 2071 1769 rectam
2105 1735 2350 1774 intentionem
2375 1768 2386 1785 ‚

1262 1797 1380 1835 quam
1411 1797 1546 1836 puram
1578 1784 1847 1821 conscientiam
1881 1782 2041 1831 habere,
2079 1787 2112 1822 8(
2144 1791 2296 1828 nonnisi
2328 1804 2387 1827 ra-

1261 1837 1409 1873 rissime
1437 1837 1646 1888 contingit,
1689 1835 1839 1889 aliquos
1869 1850 1912 1873 eo
1942 1839 2146 1890 impietatis
2177 1855 2315 1890 ruere,
2348 1852 2387 1881 ut

1261 1889 1383 1926 nolint
1411 1889 1657 1927 Sacramenta
1686 1904 1774 1928 vere
1804 1890 1978 1928 conferre
1997 1918 2007 1928 .

1315 1954 1408 1993 292.
1438 1943 1552 1981 Dices
1581 1957 1669 1981 cum
1702 1943 1820 1994 Alph.
1851 1943 2090 1982 Salaneronio
2111 1947 2198 1985 Lib.
2222 1948 2249 1986 l.
2280 1949 2387 1988 inl3·

1257 1996 1344 2047 pist.
1365 1994 1405 2033 S.
1427 1994 1537 2033 Pauli
1569 1995 1694 2034 P.lll.
1725 1997 1837 2049 Disp.
1862 2010 1897 2035 2.
1929 1998 2092 2036 Intentio
2123 2001 2266 2039 interna
2290 2033 2298 2049 ,
2331 2014 2388 2039 nt-

1257 2057 1339 2101 pote
1370 2049 1601 2098 invisibilis,
1631 2063 1704 2087 non
1726 2059 1844 2102 potest
1875 2065 1952 2089 esse
1983 2066 2068 2104 pars
2090 2055 2296 2094 essentialis
2317 2056 2386 2094 Sa-

1256 2104 1437 2141 cramenti
1461 2133 1472 2151 ,
1503 2103 1603 2155 quod
1633 2104 1816 2142 definitur
1846 2107 2005 2156 siguum
2037 2107 2207 2147 risibile.

1312 2156 1403 2208 295.
1436 2156 1547 2210 Resp.
1576 2161 1705 2207 primo
1726 2188 1736 2205 ,
1767 2172 1906 2210 parurn
1936 2159 2077 2197 referre
2099 2191 2109 2209 ,
2148 2176 2194 2199 an
2229 2163 2385 2200 intentio

1253 2209 1332 2248 dici
1362 2210 1498 2248 debeat
1527 2225 1614 2263 pars
1628 2212 1864 2250 Sacramenti
1884 2242 1894 2259 ,
1925 2225 1986 2249 aur
2006 2243 2016 2259 ,
2049 2223 2086 2250 ut
2115 2214 2199 2251 aliis
2231 2215 2382 2264 placet,

1254 2264 1421 2301 conditio
1450 2265 1663 2302 necessario
1681 2266 1880 2317 requisita.
1910 2264 2068 2303 Deinde
2089 2296 2099 2314 ,
2129 2269 2306 2318 quamvis
2329 2270 2385 2304 in-

1255 2318 1369 2354 tentio
1397 2316 1507 2354 lateat
1539 2318 1576 2354 in
1607 2318 1719 2355 corde
1749 2319 1913 2355 ministri
1936 2347 1946 2364 ,
1989 2317 2030 2355 fit
2060 2328 2186 2357 tamen
2217 2318 2385 2358 visibilis

1256 2384 1324 2422 pet·
1353 2379 1457 2408 actus
1487 2371 1714 2418 exteriores,
1743 2371 1886 2422 quibus
1918 2371 2038 2407 forma
2057 2371 2272 2423 applicatur
2304 2387 2386 2410 ina-

1257 2425 1363 2462 teriae
1382 2450 1392 2461 .
1423 2423 1486 2461 Sic
1509 2425 1622 2460 etiarn
1652 2425 1856 2469 contritio,
1885 2426 2063 2475 quamvis
2095 2426 2297 2463 invisibilis
2330 2425 2385 2464 la-

1257 2486 1330 2514 teat
1363 2479 1399 2514 in
1429 2477 1539 2514 corde
1558 2477 1798 2528 paenitentis,
1831 2476 1871 2514 fit
1893 2485 2019 2514 tamen
2050 2478 2216 2516 visibilis
2248 2481 2284 2516 in
2316 2493 2383 2516 ex-

1252 2530 1455 2569 terioribus
1485 2529 1654 2581 ejusdem
1700 2530 1917 2582 poenitentis
1958 2531 2136 2579 actibus,
2181 2531 2213 2569 8<
2246 2535 2299 2570 sic
2331 2543 2384 2570 est

1251 2597 1340 2636 pars
1369 2583 1573 2621 essentialis
1605 2583 1840 2621 Sacramenti
1873 2584 2109 2635 poenitentiae
2132 2611 2142 2622 .

1308 2637 1400 2688 294.
1433 2636 1508 2675 Ob.
1539 2635 1739 2674 secundo.
1769 2636 1852 2674 Non
1885 2638 2063 2675 minoi-in
2084 2637 2220 2676 adultis
2253 2640 2383 2689 requi-

1251 2691 1347 2728 ritur
1378 2691 1535 2728 intentio
1562 2691 1792 2740 suscipiendi
1823 2689 2114 2729 Sacramentum
2140 2722 2150 2740 ‚
2194 2706 2309 2743 quam
2344 2694 2383 2729 in

1253 2744 1427 2782 ministro
1456 2743 1553 2782 illud
1583 2743 1830 2788 conferendi5
1876 2743 1973 2780 unde
2005 2745 2145 2783 Doctor
2177 2746 2381 2796 Angelicns

1255 2797 1294 2836 5.
1311 2796 1352 2835 Ρ.
1381 2808 1517 2849 qumst.
1539 2796 1605 2835 68.
1635 2806 1705 2834 art.
1726 2811 1762 2848 7.
1792 2797 1836 2834 ad
1862 2809 1898 2834 2.
1928 2797 2065 2834 diserte
2096 2799 2249 2842 asserit7
2280 2799 2382 2849 quoi.

1254 2855 1288 2888 si
1317 2854 1358 2888 in
1388 2850 1525 2889 adulto
1554 2849 1706 2888 deesset
1753 2853 1918 2887 intentio
1960 2851 2197 2899 suscipienda·
2227 2851 2382 2889 Sileru-

1255 2913 1434 2942 mentum
1455 2935 1466 2952 ‚
1515 2913 1615 2942 esset
1645 2902 1981 2953 νεῶαρὲἱῑαηλαςς
2023 2907 2130 2956 atqui
2160 2914 2287 2943 tamen
2321 2907 2381 2943 in-

1253 2959 1368 2996 tentio
1397 2958 1518 2996 solum
1549 2958 1758 2995 extrinseca
1800 2958 2037 3009 suscipientis
2072 2957 2211 2997 sufficit
2241 2959 2287 2996 ad
2314 2959 2381 2996 S]-

1252 3013 1440 3050 cramenti
1471 3012 1743 3063 perfectionem
1763 3037 1773 3048 .
1805 3011 1845 3048 td
1877 3010 1986 3062 prol).
2007 3015 2135 3060 primo
2152 3025 2195 3049 ex
2220 3012 2382 3049 Hadria-

1254 3078 1304 3103 no
1332 3065 1391 3113 I.,
1439 3067 1506 3118 qui
1538 3065 1660 3117 Epist.
1692 3063 1795 3102 Vltt.
1826 3063 2019 3113 Saxones,
2063 3067 2129 3117 qni
2173 3063 2382 3116 supplicio-

1250 3132 1338 3156 rum
1369 3129 1470 3156 metu
1504 3118 1656 3156 suerunt
1686 3118 1734 3155 ad
1762 3117 1998 3169 baptismum
2029 3119 2316 3170 suscipiendum
2343 3132 2382 3153 a·

1251 3171 1350 3209 dacti
1370 3202 1380 3220 ,
1410 3172 1702 3210 Sacramentum
1735 3184 1823 3208 vere
1852 3172 2062 3223 suscepisse
2080 3172 2249 3209 decernit
2268 3200 2277 3217 ,
2311 3172 2381 3205 etsi

1239 3222 1350 3274 fords
1364 3234 1526 3263 tantum
1547 3255 1557 3272 ,
1588 3238 1665 3262 non
1699 3228 1804 3262 intus
1833 3233 2123 3263 consenserant
2141 3251 2150 3262 .
2202 3222 2378 3260 Securis„

1251 3276 1490 3316 Innocentius
1510 3279 1578 3317 ΙΙΙ.
1608 3292 1695 3330 cap.
1713 3277 1920 3326 illusores,
1951 3288 2054 3316 extra
2084 3277 2132 3314 ‹le
2176 3275 2382 3322 Bapnsnm

1251 3329 1302 3368 ita
1331 3330 1485 3371 definit:
1525 3331 1591 3380 Is,
1639 3335 1704 3383 qui
1734 3327 1971 3379 terroribus,
2015 3339 2133 3379 atoue
2183 3326 2376 3375 supplic-‘15

1779 3396 1824 3426 ¹7
