2605 3624
530 197 1961 249 ήῆᾐήἠῄήῄῄήᾐήήῄἡπὴἡῄήῄᾐἐῄᾐὴῄὴἠὴἡ

668 411 1610 477 DISSERTATIO
1714 406 1792 474 V.

231 634 398 721 DE
462 627 1301 722 SACRAMENTO
1368 628 2225 722 EUCHARISTIAE

955 862 1489 888 *40*-

133 1035 359 1123 Nullum
402 1091 455 1122 est
490 1083 587 1122 inter
615 1081 888 1130 Sacramenta,
934 1081 1035 1133 quod
1079 1080 1192 1131 liujus

76 1137 299 1188 dignitatem
330 1146 502 1189 superet,
533 1146 595 1175 aut
624 1137 824 1189 adaequet,
853 1149 942 1174 cum
965 1137 1090 1186 ipsum
1113 1135 1189 1172 Do-

75 1192 224 1228 minum
254 1200 424 1229 nostrum
453 1191 581 1228 Jesum
611 1189 802 1227 Christum
848 1191 957 1226 totius
988 1189 1189 1226 sanctitatis

77 1243 248 1291 fontem,
279 1243 312 1278 ἃ
341 1253 530 1281 auctorem
559 1245 774 1291 contineat,
815 1251 854 1279 ut
882 1242 923 1280 S.
954 1240 1122 1298 Thomas
1150 1254 1189 1278 o-

75 1297 211 1334 stendit
240 1296 278 1334 5.
309 1295 350 1334 Ρ.
377 1306 515 1349 quaest.
537 1296 602 1335 65.
632 1306 702 1338 art.
725 1296 761 1334 3.
809 1295 891 1333 :Xon
930 1308 1063 1346 magna
1107 1296 1193 1346 qui-

75 1348 162 1387 dem
194 1349 313 1386 videri
343 1349 460 1389 alicui
492 1352 624 1402 poterit
656 1351 693 1387 in
722 1363 765 1386 eo
802 1348 1063 1400 pertractando
1092 1347 1193 1385 diffi-

76 1401 225 1447 cultas;
253 1415 340 1439 cuin
356 1414 468 1440 nemo
487 1405 531 1440 sit
561 1402 620 1440 vel
652 1404 747 1440 inter
776 1403 875 1452 ipsos
904 1401 1119 1447 haereticos,
1149 1415 1193 1439 ac

79 1454 362 1503 schismaticos,
410 1458 478 1506 qui
508 1456 604 1494 hane
634 1469 825 1493 summam
867 1454 1037 1505 ejusdcm
1069 1454 1191 1492 excel-

77 1505 235 1544 lentiam
265 1521 340 1545 non
370 1517 570 1560 agnoscat,
602 1511 721 1546 immo
749 1508 782 1544 8(
803 1508 1005 1560 magnifice
1035 1521 1108 1545 non
1130 1521 1192 1544 ex·

75 1558 207 1606 tollat,
238 1560 298 1597 sed
328 1571 458 1599 contra
478 1562 636 1600 accidit.
667 1561 740 1598 Tot
770 1563 897 1609 enim,
927 1561 961 1596 &
992 1563 1100 1598 tantis
1122 1561 1192 1598 fal-

76 1611 250 1650 sitatibus
280 1611 376 1652 lianc
402 1617 602 1652 materiam
634 1614 848 1652 heterodoxi
869 1615 1192 1662 contaminarunt,

75 1673 127 1702 tot
155 1665 362 1704 subtilibus
391 1667 700 1705 cavillationibus
730 1681 886 1714 veram,
930 1666 962 1702 8(
993 1669 1192 1718 antiquarii

77 1717 271 1767 majorum
301 1728 511 1757 nostrorum
542 1721 753 1758 doctrinm
795 1733 1040 1771 corrumpere
1069 1721 1193 1757 conati

77 1779 193 1817 sunt,
236 1785 281 1808 ac
308 1771 472 1823 denique
501 1782 548 1810 tot
576 1773 725 1810 diversa
763 1786 932 1811 errorum
963 1781 1128 1811 monstra
1158 1787 1195 1809 e-

78 1832 287 1874 ruperunt,
319 1833 357 1861 ut
386 1838 460 1863 non
488 1825 609 1863 solum
640 1826 749 1864 valde
781 1825 952 1877 prolixa,
989 1827 1051 1863 sed
1080 1827 1194 1863 etiam

79 1876 285 1914 admodum
315 1877 482 1916 difficilis
512 1881 672 1918 evaserit
701 1893 789 1916 vera
821 1879 934 1930 liujus
954 1880 1195 1916 sacratissimi

76 1931 249 1980 mysterii
279 1932 486 1981 expositiO,
516 1932 549 1968 &
577 1933 772 1970 defensio.
803 1932 860 1968 Ne
888 1942 1014 1969 tamen
1031 1931 1195 1969 volumi-

76 1983 138 2020 nis
167 1980 284 2019 moles
313 1982 518 2035 plusquam
563 1999 631 2035 par
660 1995 739 2032 est,
783 1993 1001 2031 excrescat,
1049 1985 1196 2022 omissis

79 2035 357 2086 qtiaestionibtis
386 2037 514 2075 minus
542 2039 783 2083 necessariis,
832 2051 897 2074 nos
926 2038 973 2074 ad
1005 2036 1087 2074 liaec
1117 2037 1196 2075 sola

78 2089 204 2140 capita
232 2089 476 2140 restingemus
493 2116 504 2127 .
535 2090 671 2128 Primo
690 2091 735 2128 de
755 2090 998 2128 Eucliaristia
1019 2103 1196 2140 agemus,

79 2150 120 2178 ut
148 2140 434 2180 Sacramentum
465 2151 543 2191 est,
573 2144 731 2196 ejusque
760 2157 888 2180 veram
908 2173 918 2190 ,
957 2142 989 2179 ἃ
1021 2145 1196 2182 essentia·

83 2191 160 2231 lem
191 2196 380 2232 notionem
409 2195 719 2246 explicabimus,
750 2195 782 2230 ἃ
813 2195 1120 2244 vindicabimus,
1149 2197 1197 2234 de

81 2244 252 2294 ejusdem
283 2249 439 2285 materia
457 2279 467 2296 ,
512 2248 545 2284 8(
575 2251 697 2286 forma
726 2257 948 2294 tractantes3
996 2262 1039 2286 ac
1068 2258 1197 2300 postea

82 2297 224 2335 realem
253 2301 448 2350 corporis,
491 2300 525 2337 ἃ
555 2303 746 2352 sanguinis
775 2301 913 2340 Christi
958 2303 995 2338 in
1027 2314 1069 2338 eo
1099 2315 1197 2353 prae-

84 2353 244 2389 sentiam
267 2381 277 2398 ,
306 2365 452 2391 necnon
481 2355 534 2392 sic
563 2355 703 2392 dictam
725 2355 1198 2393 transubstantiationem

83 2406 188 2442 omni
219 2415 527 2456 argumentorum
557 2421 691 2458 genere
720 2408 1092 2453 demonstrabimus;
1121 2421 1198 2460 quo

81 2455 166 2494 loco
195 2457 402 2509 plurimos,
431 2459 465 2496 ἃ
496 2462 726 2512 perniciosos
755 2460 1064 2498 heterodoxorum
1095 2474 1197 2498 erro-

83 2522 142 2546 res
169 2509 408 2563 detegemus‚
438 2512 472 2549 δε
502 2512 750 2552 refellemus.
781 2514 949 2551 Demum
979 2515 1024 2551 de
1045 2513 1196 2551 Eucha-

85 2562 190 2598 ristia
217 2564 468 2612 disseremus,
498 2576 608 2618 prout
628 2581 760 2605 verum
792 2576 864 2614 est,
895 2566 928 2603 8<
960 2568 1198 2604 incruentum

87 2625 198 2650 novae
228 2615 320 2665 legis
346 2618 605 2657 sacrificium.
636 2620 718 2657 Deo
747 2622 873 2672 itaque
893 2622 1071 2673 auspice,
1101 2634 1200 2658 suae-

87 2678 164 2716 que
190 2670 320 2718 gratiae
348 2670 539 2709 auxilium
568 2673 830 2724 suppeditante
858 2674 904 2711 sit

446 2776 723 2816 CAPUT
807 2779 836 2816 Ι.

171 2875 236 2917 De
272 2881 390 2916 variis
427 2877 541 2932 hujus
576 2882 833 2922 Sacramenta
874 2885 1124 2935 nominibus,

313 2930 565 2984 ejusdemque
591 2936 846 2987 definitione,
875 2947 992 2990 alque

513 2991 755 3027 anstitutione
775 3015 786 3026 .

151 3065 449 3141 1.Angeticus
478 3089 692 3143 Praeceptor
734 3094 918 3143 sapienter
959 3095 1130 3133 observat
1169 3097 1208 3135 5.

93 3139 138 3179 P.
164 3151 298 3193 quaest.
324 3144 386 3193 73.
417 3153 487 3182 art.
510 3144 547 3188 4.
591 3174 616 3192 ,,
645 3146 747 3196 quod
775 3146 1064 3185 Sacramentum
1095 3148 1206 3186 habet

98 3220 126 3240 ,‚
152 3194 345 3246 triplicem
376 3196 716 3248 significationem:
755 3212 868 3236 unam
899 3200 1053 3248 quidem
1084 3213 1208 3251 respe-

99 3272 127 3292 ,‚
155 3253 215 3283 ctu
243 3251 456 3298 praeteriti,
487 3252 713 3302 inquantum
743 3251 886 3289 scilicet
905 3262 955 3290 est
975 3265 1205 3290 commemo-

99 3325 127 3345 „
155 3299 322 3339 rativum
352 3302 572 3341 Dominicae
602 3304 805 3357 passionis,
853 3318 940 3356 quae
971 3305 1042 3347 suit
1072 3319 1205 3346 verum

204 3349 444 3408 Gazzaniga
478 3355 611 3395 Theoi.
656 3356 767 3396 Tom.
791 3357 858 3397 tx.

1262 1110 1287 1129 „
1317 1081 1581 1131 sacrificium,
1628 1081 1661 1117 8(
1693 1083 1899 1122 secundum
1936 1083 2268 1125 hoc-nominatur
2299 1088 2375 1126 St-

1261 1163 1287 1182 „
1317 1133 1539 1185 crificiwn.
1589 1135 1716 1172 Aliam
1746 1146 1872 1175 autem
1915 1138 2232 1188 significationem
2265 1141 2378 1180 habet

1259 1215 1285 1234 ,‚
1316 1197 1486 1238 respectu
1517 1189 1569 1225 rei
1602 1190 1822 1237 praesentis,
1865 1189 2008 1228 scilicet
2038 1192 2305 1231 ecclesiasticae
2338 1209 2380 1232 u-

1260 1269 1286 1287 „
1316 1242 1469 1289 nitatis,
1500 1242 1562 1279 cui
1593 1239 1766 1279 homines
1796 1253 2043 1294 aggregantur
2065 1258 2132 1296 per
2153 1246 2378 1284 Sacramen-

1262 1322 1288 1341 „
1317 1303 1397 1330 tum
1416 1324 1426 1341 ,
1457 1293 1490 1329 ἃ
1521 1295 1725 1333 secundum
1757 1294 1828 1333 ltoc
1859 1298 2079 1334 nominatur
2112 1297 2375 1347 Commutato,

1263 1375 1289 1394 „
1319 1346 1379 1386 vel
1409 1349 1584 1396 συνάξις.
1628 1348 1799 1386 Tertiam
1830 1349 2146 1401 significationem
2179 1352 2292 1391 habet
2323 1367 2380 1390 re-

1263 1428 1289 1448 „
1319 1410 1447 1452 spectu
1478 1401 1625 1449 futuri,
1656 1403 1880 1453 inquantum
1911 1403 2056 1442 scilicet
2077 1404 2136 1442 vel
2153 1405 2380 1444 Sacramen-

1264 1482 1290 1500 „
1319 1463 1398 1490 tum
1417 1462 1466 1490 est
1497 1455 1824 1504 praefigttrativum
1855 1456 2046 1494 fruitionis
2069 1457 2169 1503 Dei,
2201 1473 2287 1510 quae
2311 1461 2381 1496 erit

1263 1533 1289 1553 „
1320 1508 1357 1543 in
1388 1507 1537 1556 patria,
1568 1507 1601 1543 ἃ
1631 1508 1839 1544 secundum
1872 1508 1940 1545 hoc
1970 1510 2110 1547 dicitur
2142 1509 2343 1549 Viaticum
2366 1541 2378 1558 ,

1262 1587 1288 1606 „
1317 1560 1408 1610 quia
1439 1558 1500 1596 hic
1547 1560 1691 1612 praebet
1734 1561 1839 1598 uobis
1870 1563 1973 1600 viam
2013 1561 2106 1601 illuc
2153 1568 2378 1616 pervenien-

1263 1640 1289 1658 „
1320 1613 1378 1656 di3
1410 1611 1443 1647 ἃ
1473 1614 1680 1652 secundum
1710 1612 1780 1650 hoc
1811 1615 1923 1651 etiam
1954 1616 2094 1653 dicitnr
2131 1617 2381 1666 ἶυχαριστίκ,

1263 1693 1289 1711 ,,
1320 1665 1410 1702 idest
1440 1664 1542 1703 bona
1570 1671 1736 1717 gratia,
1766 1669 1858 1718 quia
1888 1673 2026 1719 gratia.
2046 1667 2123 1706 Det
2154 1672 2231 1704 rita
2263 1679 2382 1706 aeter-

1265 1746 1290 1765 „
1320 1731 1376 1754 niz
1407 1717 1515 1756 Rom.
1533 1719 1600 1758 Vl.
1619 1721 1704 1766 23„
1734 1720 1794 1757 vel
1816 1722 1908 1771 quia
1925 1720 2075 1758 realiter
2091 1722 2255 1759 continet
2271 1722 2383 1761 Chri-

1266 1799 1293 1818 „
1325 1780 1449 1819 stum,
1511 1774 1546 1810 ui
1578 1783 1628 1811 est
1659 1771 1793 1825 plenus
1821 1775 1972 1824 gratia.
2002 1777 2028 1795 “
2080 1774 2231 1812 Dicitur
2267 1777 2385 1814 etiam

1265 1837 1287 1860 a
1315 1823 1355 1860 S.
1384 1824 1441 1861 J0.
1472 1787 1709 1864 ssamasceuo
1738 1825 1825 1862 Lib.
1848 1826 1915 1864 1V.
1959 1825 2023 1864 De
2040 1826 2131 1878 fide
2159 1827 2383 1866 orthodoxa„

1264 1889 1351 1927 cap.
1380 1877 1438 1915 13.
1482 1874 1730 1929 μετάληψις,
1779 1893 1842 1916 seu
1870 1883 2150 1930 participatio,
2193 1883 2285 1933 quia
2317 1895 2385 1932 pet·

1264 1928 1334 1966 hoc
1365 1929 1657 1968 Sacramentum
1687 1930 1902 1970 divinitatis
1930 1932 2022 1970 Jesu
2059 1933 2262 1971 reddimur
2289 1947 2384 1985 par-

1263 1985 1425 2031 ticipes.
1468 1982 1547 2020 Alii
1578 1993 1703 2021 tamen
1736 1984 1864 2023 volunt
1895 1986 1964 2024 hoc
1993 1987 2284 2025 Sacramentum
2316 2003 2384 2040 ap·

1263 2034 1448 2087 pellatum
1480 2036 1723 2085 εὐχαριςετίαν
1743 2053 1763 2076 a
1778 2044 2007 2090 gratiarum
2026 2045 2185 2077 actione
2203 2071 2213 2088 ,
2243 2042 2289 2078 de
2309 2055 2387 2093 qua

1265 2088 1520 2141 Evangelistae
1550 2087 1786 2140 loquuntur,
1830 2106 1919 2130 cuin
1949 2093 2118 2132 Christus
2149 2094 2246 2131 illud
2277 2096 2384 2132 insti-

1265 2150 1368 2180 tuens
1396 2146 1553 2195 gratias
1582 2147 1691 2195 egit5
1719 2159 1835 2196 quam
1866 2147 2183 2197 significationem
2205 2148 2319 2184 etiam
2341 2147 2383 2186 S.

1264 2195 1434 2234 Justinus
1463 2195 1577 2232 tradit
1607 2198 1646 2233 in
1677 2197 1868 2249 Apologia.
1901 2198 1953 2237 II.

1321 2262 1358 2286 2.
1388 2249 1548 2286 Sectarii
1579 2261 1655 2286 non
1686 2250 1762 2287 alio
1800 2253 1952 2289 nomine
1995 2251 2064 2291 lioc
2094 2252 2386 2291 Sacramentum

1265 2301 1460 2352 designant
1478 2331 1488 2349 ,
1517 2315 1634 2352 quam
1670 2301 1803 2340 Coence
1832 2303 1998 2341 Domini
2019 2335 2030 2352 ,
2076 2305 2271 2343 abutentes
2301 2320 2385 2344 ver-

1265 2354 1323 2392 bis
1348 2356 1388 2393 S.
1420 2354 1528 2392 Pauli
1565 2367 1596 2391 ι.
1626 2355 1712 2392 Cor.
1736 2356 1804 2393 Xl.
1829 2369 1893 2395 20.
1940 2357 2263 2397 Com-ementibus
2291 2372 2385 2412 ergo

1266 2406 1366 2446 robis
1395 2412 1435 2444 in
1466 2419 1586 2443 unum
1606 2436 1616 2454 ,
1653 2409 1748 2459 jam
1778 2421 1857 2447 non
1888 2420 1973 2459 est,
2018 2411 2279 2449 Dominicam
2309 2425 2386 2450 σοι’-

1265 2473 1367 2497 nam
1396 2460 1670 2504 manducave,-
1701 2460 1770 2499 lioc
1799 2466 1899 2501 enim
1930 2478 2066 2502 nomen
2098 2467 2217 2516 magis
2246 2478 2386 2503 conve·

1265 2514 1349 2551 nire
1379 2515 1504 2550 vident
1534 2514 1609 2550 suis
1638 2515 1850 2564 erroribus,
1881 2517 2024 2568 quibus
2052 2518 2186 2555 nolunt
2216 2517 2286 2556 lioc
2316 2519 2389 2557 Sa-

1267 2575 1506 2604 cramentum
1537 2580 1612 2603 csse
1642 2567 1756 2605 etiam
1794 2570 2027 2609 sacrificium
2047 2601 2057 2619 ‚
2101 2585 2170 2608 nec
2201 2573 2386 2610 asservari

1267 2632 1373 2672 posse
1402 2619 1473 2656 &m
1503 2619 1617 2667 Dixi,
1647 2633 1709 2657 eos
1738 2621 1845 2660 abuti
1876 2622 1998 2662 allatis·
2028 2625 2069 2661 S.
2100 2622 2208 2661 l'auli
2239 2625 2382 2663 verbis:

1268 2672 1514 2711 verisimilius
1543 2682 1595 2709 est
1626 2675 1755 2722 enim,
1784 2675 1825 2712 S.
1856 2674 2018 2714 Paulum
2050 2690 2123 2714 non
2153 2677 2198 2714 de
2229 2676 2298 2714 ltoc
2318 2678 2386 2715 Sa-

1269 2735 1464 2764 cramento
1494 2726 1547 2764 ibi
1580 2726 1714 2778 loqui,
1762 2729 1825 2765 sed
1856 2729 1902 2766 de
1930 2730 2230 2768 Christianorum
2260 2731 2391 2769 convi-

1272 2781 1372 2827 viis,
1402 2793 1490 2831 qnte
1522 2774 1675 2828 oe'yavroe?
1707 2781 1969 2820 vocabantur.
1999 2783 2056 2821 J0.
2079 2779 2322 2822 Maidonatus
2352 2785 2390 2822 in

1273 2846 1360 2884 cap.
1390 2831 1497 2870 Xlll.
1542 2845 1577 2869 2.
1620 2830 1727 2870 Joan.
1757 2831 2043 2884 Euclzaristiiz,
2093 2837 2244 2889 inquit,
2288 2850 2386 2874 nun-

1273 2899 1418 2936 quam,
1448 2889 1524 2923 nisi
1553 2899 1580 2923 a
1610 2890 1717 2923 noc-is
1746 2885 1967 2938 haereticis,
1997 2902 2114 2927 coena.
2143 2900 2285 2928 vocata
2316 2900 2388 2928 est.

1276 2939 1642 2990 Quomodocumquc
1673 2953 1729 2976 res
1758 2942 1802 2978 sit
1833 2945 1989 2995 (neque
2018 2944 2118 2981 enim
2148 2942 2323 2980 volumus
2345 2944 2391 2980 de

1275 2993 1430 3029 nomine
1459 2993 1688 3044 disputare)
1719 3006 1785 3031 nos
1813 2995 1862 3032 ab
1893 2995 1963 3034 liae
1993 3009 2084 3034 voce
2099 2996 2388 3044 abstinebimus,

1276 3053 1317 3080 ut
1346 3059 1418 3083 non
1448 3045 1569 3082 solum
1600 3045 1648 3082 ab
1680 3045 1948 3086 liaereticorum
1978 3049 2196 3097 erroribus,
2245 3049 2305 3086 srai
2336 3058 2388 3085 et-

1276 3098 1353 3135 iam
1383 3113 1405 3136 a
1435 3099 1614 3150 suspectis
1643 3112 1772 3138 eorum
1804 3100 2006 3152 phrasibus
2033 3103 2311 3140 abstineamus.
2344 3100 2390 3137 Et

1275 3147 1359 3189 haec
1387 3152 1433 3190 de
1462 3151 1710 3201 nominibus,
1739 3168 1903 3206 quorum
1935 3155 2048 3208 plura
2076 3155 2152 3194 alia
2182 3153 2293 3192 facile
2313 3152 2388 3190 col-

1274 3200 1342 3253 ligi
1373 3215 1526 3256 possunt
1555 3219 1598 3243 ex
1628 3207 1767 3244 sanctis
1797 3204 1997 3246 Patribus.
2353 3256 2359 3262 .

1330 3256 1367 3294 5.
1397 3257 1593 3304 Quantum
1625 3272 1713 3296 vero
1754 3261 1800 3298 ad
1832 3275 1912 3299 rem
1952 3264 2100 3313 ipsam,
2148 3257 2385 3314 Eucharistio

1272 3307 1427 3350 definiri
1456 3320 1573 3362 potest
1592 3311 1906 3351 Sacramentum
1925 3317 2117 3365 corporis,
2147 3311 2196 3351 &y
2223 3319 2385 3366 ,sangue-

1810 3377 1826 3404 ι
2269 3371 2330 3397 HIS
