2605 3624
248 151 262 179 ῖ
280 152 327 190 70

174 215 327 253 modam
358 208 610 250 necessitatem
640 207 815 247 sumendi
845 207 1152 248 Eucharistiain:
1192 210 1290 248 lianc

175 268 275 303 enim
305 277 380 302 non
411 278 486 302 esse
516 263 688 316 parvulis
716 265 967 301 necessariam
1007 265 1141 302 fatetur
1170 264 1291 316 Syno-

174 320 243 356 dus
274 317 383 356 Trid.
413 316 638 356 Sess.XX1.
668 330 753 369 cap.
774 317 836 363 4:
867 331 953 368 ergo
971 318 1110 369 pariter
1132 330 1176 353 ex
1205 317 1291 354 aliis

176 370 369 409 similibus
397 370 615 409 Joann.111.
644 368 734 407 Μ’ᾱί
764 374 848 420 quis
877 379 1041 408 renatus
1058 368 1188 420 suerit
1220 370 1291 407 Sec.

173 424 398 462 omnimoda
424 437 500 462 non
530 425 675 461 eruitur
705 424 884 476 baptismi
914 425 1138 462 necessitas.

231 491 322 516 212.
354 477 466 529 Resp.
496 491 584 515 cum
606 477 646 515 S.
663 476 813 514 Tlioma
843 477 880 515 5.
903 476 943 514 P.
973 486 1107 530 quaest.
1129 477 1194 515 65.
1216 484 1287 513 art.

173 530 215 577 4.
245 531 290 570 ad
323 544 358 569 2.
377 561 388 579 ,
430 530 524 568 illust
552 529 708 568 verbum
735 530 904 571 ,Domini
933 530 992 568 Jo.
1017 530 1081 568 VI.
1112 543 1198 567 csse
1227 533 1287 565 in-

172 584 430 636 telligendum
460 584 508 622 cle
536 584 729 633 spirituali
759 582 1072 620 manducatione
1090 612 1100 630 ,
1129 584 1177 623 (⁷9²
1207 595 1287 618 non

174 637 225 676 sle
266 639 352 675 solu.
382 637 711 684 Sacramenmlt,
760 645 800 672 ut
843 635 1085 687 Augustinus
1128 638 1291 683 exponit

176 690 315 734 Tract.
336 689 490 729 XXVI.
521 694 562 727 iu
589 690 706 727 Joan.
737 689 784 726 Et
805 697 904 726 certe
933 688 1152 739 hujusmodi
1184 701 1291 725 man-

171 744 325 782 ducatio
354 742 586 796 spiritualis,
629 756 718 794 quae
748 750 800 779 est
829 745 870 778 in.
903 739 1054 778 Christo
1091 753 1260 778 ”ttinere
1280 770 1289 787 ,

170 798 222 838 ζ’)
251 798 363 835 illum
380 796 615 834 manentem
644 799 685 833 in
700 808 743 832 se
771 793 941 841 habere,
970 792 1151 830 omnibus
1166 794 1291 831 omni-

172 863 222 888 no
244 860 302 889 est
344 849 551 888 necessaria
569 878 581 896 ,
628 861 702 885 non
731 849 856 884 minus
897 860 1016 897 quam
1045 845 1257 897 baptismus
1279 871 1289 883 .

171 902 287 951 Quod
316 904 346 941 si
377 918 419 940 ea
448 902 566 939 verba
595 900 857 951 intelligantur
886 901 931 937 de
952 898 1204 937 Eucliaristiae
1222 899 1290 936 Sa-

170 965 392 1003 cramentO,
434 963 522 992 tunc
550 954 754 991 dicendum
799 961 882 999 est,
926 952 993 990 illa
1023 953 1212 1005 pertinere
1241 952 1288 990 ad

167 1009 342 1056 adultos,
372 1020 467 1059 quos
495 1006 550 1044 ibi
570 1005 836 1058 alloquebatur
851 1005 1021 1044 Christus
1050 1007 1198 1044 dicens:
1229 1011 1289 1043 ni-

169 1066 201 1098 si
231 1059 586 1107 manducaveritis,
631 1059 664 1099 8<
707 1061 772 1112 qui
802 1058 1059 1097 Eucharistici
1103 1059 1182 1097 cibi
1227 1073 1288 1097 su-

168 1115 300 1153 mendi
330 1128 488 1164 capaces
517 1121 619 1151 sunt:
650 1114 768 1151 verba
796 1122 924 1151 autem
953 1112 1123 1164 ejusdem
1152 1112 1287 1151 Salva-

166 1170 255 1206 toris
283 1167 343 1205 J0.
360 1168 426 1205 111.
457 1167 504 1204 ad
517 1179 649 1205 omnes
677 1166 850 1204 homines
865 1168 946 1205 sine
968 1168 1185 1218 exceptione
1202 1180 1287 1218 per·

167 1222 314 1269 tinere;
342 1235 386 1258 ac
403 1230 603 1272 propterea
631 1219 885 1270 generaliter,
917 1218 1104 1272 &majori
1133 1232 1285 1271 expres-

165 1275 270 1313 sione
300 1274 444 1326 prolata
472 1281 576 1311 sunt:
605 1271 795 1325 Msiquis
809 1273 897 1313 &a
927 1272 1114 1311 Praeterea
1143 1273 1181 1310 in
1201 1272 1258 1310 his
1276 1303 1287 1320 ,

167 1326 331 1379 aliisque
361 1326 555 1364 similibus
584 1327 724 1365 attendi
754 1326 864 1364 debet
893 1326 1022 1365 Sauct.
1053 1325 1206 1364 Patrum
1223 1327 1288 1363 do-

166 1381 316 1428 ctrina,
364 1393 408 1417 ac
438 1388 641 1432 perpetuus
669 1379 855 1418 Ecclesiae
887 1393 1001 1426 usus,
1039 1393 1082 1418 ex
1112 1380 1254 1431 quibus
1276 1409 1285 1427 ‚

168 1432 316 1480 velint,
359 1432 479 1470 nolint
509 1433 736 1470 Heterodoxi
759 1463 770 1480 ,
813 1446 1041 1484 germanum
1069 1432 1285 1484 Scriptura-

165 1498 254 1523 rum
282 1498 432 1523 sensum
462 1484 618 1522 haurire
646 1493 811 1536 oportet.

221 1538 313 1576 215.
344 1538 435 1576 inst.
463 1537 664 1576 secundo.
696 1537 825 1575 Verba
854 1536 949 1576 illa:
996 1535 1088 1575 Msi
1116 1540 1201 1588 quis
1229 1551 1290 1577 re·

166 1600 289 1628 natus
306 1589 437 1642 suerit
465 1590 553 1631 &c-
583 1604 657 1629 non
686 1591 902 1639 continent,
947 1591 1021 1628 nisi
1052 1599 1291 1642 praeceptum

168 1646 374 1696 positivum
393 1674 404 1694 ,
446 1659 469 1682 a
496 1643 607 1695 cujus
635 1643 900 1683 observatione
929 1652 1082 1682 excusat
1120 1644 1294 1694 ignoran-

162 1700 241 1746 1ia,
271 1698 330 1736 vel
361 1698 614 1749 impotentia.
658 1698 700 1735 ld
730 1698 843 1736 tradit
872 1697 912 1736 S.
945 1697 1173 1749 Augustinus
1204 1697 1293 1735 Lib.

165 1751 236 1790 iv.
264 1751 313 1790 de
340 1750 460 1803 Bapt.
487 1766 573 1804 cap.
597 1764 660 1789 22.
691 1760 796 1789 utens
813 1750 988 1803 exemplo
1017 1751 1193 1799 latronis,
1224 1752 1293 1804 qui

168 1804 250 1843 sola
279 1805 356 1845 fide
385 1804 549 1844 salvatus
566 1813 645 1842 est.
676 1834 703 1853 „
733 1805 930 1852 Quantum
949 1835 959 1852 ,
989 1807 1138 1855 iuquit,
1168 1804 1294 1843 valeat

167 1858 281 1898 etiam
311 1859 389 1896 sine
417 1857 564 1897 visibili
593 1857 838 1897 Sacramento
865 1859 1071 1909 baptismi,
1108 1858 1212 1910 quod
1241 1859 1296 1896 ait

171 1910 396 1962 Apostolus,
429 1912 540 1949 corde
556 1911 724 1949 creditur
752 1912 800 1949 ad
828 1911 1041 1963 justitiam,
1070 1924 1134 1948 ore
1162 1920 1291 1950 autem

168 1963 354 2002 confessio
382 1964 426 2002 sit
454 1965 504 2004 ad.
532 1963 689 2003 salutem
707 1995 718 2013 ,
765 1966 805 2002 in
848 1964 915 2002 illo
942 1964 1087 2002 latrone
1122 1964 1293 2003 declara-

169 2024 253 2055 tum
282 2024 361 2055 est.
391 2016 446 2054 Ec
475 2017 614 2055 addit:
653 2017 727 2056 Sed
756 2026 842 2055 tunc
873 2017 1054 2070 impletur
1083 2017 1292 2056 invisibili-

170 2080 253 2118 ter,
297 2084 387 2109 cum
428 2070 689 2109 ministerium
726 2071 909 2122 baptismi
939 2084 1014 2109 non
1059 2079 1293 2123 contemptus

169 2123 388 2175 religioniS,
418 2124 479 2162 sed
510 2123 692 2162 articulus
720 2124 946 2162 necessitatis
976 2122 1203 2162 excludit’'.

228 2177 320 2223 2¹4·
351 2176 487 2229 Resp.,
517 2176 613 2215 lianc
641 2177 855 2215 doctrinam
883 2191 1015 2216 veram
1044 2190 1142 2225 esse,
1172 2191 1295 2229 quan-

171 2229 220 2269 do
261 2230 473 2282 baptismus
501 2243 612 2283 aquae
642 2230 823 2282 baptismi
866 2239 973 2277 voto,
1022 2230 1082 2269 vel
1112 2232 1298 2283 martyrio

179 2283 406 2336 suppletur·
463 2283 740 2322 Verumtamen
770 2284 913 2322 ibidem
944 2284 984 2322 S.
1014 2283 1121 2322 Pater
1152 2293 1298 2323 tantam

172 2338 340 2389 agnoscit
368 2337 550 2389 baptismi
578 2349 691 2389 aquae
733 2339 1017 2386 necessitatem,
1062 2346 1102 2375 ut
1137 2337 1300 2386 doceat,

174 2391 226 2428 ab
255 2391 346 2441 ipsis
374 2391 488 2428 etiam
517 2391 661 2443 suscipi
689 2399 884 2444 oportere,
913 2392 1064 2443 quiper
1079 2389 1303 2430 charitatem

175 2443 295 2480 amici
310 2443 384 2481 Dei
412 2444 502 2481 facti
519 2443 598 2495 jam
627 2453 740 2493 sunt,
769 2453 811 2482 ut
831 2443 892 2482 illi
922 2448 964 2482 in
991 2442 1126 2496 quibus
1154 2443 1302 2482 donum

176 2495 343 2545 Spiritus
359 2500 489 2533 sancti
504 2497 713 2536 eminebat:
743 2500 811 2550 qui
827 2497 1015 2550 baptizati
1030 2507 1120 2535 sunt
1135 2506 1277 2536 tamen
1290 2527 1302 2545 ‚

179 2550 229 2590 (ἱ)
258 2552 299 2585 in
329 2547 398 2586 hoc
414 2547 538 2599 facto
566 2552 788 2600 apostolica
815 2561 930 2590 extat
960 2555 1205 2590 auctoritas.
1244 2552 1302 2590 De

177 2601 350 2653 parvulis
377 2610 527 2651 autem,
565 2604 633 2655 qui
662 2613 760 2643 certe
789 2607 1011 2657 impotentia
1038 2606 1209 2644 excusari
1239 2605 1306 2643 de-

177 2656 339 2703 berent,
368 2669 399 2692 81
430 2654 513 2693 haec
544 2665 662 2708 posset
678 2657 827 2710 aliquos
856 2673 1062 2707 excusare,
1092 2660 1144 2697 ita
1170 2658 1303 2710 loque-

180 2708 292 2746 batur
323 2709 552 2760 Augustinus
594 2711 636 2748 in
678 2711 786 2763 epist.
806 2711 980 2751 CLXVI.
1024 2713 1072 2750 ad
1109 2712 1302 2763 Hierony-

183 2774 294 2799 mum
325 2774 409 2813 cap.
434 2775 496 2813 7.:
526 2792 553 2812 „
582 2763 768 2816 Quisquis
795 2765 961 2814 dixerit,
989 2764 1091 2817 quod
1121 2767 1161 2802 in
1190 2763 1302 2801 Chri-

180 2822 237 2853 sto
267 2814 564 2854 vivificabuntur
593 2818 708 2856 etiam
738 2817 921 2870 parvuli,
963 2819 1031 2870 qui
1060 2817 1139 2855 sine
1167 2816 1303 2854 Sacra-

182 2867 303 2905 menti
333 2867 414 2918 ejus
442 2870 732 2921 participatione
760 2871 806 2910 de
835 2873 913 2910 vita
943 2877 1097 2917 exeunt,
1127 2868 1190 2906 bic
1215 2881 1306 2921 pro-

183 2921 284 2958 fecto
313 2918 347 2955 8<
375 2930 502 2958 contra
530 2922 787 2974 Apostolicam
829 2925 1142 2976 praedicationem
1172 2924 1305 2970 venit,

185 2974 221 3010 ἃ
249 2980 364 3010 totam
396 2973 618 3014 condemnat
632 2976 847 3016 Ecclesiam
864 2977 973 3026 ,nbi
990 2983 1187 3028 propterea
1215 2989 1307 3012 cum

183 3025 424 3079 baptizandis
454 3027 624 3077 parvulis
652 3030 874 3079 festinatur,
917 3030 951 3066 8<
980 3030 1176 3075 curritur,
1217 3029 1309 3078 quia

186 3081 269 3119 sine
296 3078 415 3117 dubio
443 3079 634 3128 creditur,
664 3081 774 3120 aliter
803 3097 862 3121 eos
891 3084 931 3122 in
958 3081 1107 3120 Christo
1136 3080 1310 3121 vivifica-

187 3136 224 3173 ri
256 3133 412 3170 omnino
441 3145 514 3170 non
543 3145 649 3184 posse
668 3135 715 3172 .’'
734 3160 744 3173 .

245 3187 337 3224 215.
365 3186 455 3223 inst.
476 3190 610 3223 tertio.
639 3187 723 3224 Non
745 3196 797 3226 est
826 3187 1012 3227 credibile
1029 3218 1040 3236 ,
1070 3186 1310 3227 Servatorem

188 3248 359 3280 nostrum
377 3240 422 3276 iis
438 3238 564 3277 verbis
573 3239 736 3278 voluisse
752 3241 906 3279 reddere
923 3242 1029 3280 viam
1045 3250 1198 3279 aeternae
1210 3241 1310 3280 salu-

174 3296 239 3333 -tis
255 3291 537 3341 difficiliorem,
566 3305 684 3344 quam
696 3294 868 3332 fueritin
885 3294 1118 3347 veterilege:
1147 3294 1310 3334 sedtunc

193 3354 363 3398 poterant
391 3345 562 3385 homines
591 3345 730 3387 salva-ri
760 3349 840 3388 sine
869 3348 1092 3401 Baptismo5
1123 3360 1210 3401 ergo
1239 3347 1309 3390 &c-

996 129 1362 174 1›ISSERT.111.
1398 129 1528 174 CAP.
1559 130 1641 173 lx.

1415 209 1506 248 216.
1538 207 1746 261 Respondet
1774 207 1814 246 S.
1838 207 2006 246 Thomas
2038 206 2075 247 5.
2092 206 2134 246 P.
2164 213 2300 259 quaest.
2317 206 2384 247 68.
2413 217 2482 251 art.

1365 276 1398 300 1.
1427 263 1474 300 ad
1509 276 1541 301 1.
1587 292 1613 311 „
1644 262 1853 314 Nunquam
1892 262 2066 300 homines
2106 263 2272 314 potuisse
2314 260 2482 309 salvari,

1361 346 1386 365 :›
1416 317 1530 353 etiam
1561 324 1645 353 ante
1674 315 1813 353 Christi
1843 317 2069 363 adventum,
2101 315 2171 352 nisi
2200 314 2333 353 fierent
2362 329 2483 352 mem«

1361 399 1387 418 „
1418 369 1487 406 bra
1506 369 1673 412 Cliristi3
1704 369 1818 418 quia,
1848 378 1888 406 ut
1916 369 2056 406 dicitur
2077 367 2160 406 Act.
2177 367 2246 406 IV.
2284 381 2367 416 12.,
2397 381 2479 405 non

1361 452 1387 471 „
1418 430 1475 458 est
1505 420 1614 457 allud
1644 432 1790 457 nomen
1820 419 1961 459 (latiam
1991 420 2210 459 hominibus
2232 452 2242 470 ,
2274 425 2411 472 inquo
2438 435 2478 459 o-

1360 504 1386 522 „
1416 481 1572 522 portent
1613 485 1686 509 nos
1714 474 1844 510 salvos
1862 473 1988 524 fieri.
2046 474 2119 512 Sed
2150 484 2234 512 aute
2270 475 2492 514 adveutum*

1359 556 1385 575 „
1413 525 1555 562 Cin-isti
1587 524 1755 562 homiues
1783 525 1933 563 Christo
1963 527 2304 578 incorporabantur
2334 542 2402 579 per
2431 528 2480 567 fi-

1359 608 1384 627 „
1415 579 1501 616 dem
1532 578 1652 614 futuri
1682 578 1885 626 adventus,
1914 578 2024 629 cujus
2054 580 2145 618 fidei
2175 583 2417 633 signaculum
2442 596 2480 618 e·

1361 661 1387 680 „
1417 638 1473 668 rat
1501 631 1769 678 circumcisio,
1810 638 1848 666 ut
1878 631 2076 682 Apostolus
2103 634 2199 671 dicit
2229 634 2390 681 Roman.
2413 634 2482 672 lv.

1361 713 1387 734 „
1419 683 1513 721 Ante
1543 697 1632 722 vero
1661 696 1776 735 quam
1808 684 2049 721 circumcisio
2087 686 2364 736 institueretur,
2407 689 2485 726 sola

1361 767 1388 787 „
1419 736 1521 785 fide,
1572 745 1613 774 ut
1641 737 1850 788 Gregorius
1880 736 1972 774 dicit
2002 739 2017 786 (
2048 737 2139 775 Vid.
2157 752 2242 790 sup.
2265 739 2366 779 Diss.
2388 742 2418 780 Ι.
2450 756 2488 780 u.

1358 820 1386 840 :s
1418 791 1482 842 59.
1499 790 1513 839 )
1533 820 1542 838 ,
1572 804 1662 828 cum
1679 789 1957 827 sacrificiorum
1973 788 2189 839 oblatione,
2218 792 2361 842 quibus
2379 808 2487 832 suam

1359 874 1385 893 „
1415 843 1531 881 fidem
1548 844 1694 895 antiqui
1712 842 1835 881 Patres
1851 844 2149 895 profitebantur,
2180 843 2353 882 homines
2369 847 2487 885 Chri-

1361 927 1387 948 „
1417 905 1470 934 sto
1500 897 1868 949 incorporabantur.
1900 895 1980 934 Post
2000 897 2209 935 adventum
2241 899 2355 934 etiam
2371 899 2488 938 Chri<

1361 951 1463 1000 „sti
1508 950 1679 1001 homines
1722 964 1788 1001 per
1827 949 1943 987 fidem
1973 950 2123 988 Clu-isto
2166 951 2486 1002 incorporantur,

1357 1033 1384 1053 „
1413 1004 1621 1042 secundum
1653 1002 1751 1041 illud
1782 1002 1924 1054 Ephes.
1946 1003 2011 1041 ΙΙΙ.
2048 1018 2108 1055 ¹7·
2139 1002 2340 1041 Habitare
2373 1004 2485 1042 Clari-

1358 1087 1385 1107 „
1415 1066 1518 1095 stum
1542 1070 1616 1109 per
1633 1055 1768 1108 fidem
1798 1060 1839 1093 in.
1868 1055 2045 1094 cor-itibus
2075 1061 2245 1095 nostris.
2301 1058 2377 1096 Sed
2407 1058 2486 1097 alio

1358 1140 1383 1160 ,‚
1414 1113 1519 1162 signo
1534 1111 1796 1148 manifestatur
1812 1109 1905 1147 fides
1936 1110 2085 1162 reijam
2107 1111 2328 1162 praesentis,
2362 1125 2484 1163 quam

1357 1193 1384 1213 ,‚
1413 1165 1758 1212 demonstraretur,
1788 1164 1940 1215 quando
1961 1174 2037 1201 erat
2053 1165 2204 1210 sutura3
2234 1167 2331 1202 sicut
2361 1166 2480 1203 etiam

1357 1247 1383 1266 ,‚
1414 1217 1501 1255 aliis
1539 1217 1665 1256 verbis
1694 1218 1931 1268 significatur
1970 1231 2161 1269 praesens,
2212 1219 2451 1268 praeteritum
2470 1248 2482 1266 ‚

1357 1300 1384 1320 „
1414 1270 1447 1307 8<
1478 1271 1678 1309 futurum.
1721 1270 1769 1308 Et
1800 1270 1884 1308 ideo
1913 1269 2001 1308 licet
2032 1273 2158 1316 ipsum
2188 1270 2486 1310 Sacramentum

1357 1354 1382 1373 ,‚
1413 1324 1591 1376 baptismi
1621 1336 1698 1363 non
1727 1336 1877 1375 semper
1906 1324 2021 1361 fuerit
2064 1327 2320 1362 necessarium
2350 1325 2399 1362 ad
2427 1339 2488 1362 sa-

1359 1407 1386 1426 „
1417 1377 1564 1425 lutem,
1607 1377 1700 1415 fides
1737 1385 1892 1425 tamen,
1941 1378 2051 1428 cujus
2090 1378 2307 1428 baptismus
2350 1377 2488 1416 Sacra-

1358 1460 1385 1479 „
1416 1439 1589 1469 mentum
1619 1439 1698 1477 est,
1727 1444 1876 1482 semper
1893 1431 2102 1469 necessaria
2133 1432 2233 1468 fuit.
2254 1431 2276 1446 ''
2307 1430 2488 1469 Ceterum

1358 1497 1471 1522 nemo
1500 1498 1597 1522 sana:
1615 1485 1750 1521 mentis
1767 1485 1957 1536 negaverit
1974 1513 1985 1533 ‚
2014 1483 2253 1536 baptismum
2284 1497 2361 1521 esse
2389 1484 2492 1522 mul-

1357 1545 1394 1575 to
1425 1537 1638 1575 faciliorem
1657 1567 1667 1585 ,
1696 1551 1815 1589 quam
1845 1538 2204 1584 circumcisionem,
2233 1550 2323 1588 quae
2354 1538 2490 1576 nonni-

1359 1591 1390 1628 si
1421 1605 1443 1629 a
1473 1592 1626 1642 peritis,
1656 1590 1690 1626 δι
1719 1604 1793 1629 non
1822 1592 1903 1628 sine
1919 1591 2116 1641 sanguinis
2137 1589 2346 1637 effusione,
2377 1599 2494 1643 atque

1361 1644 1478 1681 etiam
1507 1642 1715 1694 aliquando
1743 1656 1817 1682 non
1847 1644 1928 1682 sine
1958 1643 2133 1696 periculo
2158 1644 2293 1682 mortis
2322 1643 2493 1697 fieripo-

1367 1704 1490 1734 terat.
2255 1740 2257 1742 v

1422 1763 1514 1800 217.
1544 1747 1691 1800 Objicit
1738 1749 1912 1787 secundo
1949 1748 2052 1787 idem
2080 1747 2291 1791 Calvinus.
2348 1748 2493 1790 Foedus

1362 1806 1638 1854 sempiternum
1678 1816 1703 1851 >a
1732 1801 1815 1839 Deo
1859 1804 1998 1841 initum
2037 1816 2126 1841 cum
2159 1801 2358 1840 Abraham
2388 1803 2491 1842 Gen.

1363 1856 1492 1894 XVII.
1526 1870 1562 1908 7.
1581 1885 1591 1904 ,
1641 1863 1680 1893 ut
1708 1864 1801 1894 esset
1831 1855 1912 1906 ejus
1943 1856 2076 1902 Deus,
2124 1855 2158 1891 δι
2189 1857 2344 1894 seminis
2374 1855 2459 1907 ejus
2480 1885 2492 1905 ,

1364 1909 1489 1948 adhuc
1519 1911 1620 1960 viget
1650 1910 1690 1946 in
1720 1908 1812 1947 filiis
1840 1909 2176 1957 Christianorum,
2208 1909 2356 1948 dicente
2387 1911 2490 1962 Apo-

1360 1962 1454 2001 stolo
1485 1961 1643 2000 Roman.
1666 1961 1733 1999 IV.
1769 1975 1830 2000 11.
1880 1962 2079 2000 Abraham
2122 1964 2314 2014 accepisse
2343 1964 2495 2014 siguum

1361 2016 1662 2054 circumcisionis
1682 2015 2113 2067 signaculumjusticioe
2130 2045 2141 2064 ,
2171 2016 2220 2055 (θ’
2237 2015 2344 2067 fidei
2365 2045 2375 2063 ,
2405 2029 2497 2067 quoe

1360 2078 1420 2107 est
1449 2072 1491 2105 in
1519 2071 1709 2118 proeputz‘o
1730 2097 1741 2115 ,
1790 2075 1831 2103 ut
1860 2071 1910 2105 sic
1950 2078 2066 2119 pater
2107 2071 2289 2105 omniurn
2330 2069 2497 2107 creden-

1360 2126 1459 2159 tium
1487 2133 1556 2170 per
1583 2123 1818 2171 praeputium
1849 2120 1947 2166 διας
1978 2122 2011 2158 8(
2042 2121 2090 2160 ad
2119 2121 2210 2159 Gal.
2233 2122 2299 2159 111.
2333 2136 2370 2173 7.
2418 2122 2497 2173 Qui

1363 2188 1418 2213 ex
1435 2174 1526 2226 fide
1555 2182 1667 2221 sunt,
1698 2177 1723 2210 tt
1752 2182 1842 2210 sunt
1859 2174 1945 2226 filii
1963 2173 2136 2212 Abrahae
2154 2200 2164 2211 .
2197 2174 2244 2212 Et
2273 2175 2498 2214 adhuccla-

1365 2229 1445 2266 rius
1473 2227 1513 2265 S.
1544 2226 1673 2265 Petrus
1705 2227 1857 2264 Act.11.
1887 2228 1952 2279 ὃς).
1985 2228 2206 2279 inquiebat:
2237 2225 2354 2266 Vobis
2386 2233 2495 2266 enim

1371 2290 1430 2319 est
1473 2282 1752 2331 repromissio,
1800 2279 1972 2333 &filiis
2013 2285 2179 2320 vestris.
2236 2281 2350 2320 Filiis
2378 2284 2497 2334 igitur

1368 2334 1671 2373 Christianorum
1700 2346 1774 2370 non
1805 2342 1856 2371 est
1876 2336 2106 2373 necessarius
2129 2334 2340 2386 baptismus
2370 2335 2495 2388 adju.

1370 2389 1511 2426 stitiam
1540 2387 1842 2438 consequendam
1861 2417 1872 2435 ,
1901 2389 1964 2426 sed
1980 2388 2120 2427 sufficit
2149 2389 2244 2427 fides
2274 2399 2500 2441 parentum,

1370 2450 1412 2480 ut
1440 2442 1480 2480 in
1509 2441 1626 2479 veteri
1655 2447 1874 2478 testamento
1917 2442 2012 2480 fides
2040 2450 2243 2494 parentum
2287 2442 2504 2481 sufficiebat

1370 2494 1465 2534 filiis
1495 2494 1798 2532 incircumcisis.
1829 2494 1899 2531 His
1927 2495 2030 2532 addit
2059 2494 2240 2533 Calvinus
2270 2509 2314 2533 ea
2344 2495 2503 2548 Aposto-

1373 2548 1403 2587 li
1434 2547 1550 2586 verba
1584 2561 1617 2585 1.
1646 2545 1816 2587 Corinth.
1839 2545 1925 2584 VII.
1953 2546 2012 2592 14.
2044 2546 2335 2598 Sanctificatus
2364 2558 2422 2586 est
2444 2553 2500 2587 vir·

1373 2600 1544 2654 infidelis
1573 2613 1642 2652 per
1671 2600 1879 2638 mulierem
1896 2599 2070 2652 fidelem.
2090 2614 2104 2636 .·
2134 2601 2406 2653 alloquinflln'
2435 2615 2497 2640 re-

1373 2658 1444 2692 stri'
1473 2652 1669 2691 immundi
1698 2661 1829 2691 essent
1849 2667 1864 2697 ,-
1911 2665 2017 2690 nunc
2046 2662 2187 2691 autem
2214 2659 2347 2691 sancti
2375 2664 2466 2692 sunt
2488 2681 2500 2693 .

1370 2708 1472 2755 Quae
1503 2708 1549 2745 iis
1578 2707 1789 2745 conformia
1819 2713 1931 2755 sunt,
1961 2720 2049 2758 quae
2080 2707 2182 2745 idem
2212 2707 2413 2759 Apostolus
2431 2708 2500 2747 ha-

1369 2759 1433 2798 bet
1464 2759 1626 2798 Roman.
1643 2759 1711 2797 Vt.
1740 2759 1799 2797 16.
1829 2758 1871 2797 St
1890 2759 2012 2797 radix
2027 2769 2203 2808 sancta,
2231 2765 2357 2799 etiam
2370 2763 2501 2800 rami.
2535 2795 2538 2797 .

1431 2812 1523 2852 218.
1554 2812 1666 2866 Resp.
1696 2813 1743 2850 ad
1769 2815 1974 2863 primum,
2022 2814 2147 2852 foedus
2190 2815 2329 2853 initum
2360 2830 2390 2854 a
2418 2816 2501 2854 Deo

1375 2878 1467 2904 cum
1514 2875 1619 2918 patre
1656 2874 1779 2904 nostro
1809 2865 2008 2906 Abraham
2056 2867 2182 2906 adhuc
2224 2869 2391 2919 durare,
2439 2867 2503 2906 sed

1376 2920 1610 2958 conditiones
1639 2919 1794 2958 foederis
1838 2934 1914 2958 esse
1942 2928 2123 2960 mutatas:
2171 2922 2221 2959 iu.
2254 2925 2370 2962 veteri
2399 2922 2504 2959 enim

1377 2980 1598 3011 testamento
1638 2973 1905 3025 requirebatur
1953 2974 2047 3013 fides
2084 2976 2124 3014 in
2168 2984 2370 3014 venturum
2399 2973 2503 3011 Mes-

1375 3027 1505 3076 siam,
1552 3027 1593 3065 in
1625 3039 1719 3065 novo
1760 3029 1973 3066 necessaria
2003 3036 2057 3067 est
2099 3028 2193 3067 fides
2223 3030 2261 3067 in
2289 3027 2468 3066 Messian]
2489 3056 2501 3075 ,

1378 3080 1446 3132 qui
1476 3080 1557 3132 jam
1587 3079 1770 3118 advenit.
1812 3081 1856 3118 In
1887 3083 2005 3121 veteri
2035 3089 2253 3120 testamento
2279 3079 2503 3130 requireba-

1377 3142 1442 3171 tur
1471 3147 1540 3186 pro
1569 3133 1764 3185 signaculo
1792 3133 1884 3172 fidei
1914 3136 2184 3180 circumcisi05
2226 3133 2266 3168 1⁵11
2303 3144 2399 3169 novo
2428 3134 2502 3170 cir·

1378 3188 1607 3226 cumcisioni
1637 3185 1815 3226 suffectus
1845 3197 1896 3226 est
1924 3189 2137 3242 baptismus
2167 3189 2181 3235 (
2213 3183 2303 3220 Vid·
2332 3183 2432 3222 dicta
2460 3199 2504 3226 n.

1384 3240 1446 3279 15.
1477 3240 1512 3277 δι
1541 3254 1621 3292 seq.
1651 3240 1689 3290 ).
1748 3241 1917 3281 Demum
1959 3243 2000 3281 in
2030 3248 2101 3280 vet.
2131 3244 2209 3275 test.
2249 3236 2397 3275 defectu
2426 3240 2503 3277 cir-

1381 3295 1627 3333 cumcisionis
1656 3289 1872 3333 sufficiebat
1898 3295 1946 3334 ad
1974 3292 2134 3332 salutem
2177 3289 2426 3341 parvulorum
2455 3290 2503 3329 fi-

1382 3348 1448 3389 des
1476 3355 1681 3401 parentum
1696 3362 1709 3393 3
1750 3349 1793 3389 in
1823 3360 1922 3392 novo
1948 3354 2077 3387 autem
2107 3341 2227 3388 voluit
2255 3344 2413 3389 divinus
2440 3357 2504 3383 no-

2375 3405 2451 3437 ster
