2605 3624
709 126 786 172 DF,
824 127 1141 171 JURISDICT.
1177 127 1460 171 (10⁸411‘1555.
1494 129 1741 178 Nizussss.

77 215 246 257 valorem
276 207 517 252 absolutionis
534 237 545 257 ‚
574 221 691 260 quam
714 217 752 245 ut
777 209 963 259 poenitens
992 208 1195 244 constitua-

76 278 138 308 tur
166 269 339 308 subditus
367 262 580 302 Sacerdotis
597 291 608 310 ,
637 261 769 300 saltem
791 269 1067 313 consequetur,
1099 258 1194 297 vali-

75 323 166 361 dam
195 334 271 359 esse
298 315 573 356 absolutionem
595 329 753 355 castuun
786 324 1077 356 reservatorurn:
1108 327 1192 350 eain

72 377 178 413 enim
206 370 482 410 absolutionem
513 377 630 420 potest
646 366 828 407 Sacerdos
859 368 1046 419 impertiri
1065 396 1075 415 ,
1107 375 1189 404 tuni

71 433 251 479 potestate
278 422 426 461 ordinis
456 424 526 474 ipsi
559 423 805 460 inimobititer
836 421 1071 468 inhaerente,
1109 429 1190 458 tum

71 481 186 517 etiam
216 485 392 531 potestate
416 475 702 528 jurisdictionis
732 476 854 513 eidem
883 474 1022 512 collata
1045 503 1054 521 ‚
1096 474 1190 510 dum

71 533 259 585 poeniteus
305 531 523 568 constitutus
553 538 604 567 cst
634 529 718 580 ejus
759 528 954 566 subditus:
999 539 1087 578 ergo
1115 526 1186 564 sal-

71 594 148 623 tem
178 593 366 638 quantum
396 583 443 621 ad
472 597 580 622 casus
609 591 813 622 reservatos
861 581 955 619 falsa
984 589 1035 618 est
1065 588 1189 619 nostra

68 638 244 678 doctrina
266 662 276 675 .

125 693 218 744 517.
250 691 362 743 Hesp.
380 720 391 739 ‚
420 703 526 743 posse
554 689 604 728 ab
634 688 824 742 Episcopo
852 687 1034 738 assignari
1056 686 1188 725 Sacer-

68 745 146 784 doti
176 745 293 784 aiicui
324 744 491 783 subditos
521 745 559 782 in
587 744 754 795 quadarn
792 744 1041 780 determinata
1071 748 1187 778 mate-

66 800 126 838 ria
143 828 154 848 ,
183 799 218 836 8(
233 811 306 837 non
322 798 481 836 inomni
498 811 508 842 ;
537 796 861 849 quernadmo.lurn
880 794 1048 832 homines
1068 808 1090 830 a
1111 794 1191 830 Deo

68 853 256 891 constituti
289 859 370 889 suut
411 849 554 888 subditi
586 849 828 887 l'otestatibus
870 847 1119 885 saecularibus
1150 847 1188 884 in

70 905 185 944 rebus
214 905 395 944 civilibus
413 933 422 951 ,
453 903 569 941 iidem
600 913 681 941 sunt
699 903 840 940 subzliti
859 901 1042 939 Ecclesiae
1074 902 1109 937 in
1130 913 1188 936 re-

66 957 139 996 bus
181 957 472 1011 spiritualibus,
520 970 606 1008 quae
638 957 682 994 ad
726 956 949 1005 religionem
994 962 1185 1005 spectant.

67 1011 214 1049 Eadem
244 1012 384 1048 ratione
427 1018 577 1059 possunt
606 1008 738 1047 fideles
781 1010 1004 1060 prenitentes
1033 1008 1081 1045 ab
1112 1005 1184 1044 Ec-

64 1063 182 1102 clesia
210 1063 320 1102 subdi
337 1063 574 1100 Confessario
604 1064 643 1099 in
664 1062 895 1113 quibusdam
927 1061 1124 1108 materiis,
1155 1059 1188 1094 8<

61 1129 140 1156 non
172 1118 209 1155 in
239 1116 443 1154 omnibus.
491 1114 556 1152 Sic
586 1116 701 1153 etiarn
745 1116 917 1152 videmus
953 1113 1187 1166 quibusdam

63 1169 334 1208 Sacerdotibus
376 1167 488 1206 subdi
518 1169 556 1206 in
586 1168 769 1206 tribunali
802 1168 1034 1219 poenitentice
1068 1168 1185 1213 viros,

66 1221 190 1262 &non
221 1223 425 1271 soeminas,
455 1230 535 1260 tum
566 1235 742 1274 personas
771 1220 972 1259 saeculares
990 1250 1001 1269 ,
1031 1220 1185 1258 sednon

63 1275 256 1328 regulares
277 1302 289 1315 .

118 1329 211 1368 518.
240 1331 329 1368 Inst.
358 1330 558 1368 secundo.
588 1328 628 1367 Si
659 1329 705 1368 ad
737 1327 906 1367 valorem
936 1325 1182 1366 absolutionis

56 1381 255 1422 Sacerdoti
286 1385 493 1422 necessaria
515 1392 604 1421 esset
626 1381 839 1434 jurisdictio
868 1382 1063 1418 ordinaria
1082 1410 1090 1425 ,
1123 1378 1182 1416 vel

59 1435 304 1489 subdelegata
332 1436 382 1474 ab
402 1436 592 1488 Episcopo
620 1445 801 1488 accepta,
831 1435 964 1472 eztdem
996 1433 1184 1472 absolutio

57 1503 136 1528 non
167 1491 206 1528 in
235 1490 390 1538 nomine
419 1490 508 1528 Jesu
536 1488 704 1537 Christi,
743 1489 804 1526 sed
836 1490 874 1526 in
904 1489 1059 1525 nomine
1089 1486 1184 1538 Epi·

57 1543 164 1593 scopi
193 1543 375 1589 daretnr;
404 1543 506 1595 quod
527 1543 773 1580 falsissimum
796 1551 847 1579 est
866 1568 875 1579 .
912 1539 1082 1578 Ulterius
1101 1570 1110 1587 ,
1142 1542 1183 1578 in

55 1594 232 1648 periculo
261 1597 393 1634 mortis
421 1595 586 1648 quilibet
615 1595 799 1634 Sacerdos
829 1594 958 1632 valide
987 1593 1183 1641 absolvit,

56 1660 131 1687 non
161 1650 293 1702 utique
322 1658 512 1699 potestate
525 1649 841 1701 jurisdictionis,
872 1661 989 1699 quam
1019 1659 1093 1684 non
1119 1646 1184 1683 ha-

55 1702 149 1749 bet,
179 1703 241 1740 sed
269 1701 658 1750 potestateortlinis:
689 1715 776 1753 ergo
806 1703 920 1738 etiarn
950 1710 1053 1738 extra
1086 1699 1184 1737 illud

53 1755 276 1807 periculum
305 1754 434 1793 valide
463 1755 632 1793 absolvet
650 1785 660 1803 ,
691 1756 867 1807 quaii‘rvis
888 1767 963 1791 non
981 1754 1083 1791 licite
1100 1767 1184 1805 pro-

54 1817 139 1859 pter
168 1807 352 1846 Ecclesiae
385 1808 714 1860 prohibitionem.

114 1862 206 1914 519.
238 1860 377 1914 Resp.,
406 1862 452 1900 ad
481 1866 653 1912 primum
672 1892 682 1909 ,
720 1860 870 1913 duplici
901 1874 944 1898 cx
975 1874 1088 1898 causa
1118 1860 1183 1898 ab·

52 1913 283 1963 solutionem
313 1916 397 1953 fieri
427 1915 688 1953 nomineJeszr
710 1915 878 1958 Christi;
909 1923 990 1952 tum
1020 1916 1111 1966 quia
1128 1914 1183 1951 es—

53 1968 176 2007 fectus
191 1967 428 2007 Sacramenti
445 1999 456 2017 ,
475 1983 614 2020 nempe
628 1969 748 2020 gratia
765 1967 976 2018 justificans
993 1998 1004 2016 ,
1033 1982 1054 2004 a
1068 1967 1182 2004 Chri-

51 2030 108 2060 sto
136 2023 260 2073 capite
291 2023 491 2074 poenitemi
521 2023 859 2071 communicatum
889 2030 968 2058 turn
1000 2022 1091 2072 quia
1116 2022 1182 2071 ju-

54 2073 292 2113 risdictionis
319 2084 523 2126 potestas,
560 2076 737 2128 quamvis
768 2074 958 2126 Episcopo
987 2073 1181 2112 Sacerdoti

51 2129 387 2177 communicetur,
435 2143 542 2167 suam
586 2137 713 2167 tamen
758 2129 945 2179 originem
990 2142 1012 2164 a
1040 2128 1181 2166 Christi

53 2181 288 2221 institutione
317 2181 460 2220 habet.
511 2181 686 2220 Alterum
718 2181 904 2219 facillime
947 2182 1146 2232 expeditur
1167 2211 1178 2229 ,

55 2233 244 2282 dicendo,
288 2235 466 2273 omnibus
495 2234 762 2273 Sacerdotibus
805 2248 881 2271 esse
923 2234 972 2271 ab
1004 2233 1179 2271 Ecclesia

52 2298 269 2325 concessam
299 2295 537 2337 potestatem
560 2287 849 2339 jurisdictionis
885 2285 1108 2324 absolvendi
1139 2289 1178 2324 in

51 2338 215 2378 articulo
244 2341 402 2389 mortis,
451 2339 483 2377 δε
514 2341 671 2393 quidem
709 2341 790 2378 sine
821 2338 900 2376 ulla
938 2352 1090 2390 prorsus
1120 2353 1178 2377 re-

54 2393 273 2432 strictione:
304 2402 609 2441 verumtamen,
641 2395 764 2445 inquit
794 2393 1061 2430 ‘l'ridentinum
1092 2407 1177 2445 cap.

55 2459 95 2498 7.
113 2475 124 2494 ,
138 2449 216 2498 .pie
235 2445 455 2485 admodum
472 2477 483 2495 ,
513 2459 564 2485 ne
593 2446 668 2484 hac
685 2450 772 2498 ipsa
792 2451 1004 2484 occasione
1035 2446 1177 2497 aliquis

53 2508 220 2551 pereat,
250 2503 292 2537 in
320 2499 465 2539 eadem
485 2499 674 2538 Ecclesia
703 2499 778 2537 Dei
808 2498 1043 2537 custoditum
1073 2513 1177 2538 sem-

53 2551 253 2605 perficit,
282 2563 323 2591 ut
352 2554 465 2592 nulla
493 2558 543 2593 sit
563 2558 780 2593 reservatio
809 2557 850 2591 in
879 2553 1049 2591 articulo
1070 2567 1175 2591 mor-

55 2608 138 2650 tis;
186 2615 305 2657 atque
332 2606 420 2645 itleo
448 2620 588 2646 omnes
616 2606 853 2646 Sacerdotes
882 2606 1070 2658 quoslibet
1098 2620 1175 2658 poe-

59 2661 232 2696 nitentes
261 2671 288 2695 a
317 2658 508 2708 quibusvis
527 2664 703 2709 peccatis
722 2691 733 2709 ,
762 2661 812 2701 (9¹
842 2664 1019 2698 censuris
1048 2659 1176 2698 absol-

53 2724 143 2752 vere
169 2720 362 2760 possunt.
411 2712 651 2759 Quibusnam
694 2713 1014 2753 luculentioribus
1051 2714 1178 2753 verbis

52 2773 197 2818 poterat
213 2764 390 2817 synodus
406 2765 516 2804 Trid.
544 2766 722 2804 omuibus
744 2767 1078 2806 indiscriminatim
1095 2782 1178 2806 am·

52 2817 269 2870 plissimam
298 2817 569 2869 jurisdictionis
589 2828 805 2872 potestatem
827 2821 992 2858 tribuere
1010 2851 1021 2870 ,
1052 2823 1178 2860 restri-

53 2880 155 2908 ctam
185 2879 311 2909 tamen
339 2871 386 2909 ad
414 2871 622 2910 articulum
666 2871 824 2911 mortis?
881 2873 991 2911 Unde
1021 2875 1176 2914 subdit:

55 2922 196 2962 Extra
237 2937 355 2973 quem
395 2926 607 2963 articulum
637 2925 902 2974 Sicertlotes,
950 2940 1042 2964 cum
1080 2927 1177 2964 nihil

55 2982 205 3028 possint.
234 2981 276 3015 in.
304 2977 459 3016 casibus
487 2983 697 3017 reservatis
714 3010 725 3027 ,
765 2979 804 3016 ιἰἰ
833 2993 956 3019 unum
986 2984 1177 3030 preniten-

55 3030 156 3071 u'bus
183 3030 422 3083 persuadere
451 3035 658 3083 nitantur,
688 3042 727 3070 ut
756 3032 812 3071 ad
840 3037 1059 3085 superiores
1079 3029 1176 3082 s&

60 3186 458 3231 acompromittentibus
483 3185 609 3220 datur.
635 3185 700 3220 Sed
726 3199 830 3232 quam
855 3187 983 3227 multi,
1010 3190 1040 3220 Sc
1066 3200 1173 3232 qnam

47 3240 180 3274 'graves
205 3244 246 3266 ex
273 3232 337 3266 hoc
365 3245 452 3266 novo
477 3236 711 3278 compromissi
738 3243 937 3267 cornuis-nto
958 3246 1176 3278 consequan-

60 3284 122 3309 tur
143 3287 276 3312 errores
289 3301 301 3320 ‚
328 3280 434 3314 immo
452 3279 598 3313 haereses
611 3303 621 3316 ,
646 3287 749 3323 atque
769 3280 964 3324 impietates
979 3301 990 3320 ‚
1018 3281 1175 3315 luculen-

56 3329 113 3355 ter
136 3324 286 3358 ostendit
310 3324 532 3360 doctissimus
547 3327 582 3359 P.
600 3327 717 3359 Herm.
732 3326 1038 3370 Christianopohis
1066 3327 1100 3359 in
1113 3339 1177 3362 suo

57 3369 195 3415 egregio
226 3373 391 3415 opusculo
410 3373 514 3406 Delia
540 3375 665 3407 nullitd
691 3373 784 3405 delle
811 3374 1022 3408 assoluztom'
1047 3375 1099 3408 ae'
1119 3385 1176 3408 cct-

163 3414 402 3472 Grzzzanigtz
449 3418 582 3460 Theoi.
612 3418 724 3458 Toni.
747 3417 817 3458 lx.

2233 153 2244 178 ¹
2265 153 2313 192 7?

1262 207 1461 257 legitimos
1484 210 1530 261 ju
1548 209 1641 247 lices
1680 224 1749 260 ρ”ο
1778 210 1967 265 harefloto
2016 214 2270 254 abco‘utr'mus
2311 230 2380 256 cc·

1263 259 1411 297 cctlrzttt
1428 288 1438 298 .

1319 314 1409 350 590.
1439 314 1515 352 Ob.
1545 319 1706 363 quinto.
1755 315 1956 371 Quidquid
1999 321 2043 357 sit
2072 322 2118 358 ‹lt-
2147 323 2382 363 absolutionc

1260 379 1420 404 castium
1450 378 1724 406 reservsrtortun
1767 373 1851 410 data
1882 388 1902 410 a
1947 373 2115 424 simplici
2147 377 2347 415 Sacerdote
2369 410 2380 426 ,

1259 419 1348 456 inde
1376 428 1505 459 tamen
1536 435 1610 459 non
1641 431 1755 474 potest
1798 425 1958 472 inferri,
2009 427 2130 465 nullas
2161 443 2237 467 esse
2268 433 2381 469 etiarn

1258 472 1512 514 absolutiones
1540 475 1645 513 datas
1674 490 1694 512 a
1724 475 1900 514 l’arochis
1933 480 1968 514 iu
2008 481 2156 519 casibus
2188 488 2382 522 reservatis

1258 525 1478 578 Episcopo,
1526 538 1589 566 aut
1618 528 1667 567 ab
1697 528 1896 581 Episcopis
1941 533 1976 567 in
2005 534 2156 571 casibus
2187 541 2382 576 reservatis

1259 593 1409 617 summo
1427 581 1628 628 l'ontiiici5
1657 591 1738 620 tum
1769 585 1861 634 quia
1890 583 2038 622 aTrid.
2071 588 2107 623 in
2130 601 2212 626 can.
2236 604 2295 627 ιι.
2325 605 2381 628 so—

1259 631 1334 670 lius
1365 633 1619 684 SttcertlotIs,
1651 648 1727 675 non
1757 646 1884 675 autern
1915 636 2169 677 parochorum
2188 671 2197 687 ,
2241 652 2302 679 aut
2333 645 2383 681 1*ss-

1257 687 1500 738 piscoporum
1532 688 1573 726 stt
1603 690 1770 735 menti03
1802 699 1882 729 tum
1899 692 2012 728 etiam
2043 694 2135 743 quia
2164 707 2237 731 non
2269 705 2383 747 potest

1258 739 1343 776 haec
1376 744 1578 780 reservatio
1608 742 1690 780 fieri
1709 772 1719 790 ‚
1768 744 1839 781 uisi
1871 758 1936 796 per
1965 744 2262 785 subtractionem
2292 750 2378 787 sub-

1258 791 1449 832 ditorum:
1475 805 1511 833 at
1542 809 1631 833 vero
1659 809 1783 848 neque
1801 796 2001 845 Parochis,
2032 812 2153 851 neque
2183 799 2381 854 Episcopi·

1257 857 1407 894 possunt
1436 849 1606 887 subtrahi
1624 849 1762 887 subditi
1781 879 1792 897 ,
1822 851 1893 888 nisi
1925 865 1991 902 per
2016 853 2309 893 subtractionem
2327 857 2383 893 os-

1257 898 1363 947 ficii,
1394 903 1454 939 cui
1486 902 1628 940 subditi
1659 905 1868 941 necessario
1897 906 2037 943 adiisti
2067 917 2175 944 sunt:
2205 921 2294 946 cum
2325 923 2382 946 er-

1254 954 1368 1001 goin
1413 957 1663 995 reservatione
1706 971 1866 995 casuum
1911 972 1983 996 nou
2026 959 2271 999 subtrahatur
2298 962 2380 1000 offi-

1253 1007 1357 1043 cium
1376 1037 1385 1054 ‚
1416 1023 1485 1046 nec
1515 1009 1655 1047 subditi
1685 1010 1987 1059 subtrahuntur,
2017 1013 2187 1065 adeoque
2217 1015 2287 1054 ἃς.

1313 1060 1404 1098 52¹.
1438 1062 1549 1113 liesp.
1579 1063 1625 1100 ad
1641 1067 1814 1111 primurn
1832 1094 1843 1112 ,
1873 1067 2051 1117 quamvis
2069 1067 2107 1104 iu
2124 1081 2209 1106 can.
2232 1083 2289 1107 ιι.
2321 1082 2384 1109 ex-

1257 1126 1382 1162 pressa
1403 1128 1477 1153 non
1499 1115 1564 1152 fiat
1583 1115 1838 1154 parochorum
1857 1147 1867 1165 ,
1897 1128 1961 1155 aut
1979 1118 2254 1171 Episcoporum
2279 1137 2385 1161 nien-

1254 1166 1331 1213 tio,
1379 1180 1441 1205 eos
1471 1177 1598 1206 tamen
1629 1171 1667 1207 iu
1697 1170 1828 1207 eodem
1873 1184 2013 1208 canone
2051 1176 2206 1212 omniuo
2236 1175 2380 1215 includi

1253 1216 1468 1258 luculenter
1487 1232 1645 1273 apparet
1666 1236 1711 1260 ex
1740 1237 1826 1274 cap.
1845 1223 1881 1261 3.
1912 1225 2139 1273 doctrinali,
2170 1229 2234 1266 cui
2263 1238 2385 1270 canon

1259 1284 1320 1309 ιι.
1353 1275 1579 1325 respondet.
1628 1276 1670 1313 In
1700 1274 1872 1327 capitulo
1901 1278 2004 1314 enim
2035 1278 2267 1330 doctrinali,
2317 1283 2384 1321 ubi

1252 1324 1420 1375 dicitur,
1451 1328 1596 1365 nullius
1613 1333 1806 1367 momenti
1837 1344 1913 1368 esse
1929 1329 2237 1382 absolutionem,
2267 1349 2387 1387 quam

1258 1378 1440 1419 Sacerdos
1473 1383 1509 1420 in
1533 1382 1685 1420 casibus
1715 1385 1913 1421 reservatis
1936 1385 2076 1433 profert
2094 1416 2104 1433 ,
2136 1386 2168 1421 3<
2199 1398 2304 1426 extra
2325 1403 2387 1427 ar-

1251 1432 1417 1472 ticulum
1466 1437 1596 1473 mortis
1626 1436 1845 1475 Sacerdotes
1875 1437 1973 1474 nr’ril
2013 1451 2127 1487 posse
2157 1444 2197 1477 ιή
2227 1441 2384 1481 casibus

1251 1491 1490 1535 reservatis,
1523 1499 1668 1527 certum
1699 1500 1749 1528 est
1780 1489 1927 1528 includi
1958 1493 2073 1528 etiam
2106 1491 2291 1533 l’arochos
2323 1510 2383 1534 re-

1250 1549 1378 1589 spectu
1411 1540 1688 1595 Episcoporuin
1708 1574 1718 1591 ,
1750 1543 1783 1578 ἃ
1806 1543 2015 1595 Episcopos
2039 1552 2381 1598 respecttr,stirnuii

1251 1591 1472 1643 Pontificis,
1516 1598 1636 1648 quia,
1686 1606 1724 1634 ut
1755 1596 1899 1634 ibidem
1938 1598 2118 1646 additur,
2169 1600 2383 1654 Pontifices

1253 1650 1430 1684 maximi
1445 1661 1529 1698 ,pro
1571 1662 1760 1698 suprema
1788 1657 1984 1702 potestate
2022 1650 2092 1689 sibi
2121 1657 2162 1690 in
2193 1653 2383 1695 Ecclesia.

1252 1703 1436 1738 universa,
1466 1702 1646 1751 tradita,
1677 1716 1825 1741 COEUStZS
1849 1704 2008 1754 aliquas
2038 1710 2252 1746 criminum
2284 1724 2381 1762 gra-

1251 1756 1373 1792 riores
1402 1768 1472 1792 suo
1499 1765 1704 1805 potuerunt
1732 1757 1925 1807 peculiari·
1948 1759 2101 1810 julleio
2139 1775 2344 1801 reservare
2365 1780 2381 1808 ;

1253 1815 1335 1845 tum
1365 1808 1541 1846 similiter
1571 1809 1645 1848 hoc
1672 1810 1773 1848 idem
1810 1811 1931 1849 licere
1961 1811 2168 1863 Episcopis
2196 1816 2380 1855 ouilibus

1253 1863 1294 1896 in
1324 1874 1398 1898 sua
1427 1866 1565 1914 cuique
1594 1863 1750 1902 dloecesi
1777 1877 1847 1913 pro
1877 1865 1950 1902 illis
1980 1865 2131 1904 tradita,
2162 1882 2284 1918 supra.
2313 1884 2374 1908 re-

1252 1913 1376 1964 liquos
1406 1915 1616 1967 inferiores
1635 1917 1870 1956 Sacerdotes
1891 1923 2132 1958 auctoritate
2149 1947 2159 1959 .
2189 1923 2231 1960 Si
2263 1925 2378 1974 igitur

1253 1981 1387 2005 verum
1419 1978 1496 2017 est,
1528 1979 1566 2007 nt
1595 1972 1839 2009 verissimum
1870 1984 1947 2009 esse
1976 1972 2141 2025 quilibet
2161 1974 2382 2016 Catltolicus

1251 2021 1364 2058 fateri
1393 2021 1530 2071 debet,
1561 2022 1703 2062 habere
1726 2024 1934 2077 Episcopos
1966 2025 2004 2064 in
2035 2041 2102 2065 sua
2131 2028 2290 2068 dioecesi
2320 2045 2381 2068 su-

1250 2087 1320 2125 pra
1350 2073 1518 2127 reliquos
1560 2077 1761 2116 inferiores
1790 2078 2042 2128 Sacerdotes,
2092 2080 2125 2116 &
2156 2080 2380 2123 Pontificem

1253 2129 1467 2166 maximum
1498 2130 1536 2167 in
1558 2129 1733 2170 Ecclesia
1764 2133 1939 2170 universa
1967 2135 2230 2173 auctoritatem
2248 2166 2258 2183 ‚
2289 2151 2380 2176 cau-

1249 2194 1308 2219 sas
1337 2181 1488 2234 aliquas
1531 2184 1739 2223 criminum
1770 2187 1961 2236 graviores
1991 2199 2056 2222 suo
2101 2188 2288 2238 peculiari
2319 2190 2380 2239 ju-

1248 2234 1348 2271 dicio
1370 2237 1585 2274 reservandi
1604 2266 1614 2284 ,
1646 2237 1948 2275 luculentissime
1964 2250 2149 2290 apparet,
2182 2244 2218 2279 in
2250 2256 2293 2280 eo
2315 2257 2379 2282 ca-

1248 2286 1371 2337 pitulo
1399 2288 1602 2327 doctrinali
1633 2290 1801 2328 ablatam
1833 2305 1909 2328 esse
1940 2299 2020 2328 tum
2052 2291 2257 2343 l’arochis,
2296 2305 2379 2335 tum

1250 2338 1454 2395 Episcopis
1471 2346 1681 2393 respective
1711 2345 1748 2381 in
1778 2343 1930 2381 casibus
1952 2348 2147 2385 reservatis
2176 2348 2377 2388 absolven-

1245 2392 1285 2430 di
1314 2394 1617 2443 jurisdictionem
1636 2422 1646 2434 .
1675 2396 1763 2434 Jam
1794 2411 1909 2445 νει-ο,
1940 2411 1987 2436 ne
2017 2399 2290 2441 absurdissime
2319 2404 2377 2441 di-

1246 2459 1406 2494 camus,
1454 2462 1640 2488 canonem
1685 2464 1898 2502 repugnare
1927 2453 2098 2504 capitulo
2138 2455 2377 2506 doctrinali,

1246 2501 1448 2539 manifeste
1477 2504 1675 2554 sequitur,
1706 2506 1860 2543 nomine
1889 2505 2118 2545 Sacerdotis
2136 2538 2145 2555 ,
2176 2512 2243 2561 qni
2274 2526 2295 2548 a
2318 2524 2375 2547 re-

1245 2556 1402 2591 servatis
1431 2568 1518 2593 vere
1547 2556 1744 2595 absolvere
1772 2571 1848 2596 non
1881 2567 2024 2610 potest,
2063 2561 2227 2611 intelligi
2259 2565 2374 2601 etiam

1243 2604 1458 2656 l'arochos,
1492 2609 1525 2644 Sc
1555 2610 1789 2663 EpiscopOS,
1819 2625 1985 2664 quorum
2016 2610 2256 2663 jurisdictio,
2287 2615 2376 2655 licet

1241 2660 1439 2699 ordinaria
1461 2692 1472 2710 ‚
1521 2676 1589 2714 per
1617 2665 1852 2716 superiorem
1884 2668 2147 2705 auctoritatem
2185 2670 2297 2708 certis
2327 2669 2374 2709 li-

1244 2713 1404 2752 mitibus
1434 2724 1486 2753 est
1514 2717 1833 2769 circumscripta.

1301 2767 1392 2806 522.
1424 2767 1537 2821 Resp.
1567 2769 1622 2807 ad
1651 2771 1897 2820 secundum,
1947 2786 2053 2824 posse
2084 2773 2263 2814 Parochis
2283 2807 2294 2824 ,
2340 2777 2374 2813 ἃ

1246 2821 1360 2859 etiam
1392 2821 1590 2874 Episcopis
1620 2824 1788 2862 subditos
1816 2825 2015 2875 subtrahi,
2048 2841 2120 2866 non
2151 2829 2299 2868 sublato
2313 2831 2372 2868 of-

1246 2874 1360 2912 ficio:
1405 2886 1444 2913 ut
1473 2876 1627 2928 qnando
1657 2879 1794 2929 primis
1824 2881 1944 2930 portio
1973 2881 2167 2932 parochia·
2186 2913 2196 2930 ,
2239 2897 2373 2922 secun-

1246 2928 1302 2966 dis
1332 2942 1421 2967 vero
1451 2931 1572 2980 portio
1599 2930 1773 2969 dioecesis
1801 2931 2062 2972 subtrahitur:
2111 2935 2215 2974 salva
2259 2938 2372 2987 igitur

1244 2995 1312 3019 sua
1342 2983 1520 3034 dignitate
1549 2992 1665 3035 potest
1695 2983 1911 3035 parochus,
1957 2987 2015 3025 vel
2047 2987 2257 3041 Episcopus
2298 2989 2370 3026 ali-

1246 3049 1363 3087 quem
1392 3035 1632 3076 subditorum
1661 3052 1868 3078 numerum
1898 3043 2100 3091 amittere,
2145 3044 2202 3081 vel
2232 3042 2364 3091 acqui-

2257 3106 2315 3130 re-

1244 3194 1275 3224 si
1301 3193 1490 3230 r·iser.=ati,·
1525 3203 1630 3238 quem
1654 3193 1876 3238 potissimum
1903 3197 1938 3229 in
1964 3194 2029 3227 hac
2054 3192 2287 3227 controversia
2315 3191 2364 3224 le-

1243 3237 1393 3281 gendum
1413 3239 1580 3280 consulo,
1605 3252 1684 3273 cum
1703 3249 1866 3276 nostruin
1893 3242 2092 3275 institutum
2118 3249 2184 3270 non
2211 3238 2299 3269 sinat
2325 3249 2364 3268 o—

1243 3285 1337 3318 mnia
1364 3286 1468 3318 Littae
1501 3285 1743 3330 sophismata,
1784 3297 1888 3332 atque
1927 3296 2082 3318 enormes
2119 3284 2360 3318 aberrationes

1243 3330 1414 3374 prolixius
1439 3330 1600 3377 detegere
1617 3356 1629 3376 ‚
1654 3342 1759 3378 atque
1783 3332 1966 3367 emendare
1986 3352 1993 3361 ·

1750 3434 1800 3462 2³
