2605 3624
880 92 959 137 DE
994 89 1283 137 BAPTISMI
1318 92 1642 138 MINISTRO.

90 193 265 228 sacram,
309 193 376 220 suo
403 175 603 218 successori
635 181 854 212 testamento
884 173 1093 224 legaverit,
1136 186 1213 225 qua

93 237 133 274 i„
163 234 365 273 collatione
392 230 570 283 baptismi
594 236 786 265 uteretur.
816 228 943 278 Atque
966 236 1003 263 ut
1034 229 1213 264 innume-

90 302 132 327 ra
161 289 238 327 alia
267 292 510 325 monumenta
543 281 833 332 praetermittam
851 309 861 328 ,
893 279 1076 317 Paulinus
1099 281 1135 317 111
1158 281 1213 318 vi-

93 351 131 381 ta
159 342 201 381 S.
232 339 424 379 Ambrosii
466 349 504 374 n.
527 333 592 374 58.
623 335 766 382 refert,
809 344 896 372 tunc
926 335 966 372 S.
998 334 1213 372 Antistitem

89 397 131 434 in
160 393 273 433 rebus
300 391 439 430 divinis
467 388 562 427 adeo
591 389 776 426 indefesse
806 387 1023 435 laborasse,
1063 396 1101 424 ut
1132 396 1214 440 post

93 447 176 500 ejus
205 454 364 484 mortem
395 445 459 483 vix
491 443 663 496 quinque
693 441 876 494 Episcopi
921 441 1137 480 suffecerint
1166 442 1214 479 ad

88 501 156 548 id,
184 498 287 551 quod
314 498 452 537 solitus
480 506 570 535 erat
600 500 710 534 circa
739 495 998 545 baptizandos
1013 495 1118 533 solus
1139 498 1213 531 im-

89 554 223 606 plere.
269 551 311 592 S.
342 552 400 591 Au
431 553 576 589 ustinus
605 565 642 589 se
672 550 842 602 ejusdem
884 550 1060 587 manibus
1089 548 1213 601 bapti-

86 616 210 646 zatum
241 605 356 644 fuisse
383 566 619 659 gioriabatur
650 604 738 643 Lib.
762 603 811 642 V.
845 603 1007 656 Conses.
1038 615 1212 662 01111.1.7.

86 659 162 700 Sed
192 658 276 698 haec
319 659 553 699 consuetudo
591 658 660 696 diu
703 657 912 710 perdurare
953 671 1028 695 non
1060 665 1208 709 potuit,

90 723 200 753 aucto
230 713 376 766 ubique
404 712 579 753 fidelium
610 725 797 751 numero·

143 766 235 806 558.
266 766 528 814 Quamobrem
559 766 774 820 Presbyteri
805 767 919 804 etiam
949 762 1021 802 1100
1052 776 1208 801 munere

86 821 208 860 functi
238 830 351 860 sunt.
382 822 425 860 ld
453 834 670 873 expressum
702 818 860 858 habetur
889 818 978 857 Lib.
1002 818 1067 856 111.
1109 816 1210 877 0⁰⁷²?

88 879 211 913 stitut.
242 874 398 924 Apost.,
442 875 510 914 ubi
539 875 700 920 dicitur,
743 872 960 910 facultatem
992 871 1210 922 baptizandi

86 927 230 967 habere
259 926 497 979 Episcopos,
539 927 590 968 Θ
621 926 902 978 Ρνεεῖζγιυνος,
946 928 1212 962 ministranti-

88 981 156 1020 bus
175 981 398 1020 Draconis.
427 982 470 1020 Id
500 982 582 1019 insu
616 993 656 1018 er
685 981 862 1017 asseritur
893 981 931 1017 in
952 979 1095 1016 Canon.
1125 977 1210 1015 vul-

85 1048 134 1087 go
162 1035 334 1086 Apostol.
356 1035 422 1086 47.
441 1064 452 1083 ,
481 1033 548 1080 48.
578 995 612 1069 ἐξ
643 1034 730 1081 50.,
761 1033 828 1070 ubi
858 1031 974 1070 simul
997 1032 1209 1084 Episcopi,

89 1087 124 1125 ἃ
154 1087 267 1126 Presb
301 1090 392 1136 teri,
422 1096 461 1126 ut
489 1087 673 1140 baptismi
705 1087 894 1134 ministri,
932 1088 1209 1124 nominantur.

140 1141 234 1194 559.
264 1102 463 1180 {ationem
489 1154 608 1190 vero,
637 1140 687 1178 ob
716 1153 834 1195 quam
865 1141 980 1178 etiam
1010 1139 1209 1192 Presbyte-

86 1195 120 1248 ri
148 1197 221 1233 siut
249 1194 445 1234 ordinarii
474 1196 636 1234 ministri
666 1194 936 1246 baptismatis,
984 1193 1085 1233 lianc
1114 1193 1209 1231 alle-

81 1258 143 1301 gat
171 1247 211 1287 S.
234 1248 402 1289 Thomas
431 1248 470 1289 5.
492 1249 532 1288 Ρ.
562 1257 699 1302 quaest.
720 1248 788 1300 67.
818 1257 890 1287 art.
915 1261 952 1289 2·
985 1248 1120 1301 „quia
1139 1246 1208 1286 Sa-

85 1332 112 1352 „
143 1302 308 1343 cerdotes
335 1313 627 1351 consecrantur,
659 1312 697 1340 ut
717 1303 1208 1353 Sacramentum-corporis

82 1386 110 1406 „
138 1356 281 1397 Christi
309 1357 533 1396 conficiant.
564 1356 665 1395 Illud
694 1366 822 1395 autem
844 1366 895 1395 est
911 1357 1208 1395 Sacramentum

86 1439 114 1459 „
143 1409 411 1450 ecclesiasticas
443 1411 622 1458 unitatis,
666 1411 877 1449 secundum
907 1409 1006 1448 illud
1037 1409 1209 1462 Apostoli

87 1483 115 1512 ,=,
151 1476 184 1501 1.
204 1463 377 1503 Corinth.
397 1465 450 1504 X.
476 1479 537 1518 17.
571 1462 683 1502 (snus
711 1468 829 1515 panis
847 1495 858 1513 ‚
888 1464 938 1505 (9⁰
966 1477 1091 1502 unum
1121 1476 1208 1501 cor-

86 1544 114 1566 „
142 1529 214 1567 pus
243 1520 357 1556 multi
384 1532 550 1568 sumus,
587 1531 754 1567 omnes,
798 1522 862 1570 qui
892 1518 941 1556 (le
969 1532 1047 1557 11110
1077 1530 1210 1569 pane,

84 1597 114 1619 2,
143 1571 192 1611 &
221 1570 269 1610 cle
297 1585 376 1611 uno
396 1573 523 1612 calice
536 1576 852 1624 participamus.
883 1570 953 1610 Per
969 1573 1211 1624 baptismum

86 1653 114 1672 „
144 1633 270 1664 autem
299 1626 441 1679 aliquis
469 1627 513 1665 fit
543 1628 733 1679 particeps
775 1624 1041 1665 ecclesiasticae
1085 1626 1213 1663 unita-

90 1704 118 1724 „
147 1678 218 1716 tis:
247 1680 346 1718 unde
373 1679 408 1717 ἃ
437 1681 577 1731 accipit
606 1679 665 1730 jus
693 1680 740 1717 ad
770 1693 943 1717 mensam
966 1679 1123 1716 Domini
1145 1691 1208 1716 ac-

85 1758 112 1777 „
141 1731 330 1770 cedendi.
378 1731 426 1770 Et
455 1732 540 1770 ideo
567 1733 665 1770 sicut
692 1733 740 1770 ad
770 1732 1011 1771 Sacerdotem
1043 1733 1204 1783 pertinet

85 1811 113 1830 „
143 1796 360 1823 consecrare
389 1784 674 1824 Eucliaristiam
705 1786 788 1837 (ad
818 1786 917 1838 quod
939 1784 1209 1838 principaliter

83 1864 111 1884 „
141 1834 401 1877 Sacerdotium
446 1840 643 1877 ordinatur
673 1839 716 1887 );
765 1840 815 1877 ita
844 1840 892 1878 ad
922 1840 1121 1891 proprium
1150 1839 1208 1876 of-

86 1916 115 1938 „
143 1888 279 1929 ficium
307 1891 525 1930 Sacerdotis
567 1893 731 1945 pertinet
771 1893 990 1944 baptizare:
1036 1891 1209 1942 ejusdem

83 1969 112 1991 ,‚
141 1944 245 1982 enim
274 1945 424 1984 videtur
452 1959 527 1984 esse
553 1947 706 1999 operari
735 1954 854 1984 totum
873 1975 884 1995 ,
927 1945 962 1985 ἃ
993 1956 1138 1999 partem
1169 1947 1212 1984 in

83 2023 111 2045 „
139 2003 243 2036 toto.
272 1999 300 2020 “

136 2048 228 2090 560.
258 2048 348 2090 Alia
387 2051 483 2091 ratio
511 2049 668 2090 affertur
710 2065 733 2090 a
761 2051 889 2091 Guill.
920 2051 1025 2091 Estio
1066 2050 1107 2090 in
1138 2050 1208 2091 IV.

85 2099 185 2142 Dist.
208 2102 258 2143 V.
287 2103 324 2158 §.
351 2119 385 2144 1.
427 2104 605 2158 exemplo
633 2105 903 2158 Apostolorum
938 2105 1207 2145 corroborata.

83 2156 276 2205 Quoniam
318 2161 422 2198 enim
450 2159 652 2212 Episcopis
688 2158 766 2197 alia
793 2160 941 2211 majora
982 2159 1210 2198 incumbunt

83 2221 197 2249 onera
215 2240 226 2259 ,
254 2211 416 2251 docendi
445 2212 650 2260 videlicet,
681 2211 714 2248 8(
743 2214 904 2262 orandi,
933 2227 1022 2266 quae
1044 2214 1210 2266 impedi·

84 2262 121 2300 ri
150 2273 328 2315 possent,
365 2265 396 2304 si
425 2266 593 2305 multum
621 2267 663 2304 in
693 2266 766 2314 iis,
794 2281 882 2320 quae
913 2269 1063 2306 minora
1091 2276 1205 2316 sunt,

84 2327 384 2368 occuparentur,
425 2317 517 2358 hinc
547 2320 689 2358 factum
719 2329 797 2369 est,
840 2330 881 2358 ut
910 2319 989 2372 jam
1019 2322 1069 2359 ab
1099 2323 1207 2360 initio

81 2366 301 2422 baptizandi
343 2374 541 2426 provincia
569 2372 821 2426 Presbyteris'
849 2374 1104 2414 inferioribus
1146 2389 1206 2413 re-

85 2419 350 2476 linqueretur,
387 2427 578 2480 siquidem
608 2426 642 2464 81
670 2426 842 2467 Christus
871 2441 946 2467 non
976 2441 1043 2482 per
1072 2443 1110 2466 se
1138 2428 1207 2467 ba·

111 2477 239 2516 tizavit
265 2479 324 2519 J0.
345 2479 414 2518 IV.
438 2493 496 2529 2.,
548 2482 616 2534 qui
644 2489 773 2520 tamen
815 2496 885 2535 per
915 2497 953 2521 se
981 2483 1130 2530 oravit,
1174 2482 1208 2520 8<

81 2488 339 2583 {angelium
359 2535 607 2587 praedicavit.
636 2534 684 2574 Et
700 2535 831 2574 Petrus
851 2537 935 2575 Act.
951 2537 1005 2575 X.
1026 2536 1087 2575 18.
1116 2537 1210 2574 Cor·

86 2581 262 2634 netium,
308 2587 592 2642 familiaresque
620 2588 704 2641 ejus
733 2605 755 2629 a
784 2603 822 2628 se
849 2589 1009 2629 salutari
1037 2590 1209 2631 doctrina

85 2636 196 2725 prius
224 2637 421 2679 instructos
450 2655 519 2695 per
546 2641 642 2682 alios
670 2643 856 2696 baptizari
886 2643 1016 2696 jussit.
1047 2644 1094 2682 Et
1112 2643 1207 2683 Pau-

105 2700 146 2726 us
176 2689 206 2728 1.
234 2691 405 2733 Corinth.
426 2694 457 2733 Ι.
483 2693 544 2735 16.
571 2709 652 2750 seq.
690 2698 938 2750 paucissimos
967 2713 989 2736 a
1017 2712 1055 2737 se
1083 2697 1208 2749 bapti·

86 2749 186 2780 zatos
213 2750 388 2786 testatur:
416 2761 497 2787 non
526 2753 634 2789 enim
651 2780 665 2800 ‚
691 2752 844 2804 inquit,
874 2755 981 2790 misit
1010 2765 1076 2790 me
1099 2751 1208 2790 Chri·-

87 2802 171 2832 stus
208 2793 434 2850 baptizare,
475 2802 544 2841 sed
585 2807 886 2858 evangelizare.
933 2807 1038 2845 Idem
1068 2805 1209 2845 Paulus

86 2860 243 2907 quoque
282 2852 483 2894 duodecim
524 2857 617 2897 viris
646 2857 809 2897 aliorum
851 2873 967 2912 opera
1008 2860 1208 2913 baptizatis

88 2908 170 2952 lpse
198 2916 332 2944 manus
359 2907 538 2960 imposuit
567 2911 650 2949 Act.
671 2910 782 2950 xlx.
811 2912 850 2953 6.
881 2913 1057 2966 Denique
1085 2916 1123 2953 in
1145 2928 1208 2953 ne-

85 2956 187 3004 gotio
227 2970 303 2996 11011
345 2958 523 3000 dissimili
565 2963 709 3002 dictum
754 2974 804 3003 est
834 2966 883 3004 ab
915 2967 1094 3019 Aposto'lo
1123 2970 1207 3008 Act.

89 3005 161 3046 Vl.
193 3022 230 3047 2.
276 3010 372 3050 Non
401 3020 459 3052 est
486 3027 671 3066 oequum,
714 3030 786 3055 nos
815 3017 1088 3070 derelinquere
1121 3035 1208 3060 ver-

85 3058 179 3099 bum
208 3062 312 3114 Dei,
342 3066 392 3107 (⁸)
421 3071 652 3106 ministrare
680 3075 830 3108 mensis
850 3097 891 3110 ...
934 3071 1021 3111 Nos
1047 3087 1138 3113 vero
1166 3089 1207 3113 o·

86 3119 257 3166 rationi,
287 3120 337 3160 <90
366 3124 586 3159 ministerio
613 3121 714 3160 verbi*
743 3127 939 3163 instantes
959 3130 1107 3165 erimus
1124 3155 1134 3166 .
1165 3129 1207 3168 ld

91 3170 194 3212 enim
223 3174 310 3225 pari
341 3176 486 3214 ratione
505 3173 632 3213 officio
645 3174 866 3227 baptizandi
882 3178 1053 3230 adaptari
1075 3189 1206 3231 potest.

145 3221 236 3262 561.
265 3225 377 3274 Quod
408 3241 522 3280 ergO,
553 3228 745 3267 concludit
774 3228 926 3277 Estius,
955 3230 1126 3269 Christus
1157 3234 1207 3271 A·

93 3275 246 3325 postolis
273 3281 314 3319 in
343 3280 556 3335 Evangelio
583 3283 764 3330 mandat,
796 3291 835 3320 ut
862 3283 1044 3330 doceant,
1076 3283 1112 3321 &
1138 3285 1207 3324 ba-

88 3328 253 3382 ptizent,
280 3334 334 3374 ita
360 3349 406 3375 ex
435 3337 565 3387 Actis,
595 3335 628 3373 8e
658 3336 786 3379 verbis
814 3336 1041 3390 Apostolicis
1068 3337 1207 3379 iutelli-

2271 121 2345 164 191

1283 172 1451 223 gendum
1483 187 1559 210 csse
1588 175 1797 226 discimus,
1830 188 1869 218 ut
1897 181 2077 222 doctrinae
2100 183 2171 238 ipsi
2193 200 2261 239 per
2289 203 2326 227 sc
2347 189 2409 242 jn-

1286 226 1449 263 beantur
1478 227 1697 276 intendere,
1738 231 1973 282 baptismum
2013 252 2101 275 vero
2131 244 2296 291 possint,
2345 244 2405 281 vel

1283 281 1399 317 etiam
1429 279 1618 329 debeant,
1652 296 1699 320 ne
1728 297 1751 320 a.
1778 288 2017 335 gravioribus
2046 294 2202 332 Onlinis
2232 297 2289 334 sui
2322 298 2406 335 sun-

1282 332 1476 372 ctionibus
1505 344 1738 383 avocentur,
1769 351 1837 388 per
1865 340 1960 377 alios
1989 343 2250 385 administrare
2268 376 2278 387 .

1338 386 1431 426 562.
1461 386 1519 425 Ex
1549 387 1637 436 1113,
1666 388 1829 442 aliisque
1861 398 2061 433 momentis
2082 412 2256 449 apparet,
2286 417 2404 455 quam

1281 453 1372 478 vere
1401 439 1452 480 ab
1480 440 1656 493 Euge-nio
1686 441 1754 481 IV.
1786 445 1824 484 111
1856 445 2018 485 Deci-em
2049 464 2117 500 pro
2139 454 2314 493 Armenia
2343 459 2405 494 de-

1281 494 1436 534 finitum
1468 495 1610 543 suerit,
1653 494 1891 536 JlIinistium.
1921 500 2178 541 Sicramenti
2223 507 2408 557 baptismi

1281 561 1369 587 esse
1399 547 1684 599 Sacerdotem,
1727 556 1790 589 cui
1820 566 1872 590 ex
1901 553 2031 602 officio
2069 567 2252 610 competit
2282 561 2405 615 bapti«

1280 615 1375 640 zare
1396 627 1407 640 o

1335 655 1429 696 565.
1459 654 1536 695 Ob.
1578 660 1733 708 primo.
1783 658 2046 701 Tertullianus
2077 662 2141 702 De
2170 663 2275 716 bapt.
2319 682 2405 721 cap.

1281 723 1343 762 17.
1373 709 1606 763 Presbyteris
1622 741 1633 761 ‚
1663 726 1737 751 non
1760 714 1887 752 minus
1905 746 1916 763 ,
1944 731 2062 769 quam
2080 718 2262 758 Diaconis
2279 751 2289 769 ,
2320 736 2406 760 con-

1277 765 1375 802 cedit
1406 765 1563 817 quidem
1594 766 1815 806 facultatem
1845 768 2094 820 baptizandi,
2142 774 2204 812 scd
2235 787 2279 811 ex
2311 775 2406 828 Epi—

1278 831 1339 855 sco
1372 818 1382 855 i
1411 818 1670 870 delegatione:
1715 823 1839 873 inquit
1867 824 1996 862 enim:
2046 824 2184 864 Dandi
2222 827 2408 877 baptismi

1280 832 1394 909 11116121
1418 873 1486 925 jus
1516 886 1696 912 summus
1716 874 1942 925 Sacerdos,
1972 883 2036 928 qui
2066 889 2125 917 est
2154 880 2373 933 Episcopus
2391 901 2402 921 .-

1280 923 1421 963 deinde
1450 925 1703 980 Presbyteri,
1733 930 1782 970 (9⁶
1804 929 1980 969 Diaconi
1997 948 2010 977 ‚·
2040 946 2120 971 11οη
2149 944 2289 974 tamen
2319 941 2406 976 sine

1282 978 1471 1030 Episcopi
1501 985 1742 1021 auctoritate
1770 993 1927 1036 propter
1957 984 2155 1026 Ecclesiae
2184 989 2373 1028 honorem
2393 1023 2403 1040 ‚

1278 1046 1353 1083 quo
1382 1035 1490 1072 sali-0
1519 1036 1633 1074 sali-a
1661 1050 1747 1086 paz
1776 1048 1861 1076 est.
1893 1039 2180 1080 Tertullianum
2201 1054 2327 1082 autem
2351 1046 2409 1083 vi-

1279 1087 1388 1124 detur
1417 1089 1633 1127 exscribere
1648 1091 1689 1128 S.
1708 1092 1968 1145 Hieronymus
1998 1096 2036 1132 111
2067 1093 2178 1135 Dial.
2201 1107 2304 1136 cont.
2327 1098 2408 1135 Lu-

1277 1141 1394 1193 ciser.
1426 1155 1531 1181 num.
1552 1155 1591 1194 ς).
1635 1145 1832 1195 inquiens:
1881 1146 1977 1185 Sine
2007 1147 2194 1201 Episcopi
2233 1152 2407 1198 jussione

1277 1207 1411 1245 neque
1441 1193 1725 1248 Presbyterum
1744 1228 1754 1246 ‚
1784 1211 1910 1249 neque
1939 1200 2170 1240 Diaconum
2201 1200 2406 1256 baptizan-

1277 1248 1316 1286 di
1338 1251 1408 1301 jus
1437 1247 1608 1288 habere.
1639 1249 1845 1289 Praeterea
1874 1253 2096 1305 S.lgnatius
2116 1257 2162 1294 ad
2183 1257 2408 1310 smyrnaeos

1278 1316 1318 1340 n.
1339 1315 1379 1355 9.
1427 1312 1556 1355 aperte
1584 1304 1744 1353 scribit,
1788 1318 1869 1343 non
1901 1320 1987 1346 esse
2016 1309 2166 1348 licitum
2195 1315 2281 1349 sine
2312 1311 2409 1361 Epi-

1275 1369 1392 1406 scopo
1421 1370 1546 1407 neque
1575 1357 1778 1407 baptizare
1796 1390 1806 1409 ,
1837 1373 1967 1411 neque
1996 1375 2157 1416 agapen
2187 1364 2407 1405 celebrare.

1283 1409 1437 1449 Tertio.
1467 1411 1688 1450 Concilium
1720 1413 1946 1466 Hispalense
1977 1416 2024 1454 ll.
2055 1431 2152 1456 anno
2182 1418 2274 1472 619.
2319 1435 2407 1472 cap.

1285 1478 1347 1514 17.
1378 1465 1568 1513 decernit,
1610 1478 1737 1517 neque
1767 1480 1905 1505 coram
1937 1468 2135 1522 Episcopo
2164 1472 2282 1511 licere
2313 1473 2410 1512 Pse-

1285 1518 1456 1571 sbyteris
1484 1522 1526 1556 in
1556 1518 1829 1568 baptisterium
1860 1526 2047 1571 introire,
2078 1538 2204 1575 neque
2233 1540 2410 1576 111061611-

1280 1580 1318 1609 te
1339 1572 1526 1610 Amisiae
1553 1572 1757 1623 insaniem.
1779 1578 1935 1625 tingere
1952 1603 1961 1614 .
1996 1576 2149 1627 Quarto
2165 1579 2280 1618 Edm.
2302 1581 2409 1619 Mar-

1279 1634 1363 1663 tene
1392 1625 1482 1664 Lib.
1526 1624 1591 1663 De
1619 1635 1707 1665 ant.
1738 1625 1937 1667 Ecclesiae
1974 1630 2108 1670 ritibus
2145 1647 2232 1686 cap.
2260 1647 2292 1672 1.
2337 1643 2409 1673 art.

1281 1679 1319 1717 5.
1350 1678 1459 1716 affert
1488 1678 1687 1731 epistolam
1715 1681 1956 1721 Clericorum
1987 1684 2107 1724 Italiae
2125 1716 2137 1734 ‚
2182 1701 2259 1740 qua
2288 1687 2409 1740 Lega-

1275 1741 1330 1771 tos
1361 1732 1601 1772 Francorum
1630 1734 1998 1788 Constantinopolim
2038 1740 2319 1791 proficiscentes
2349 1756 2407 1780 ro-

1275 1795 1387 1838 gant,
1432 1794 1472 1824 ut
1501 1785 1551 1825 ab
1581 1786 1813 1839 Imperatore
1842 1790 2067 1840 obtineant,
2112 1793 2280 1834 Dacium
2312 1795 2405 1848 Epi-

1276 1853 1436 1893 scopum
1467 1838 1796 1880 Mediolanensem
1827 1844 1875 1881 ad
1912 1859 2020 1883 suam
2052 1846 2268 1886 Ecclesiam
2307 1849 2408 1886 redi-

1279 1905 1346 1941 re,
1375 1897 1470 1944 quia
1499 1906 1591 1932 cum
1621 1907 1722 1945 pene
1750 1910 1894 1935 omnes
1922 1897 2136 1951 Episcopi,
2179 1915 2275 1952 quos
2303 1901 2407 1940 ordi-

1277 1958 1382 1984 nare
1410 1947 1508 1984 solet
1530 1973 1571 1986 ...
1603 1953 1749 1987 mortui
1777 1953 1883 1999 sint,
1912 1955 2117 1992 immensa
2144 1956 2275 2007 populi
2305 1956 2407 1994 mul-

1277 1999 1401 2039 titudo
1428 2005 1515 2039 sine
1557 2000 1753 2054 baptismo
1783 2010 1974 2045 moritur.
2021 2008 2101 2047 Ubi
2133 2010 2301 2048 eruditus
2345 2010 2407 2049 1110

1277 2053 1449 2107 Scriptor
1478 2055 1569 2095 scite
1596 2056 1786 2107 advertit,
1834 2060 2029 2099 neminem
2065 2064 2191 2115 perire
2233 2064 2411 2102 debuisse

1277 2108 1360 2146 sine
1388 2107 1603 2160 baptismo,
1644 2111 1677 2150 si
1707 2111 1802 2162 alii,
1845 2109 1963 2166 quam
1993 2115 2178 2169 Episcopi
2222 2117 2408 2169 baptizas-

1277 2171 1385 2201 sent.
1416 2163 1530 2212 Quod
1559 2165 1674 2204 etiam
1703 2165 1912 2205 dicendum
1943 2176 1996 2207 ost
2025 2171 2071 2207 de
2100 2171 2338 2223 temporibus
2367 2171 2409 2210 S.

1278 2217 1455 2269 Gregorii
1487 2216 1644 2270 Magni,
1688 2221 1755 2272 qui
1788 2221 1826 2258 in
1858 2223 1965 2274 epist.
1989 2223 2054 2261 55.
2084 2224 2173 2262 Lib.
2191 2226 2220 2262 1.
2268 2224 2406 2262 liuma-

1276 2284 1372 2308 1111111
1404 2269 1644 2320 Patricium,
1674 2272 1708 2309 Bt
1739 2273 1957 2313 Exarcliam
1987 2286 2112 2328 rogat,
2143 2286 2183 2314 ut
2215 2276 2410 2315 Blandum

1275 2323 1512 2377 Episcopum
1542 2326 1707 2364 civitatis
1736 2326 1932 2366 Hortensis
1974 2330 2021 2366 ad
2050 2343 2158 2367 suam
2189 2329 2407 2369 Ecclesiam

1277 2379 1467 2427 remittat,
1510 2389 1562 2416 ne
1590 2378 1772 2431 infantes
1799 2393 1869 2432 pro
1896 2386 2075 2432 peccatis
2104 2382 2252 2436 absque
2281 2383 2408 2435 bapti·

1276 2440 1410 2469 smate
1439 2435 1686 2471 moriantur.

1300 2478 1307 2483 ¹
1333 2484 1427 2530 564.
1458 2485 1605 2524 Verum
1634 2484 1895 2527 Catecliismus
1913 2487 2022 2528 Rom.
2051 2488 2094 2529 P.
2116 2488 2164 2529 11.
2194 2504 2280 2544 cap.
2300 2506 2337 2531 ’1.
2368 2508 2406 2532 11.

1283 2538 1344 2576 13.
1375 2538 1460 2577 baec
1489 2539 1735 2592 intelligenda
1764 2541 1846 2580 vult
1867 2543 1912 2581 de
1933 2557 1976 2581 eo
1995 2544 2208 2597 baptismO,
2238 2548 2405 2598 (1111001-

1277 2593 1324 2630 tis
1353 2593 1446 2630 anni
1484 2592 1618 2631 diebus
1661 2594 1822 2634 solemni
1865 2599 2098 2637 caeremonia
2141 2600 2404 2638 administrari

1276 2655 1547 2685 consueverat.
1585 2646 1776 2700 Episcopo
1805 2651 1908 2689 enim
1939 2662 2147 2703 praesente,
2186 2655 2336 2692 nonnisi
2369 2656 2400 2691 i-

1275 2701 1382 2752 psius
1411 2699 1515 2749 jussu
1536 2699 1752 2754 Presbyteri
1772 2702 2007 2756 baptismum
2038 2706 2284 2745 conferebant
2310 2720 2399 2756 pro-

1276 2762 1363 2805 pter
1392 2752 1589 2793 Ecclesiae
1617 2753 1807 2794 honorem
1824 2786 1834 2805 ,
1867 2767 1905 2796 ut
1933 2756 2106 2812 loquitur
2125 2758 2405 2799 Tertullianus.

1277 2807 1326 2846 Et
1353 2809 1532 2860 quamvis
1561 2807 1624 2846 hic
1646 2809 1854 2849 Africanus
1873 2812 2056 2865 scriptor,
2085 2825 2202 2866 quem
2233 2817 2405 2868 sequitur

1277 2861 1560 2915 Hieronymus,
1591 2861 1708 2900 simul
1728 2877 1818 2902 cum
1835 2863 2068 2918 Presbyteris
2087 2866 2294 2920 conjungat
2311 2869 2403 2907 Dia-

1276 2927 1388 2954 conos
1405 2946 1416 2963 ,
1457 2930 1550 2968 quos
1578 2925 1724 2954 certum
1755 2927 1807 2956 est
1835 2922 2054 2959 auctoritate
2092 2920 2287 2961 ‹kdinaria
2315 2936 2404 2961 con-

1277 2968 1423 3008 ferendi
1455 2968 1692 3022 baptismum
1722 2983 1796 3009 non
1826 2971 2000 3024 pollere,
2031 2982 2157 3013 tamen
2175 2989 2219 3014 ex
2235 2976 2320 3015 aliis
2341 2991 2402 3013 ve-

1275 3024 1383 3061 tustis
1413 3024 1668 3062 monumentis
1695 3023 1917 3077 colligitur,
1947 3026 2190 3081 Presbyteros
2221 3029 2402 3082 Episcopi

1275 3074 1380 3127 jussu
1411 3076 1604 3115 ordinaria
1632 3091 1700 3116 sua
1733 3079 1940 3130 facultate,
1972 3081 2159 3121 Diaconos
2190 3097 2279 3122 vero
2307 3096 2401 3121 nou-

1276 3130 1348 3167 nisi
1376 3131 1677 3170 extraordinaria
1704 3130 1922 3183 baptizare.
1951 3134 2052 3174 Sane
2080 3137 2120 3175 in
2152 3135 2400 3175 Constitutio-

1275 3181 1388 3222 nibus
1418 3182 1534 3236 vulgo
1562 3184 1795 3236 Apostolicis
1814 3187 1905 3227 Lib.
1928 3188 1995 3228 ΠΙ.
2025 3203 2111 3243 cap.
2138 3203 2197 3228 11.
2229 3192 2278 3228 ita
2301 3202 2398 3242 prce-

1275 3237 1443 3288 cipitur:
1471 3237 1612 3291 Neque
1639 3240 1808 3291 reliquos
1833 3242 2006 3281 Clericos
2035 3243 2277 3293 baptismum
2306 3253 2396 3278 con·

1262 3287 1382 3340 ferre
1411 3292 1587 3331 volumus
1617 3318 1661 3332 ...
1703 3297 1779 3332 nisi
1807 3295 1910 3334 solos
1939 3295 2183 3349 Episcopos,
2225 3297 2274 3336 (ἰ)
2302 3293 2395 3329 Pre-

1273 3340 1482 3394 sbyter-os,
1526 3347 1845 3389 ministrantibus
1883 3345 2103 3390 Diaconis.
2144 3349 2196 3388 Et
2223 3360 2307 3435 εἷς).
2331 3357 2396 3386 200

2283 3409 2343 3436 re-
