2605 3624
200 187 305 229 nus,
335 173 543 223 ceterique
571 168 880 221 rebaptizantes
903 168 1083 206 errorem

204 233 508 288 deposuerint?

83 294 263 350 Qum-es
291 290 470 349 quinte,
515 291 727 342 quodnam
767 288 822 326 sit
854 287 958 326 illud
998 284 1086 337 ple-

206 354 376 395 narium
409 350 668 400 Concilium,
721 348 763 386 in
797 359 876 397 quo
907 346 1009 385 dicit
1042 346 1084 384 S.

202 411 466 465 Augustinus
476 409 613 463 fuisse
631 409 738 448 hanc
757 407 1085 447 controversiam

193 471 409 524 finitam?

82 531 223 590 Caput
240 530 340 574 vn.
372 530 701 572 Demonstratur
733 527 940 566 adversus
973 524 1085 564 hete-

201 593 398 645 rodoxos,
429 593 471 631 in
492 591 691 631 Ministro
714 589 1086 626 Sat-ramentorum

202 664 293 692 esse
323 653 487 692 omnino
502 650 787 690 necessariam
818 647 1084 686 intentionem

199 711 411 764 faciendi,
439 711 550 762 quod
576 709 689 762 facit
720 707 916 746 Ecclesia
933 733 945 744 .

83 767 216 828 Prop.
251 773 527 813 Sacramenta
581 769 773 819 mimice,
819 763 859 806 b·
899 765 1084 804 illusorie

202 833 357 871 collata
388 832 476 870 sine
490 829 712 868 intentione
732 825 946 878 faciendi,
978 824 1083 875 quod

198 889 310 943 facit
330 888 556 940 Ecclesia,
588 887 732 939 nulla,
765 883 804 926 Εό
827 886 1082 924 irritasunt.

82 946 657 1008 CaputV111.>0stendnur‚
709 958 786 986 non
832 944 971 984 valere
1005 943 1082 982 Sa-

199 1017 464 1050 cramentum
498 1007 631 1048 etiam
662 1008 769 1046 serio
801 1011 970 1044 externe
999 1003 1082 1042 col-

198 1069 366 1122 latum,
397 1067 435 1108 si
467 1067 658 1107 ministro
673 1067 781 1106 desit
813 1065 983 1104 intentio
1008 1061 1082 1115 fa-

201 1130 336 1168 ciendi
367 1128 475 1181 quod
499 1125 612 1180 facit
646 1126 868 1167 Ecclesia.

79 1185 212 1246 Prop.
229 1189 297 1237 ‚Ut
329 1201 425 1230 vere
456 1188 704 1238 conficiatur
728 1188 1054 1226 Sacramentum
1071 1215 1083 1236 ,

199 1259 276 1288 non
298 1248 452 1298 sufficit
467 1247 639 1287 intentio
660 1248 768 1286 serio
783 1243 959 1297 ponendi
991 1257 1084 1283 ma-

199 1309 375 1360 teriam,
396 1304 436 1349 &
452 1308 754 1360 pronunciandi
770 1305 958 1358 formam
972 1317 989 1352 ;
1011 1305 1084 1344 sed

202 1368 430 1421 requisitur
459 1368 622 1407 interna
657 1367 829 1406 intentio
862 1363 1083 1417 faciendi,

200 1428 308 1478 quod
331 1425 442 1479 facit
461 1428 656 1467 Ecclesia
673 1458 685 1478 ,
719 1436 867 1476 nempe
891 1436 979 1464 rem
1013 1436 1084 1464 sa-

198 1498 345 1539 cram,
377 1483 416 1528 Ειῐ
449 1487 837 1526 Sacramentalem.

81 1542 336 1586 Dissertatio
361 1544 440 1586 111.
472 1546 541 1587 De
574 1547 821 1598 Baptismo.

79 1603 220 1662 Caput
243 1602 278 1645 Ι.
310 1605 376 1646 De
392 1607 578 1659 nomine,
610 1619 662 1646 ac
685 1606 924 1657 definitione
946 1605 1081 1655 bapti-

198 1665 307 1717 smi,
336 1665 610 1718 ejusdemque
655 1667 812 1717 triplici
843 1665 1009 1717 specie.

85 1721 226 1779 Caput
242 1721 297 1763 lI.
312 1722 573 1777 ostenditur,
587 1723 960 1764 Circumcisionem
971 1721 1081 1772 fuis-

197 1795 255 1821 se.
285 1786 667 1833 praeparationem,
707 1781 746 1822 ΕΗ
773 1784 987 1838 figuram*
1008 1782 1078 1820 ba-

198 1839 374 1890 ptismi,·
405 1842 590 1889 adeoque
610 1853 776 1878 cessare
797 1842 1013 1890 debuisse,
1030 1848 1076 1877 ut

198 1898 406 1948 baptismo
438 1898 593 1936 Christi
621 1899 762 1936 locum
794 1899 915 1936 daret
931 1923 941 1934 .
1114 1897 1197 1950 ¹39

86 1954 262 2008 Quaeres
275 1954 415 2014 prim„
431 1957 594 2008 quando
604 1957 868 1997 circumcisio
879 1959 1077 1997 cessavit.
1117 1959 1196 2004 140

84 2015 261 2069 Quaeres
294 2016 498 2069 secund0‚
531 2029 586 2056 an
619 2018 734 2068 apud
757 2017 952 2057 Hebroeos
970 2029 1076 2068 proe-

205 2083 270 2116 ter
297 2076 659 2117 circumcisionem
699 2077 940 2129 baptismus
983 2090 1080 2129 quo-

202 2149 281 2188 que
312 2137 614 2177 adhiberetur?

81 2193 220 2252 Caput
243 2195 319 2237 111.
350 2196 419 2237 De
449 2199 668 2249 Baptismo
700 2197 894 2238 Ioannis.

79 2251 210 2313 Prop.
242 2257 290 2296 In
321 2269 368 2297 eo
399 2259 667 2308 potissimum
691 2257 910 2308 differebat
943 2261 1078 2311 bapti-

199 2329 340 2356 smum
380 2317 552 2357 Joannis
583 2331 609 2358 a
642 2319 852 2370 baptismo
895 2320 1078 2372 Christi,

200 2378 310 2427 quod
331 2377 409 2417 iste
431 2379 622 2430 gratiam
635 2380 973 2429 sanctificantem
997 2382 1078 2420 vir-

199 2443 289 2477 tute
321 2449 399 2477 sua
431 2437 610 2491 confert,
655 2451 731 2478 non
777 2446 922 2479 autem
955 2442 1078 2480 illam

199 2495 432 2549 conferebat
463 2500 699 2550 baptismus
731 2499 929 2539 Joannis.

79 2552 253 2607 Quaeres
289 2554 453 2614 prim0,
484 2566 628 2599 utrum
661 2561 870 2611 baptizati
902 2561 1069 2600 asoan-

205 2629 254 2656 ne
285 2619 492 2659 debuerint
528 2627 670 2671 postea
694 2621 904 2671 baptismo
918 2621 1072 2661 Christi

197 2677 448 2728 baptizari?

87 2730 258 2784 Qum-es
293 2734 475 2778 secundo
496 2771 508 2791 ,
549 2753 602 2779 an
634 2739 871 2791 baptismus
904 2741 1076 2782 ‚Ioannis

197 2792 325 2843 fuerit
359 2799 682 2840 Sacramentum
704 2802 730 2838 ?

84 2847 260 2902 Quaeress
290 2855 445 2911 tenio,
489 2861 684 2911 quisnam
724 2860 860 2913 fuerit
901 2859 1077 2911 effectus

206 2912 467 2963 baptismatis
499 2920 704 2959 Ioannis?

87 2966 265 3020 Quaefes
297 2982 475 3028 quarto,
505 2982 706 3028 quamdiu
722 2982 935 3033 baptisma
951 2982 1076 3022 Ioan-

207 3031 270 3069 nis
301 3033 552 3074 duraverit?
1096 3036 1197 3080 ibid,

89 3084 265 3138 Qssaeres
299 3088 446 3145 quinto
466 3124 477 3145 ,
530 3107 606 3134 cur
636 3099 825 3140 Christus
869 3102 1077 3142 Dominus

208 3151 381 3190 voluerit
414 3165 440 3190 a
473 3154 628 3192 Joanne
659 3157 912 3206 baptizari?
1097 3156 1196 3200 ibid.

91 3203 230 3265 Caput
247 3208 325 3250 IV.
342 3211 408 3250 De
424 3213 677 3252 institutione
694 3215 890 3264 baptismi
901 3220 1076 3262 Christi,
1118 3223 1165 3262 15
1178 3235 1190 3258 ι

89 3261 228 3323 Caput
246 3268 299 3312 V.
330 3271 398 3311 De
429 3274 608 3313 materia
642 3274 867 3324 baptismi.
1122 3279 1200 3321 153

1123 224 1204 272 ¹¹4

1125 464 1203 505 115

1120 703 1203 743 116

1122 895 1201 932 117

1115 1123 1200 1171 124

1117 1486 1199 1525 125

1120 1545 1200 1586 156

1101 1658 1201 1701 ibid.

1120 2138 1197 2185 141

1120 2200 1198 2246 ¹42

1095 2492 1197 2539 ibid.

1118 2681 1198 2733 ¹49

1094 2794 1196 2840 ibid.

1117 2922 1195 2962 150

2314 99 2335 144 7

1274 158 1408 220 Prop.
1442 163 1563 203 Fidei
1594 165 1746 216 dogma
1778 176 1867 218 est,
1901 178 2102 211 remotam
2132 173 2267 224 bapti-

1394 224 1476 262 smi
1492 225 1718 263 materiam
1735 237 1825 264 esse
1843 239 1998 277 aquam
2015 234 2266 273 naturalem.
2290 226 2388 272 ibid.

1275 280 1482 335 Quaeres,
1515 296 1570 322 an
1603 295 1714 334 aqua
1761 286 1960 336 baptismi
2005 291 2149 330 debeat
2180 306 2270 334 esse

1395 351 1638 382 consecrata
1659 345 1685 381 ?

1277 400 1418 457 Caput
1436 399 1513 442 VI.
1547 403 1613 442 De
1635 406 1829 454 proxima
1846 404 2047 457 baptismi
2068 413 2271 463 materia,

1396 475 1470 501 seu
1504 464 1736 503 ablutione.

1275 518 1409 578 Prop.
1446 521 1625 575 Valida,
1657 521 1696 564 Ε5
1717 525 1835 563 licita
1869 533 1931 564 est
1962 528 2270 567 administratio

1395 583 1595 633 baptismi
1610 596 1685 634 per
1699 585 1832 623 solam
1855 598 1977 637 aquoe
2000 586 2273 641 infusionem,

1394 649 1468 680 aut
1502 645 1811 692 aspersionem.

1273 698 1413 758 Caput
1431 698 1529 741 Vll.
1563 701 1630 742 De
1663 705 1861 755 baptismi
1887 703 2027 756 forma
2045 734 2056 746 .

1272 757 1405 818 Prop.
1442 761 1577 814 Vera,
1608 759 1648 804 Εἰ
1669 765 1833 803 omnino
1866 769 2104 806 necessaria
2137 768 2272 819 bapti-

1392 823 1474 861 smi
1500 821 1641 874 forma
1675 824 1764 863 hoec
1796 833 1884 864 est:
1919 824 2012 880 Ego
2047 834 2087 866 te
2105 823 2271 885 baptizo

1394 879 1435 919 in
1470 880 1638 921 nomine
1673 880 1833 937 Patris,
1877 884 1919 926 δε
1951 882 2071 940 Filii,
2102 886 2143 928 ὃ(
2175 885 2271 945 Spi-

1392 939 1501 981 ritus
1535 940 1704 982 Sancti.

1273 997 1451 1052 Quaeres
1469 1031 1481 1054 ,
1514 1015 1569 1041 an
1603 1003 1743 1043 valeat
1759 1005 1996 1057 baptismus
2017 1008 2198 1048 collatus
2219 1011 2276 1047 si-

1392 1074 1440 1101 ne
1473 1063 1526 1101 iis
1559 1065 1690 1103 verbis
1707 1079 1722 1101 .·
1756 1063 1852 1122 Ego
1872 1073 1913 1104 te
1947 1062 2143 1121 baptizo,
2175 1081 2273 1108 cum

1394 1123 1483 1160 sola
1515 1122 1773 1162 invocatione
1811 1127 2065 1165 Trinitatis?

1276 1179 1417 1239 Caput
1436 1178 1559 1220 VIII.
1584 1183 1828 1224 Ostenditur
1843 1216 1854 1237 ,
1877 1187 2162 1226 necessariam
2184 1199 2274 1226 esse

1394 1243 1437 1280 in
1457 1241 1666 1293 baptismo
1688 1256 1936 1295 expressam
1958 1247 2090 1286 trium
2111 1248 2277 1288 divina-

1401 1313 1497 1341 rum
1526 1300 1806 1344 Personarum
1836 1307 2139 1346 invocationem
2162 1334 2172 1346 .

1275 1360 1453 1415 Quaeres
1488 1358 1656 1418 primo,
1690 1372 1834 1404 utrum
1868 1367 2007 1406 valeat
2042 1368 2279 1417 baptismus

1394 1423 1574 1461 collatus
1605 1425 1647 1462 in
1688 1427 1850 1464 nomine
1886 1427 2138 1479 Trinitatis,
2190 1428 2278 1466 sine

1391 1483 1652 1522 distinctione
1684 1487 2000 1535 personarum?

1273 1540 1452 1594 Quaeres
1487 1538 1714 1595 secund0,'
1736 1557 1790 1582 an
1806 1544 1939 1595 fuerit
1973 1546 2198 1594 aliquando
2230 1546 2272 1582 in

1391 1603 1610 1652 primitiva
1626 1603 1823 1640 Ecclesia
1845 1604 2047 1642 collatum
2064 1605 2276 1654 baptisma

1392 1660 1434 1696 in
1467 1659 1551 1698 solo
1583 1662 1745 1699 nomine
1778 1661 1879 1700 Jesu
1914 1661 2103 1715 Christi,
2149 1665 2274 1702 omis-

1393 1730 1441 1757 sa
1487 1730 1715 1771 expressa,
1768 1716 1807 1760 b·
1840 1722 2040 1761 distincta
2076 1735 2272 1774 persona-

1392 1788 1488 1816 rum
1522 1777 1741 1817 Trinitatis
1773 1782 2020 1820 mentione?

1267 1834 1408 1892 Caput
1426 1834 1507 1875 IX.
1541 1837 1610 1876 De
1641 1838 1840 1890 baptismi
1870 1849 2105 1896 proecept0,
2138 1838 2177 1882 89·
2207 1853 2276 1882 ne-

1389 1896 1588 1936 cessitate
1611 1922 1622 1936 .

1267 1952 1352 1995 Pro
1359 1968 1401 2012 p.
1417 1957 1666 2008 Baptismus
1681 1961 1871 2000 omnibus
1887 1962 2119 2002 hominibus
2134 1971 2274 2002 neces-

1394 2018 1537 2057 sarius
1553 2024 1615 2057 est
1632 2020 1687 2058 ad
1708 2021 1893 2060 salutem
1916 2023 2249 2073 consequendam
2264 2054 2278 2074 ,

1396 2075 1651 2118 necessitate
1668 2076 1818 2133 medii,
1853 2094 1928 2121 seu
1962 2077 2080 2130 finis,
2114 2082 2274 2121 adultis

1397 2149 1492 2177 vero
1524 2137 1657 2178 etiam
1697 2136 1951 2181 necessitate
1986 2139 2186 2200 praecepti
2210 2171 2220 2181 .

1274 2195 1452 2249 Quaeres
1488 2196 1650 2255 primo,
1684 2213 1762 2252 quo
1795 2209 1981 2254 tempore
2010 2205 2182 2252 coeperit
2205 2205 2276 2242 ba-

1392 2259 1539 2309 ptismi
1570 2261 1827 2311 suscipiendi
1859 2263 2095 2314 obligatio?

1272 2315 1450 2369 Quaeres
1486 2315 1702 2372 secundo,
1756 2328 1900 2360 utrum
1933 2322 1975 2359 in
2015 2321 2270 2371 suscipiente

1388 2379 1646 2430 baptismum
1682 2382 1920 2431 requiratur
1952 2381 2157 2419 intentio?

1269 2436 1443 2490 Quaeres
1478 2437 1629 2491 tertio,
1663 2447 1806 2479 utrum
1831 2441 1942 2490 fides
1958 2441 2197 2491 requiratur
2219 2453 2273 2479 ex

1389 2507 1514 2550 parte
1545 2500 1793 2550 baptizati?

1267 2556 1407 2614 Caput.
1439 2557 1495 2598 X.
1530 2559 1597 2598 De
1628 2559 1837 2610 baptismo
1869 2561 2169 2611 parvulorum.

1268 2616 1395 2675 Prop.
1422 2618 1548 2657 Pueri
1579 2626 1675 2657 ante
1708 2632 1835 2658 usum
1867 2622 2039 2660 rationis
2072 2627 2270 2672 possunt,

1388 2675 1427 2718 83
1459 2677 1603 2718 debent
1635 2680 1874 2730 baptizari.
2311 2680 2392 2730 ¹7⁴3

1269 2737 1446 2791 Quaeres
1483 2736 1648 2793 primo,
1683 2747 1827 2779 utrum
1860 2742 1979 2792 pueri
2004 2741 2272 2792 Judoeorum,

1388 2800 1452 2838 vel
1469 2800 1648 2839 aliorum
1664 2801 1896 2850 infidelium
1915 2833 1927 2853 ,
1958 2802 2102 2840 invitis
2124 2813 2270 2840 eorum

1389 2861 1658 2912 parentibus,
1691 2860 1937 2911 baptizandi
1971 2863 2050 2900 sint
2068 2862 2093 2899 r'*

1267 2917 1444 2970 Quaeres
1480 2915 1693 2971 secundo,
1736 2933 1790 2960 an
1822 2922 2058 2972 baptismus
2091 2922 2273 2960 collatus

1388 2981 1530 3031 pueris
1545 2981 1803 3032 infidelium,
1833 2982 1975 3020 invitis
1998 2981 2240 3033 parentibus
2259 3010 2272 3032 ,

2312 352 2392 394 156

2310 475 2394 522 157

2313 652 2392 688 155

2309 711 2381 749 161

2314 946 2391 989 162

2313 1126 2394 1174 164

2312 1306 2390 1346 165

2315 1484 2396 1524 166

2314 1783 2393 1832 167

2313 1898 2397 1942 168

2297 2131 2396 2180 ibid.

2315 2273 2327 2297 1
2345 2261 2399 2310 74

2309 2393 2321 2417 1
2338 2377 2388 2431 75

2289 2493 2390 2538 ibid.

2287 2555 2388 2598 ibid.

2305 2859 2379 2899 151

1387 3041 1441 3078 sit
1475 3040 1682 3079 validus?
2308 3036 2386 3079 :Sa

1267 3097 1442 3151 Quaeres
1478 3097 1630 3152 tertio,
1662 3108 1805 3140 utrum
1837 3102 1957 3152 pueri
1988 3103 2030 3140 in
2063 3101 2269 3140 maternis

1387 3161 1518 3199 uteris
1551 3161 1675 3211 positi
1706 3162 1788 3200 sint
1821 3161 2101 3212 baptizandi?

1269 3216 1445 3272 Quaeres
1478 3226 1654 3275 qum-to,
1687 3228 1829 3259 utrum
1857 3220 2034 3275 Jur·t'osi,
2067 3218 2105 3262 E&
2129 3232 2270 3260 amen-

1391 3287 1452 3321 tes
1483 3281 1657 3320 debeant
1689 3282 1935 3333 baptizari?

2285 3154 2387 3197 ibid.

2364 3270 2382 3281 a

2306 3274 2384 3312 132
