2605 3624
211 46 291 74 212

148 110 267 157 dicit,
297 107 492 160 Apostolos
521 107 674 148 Petrum
693 140 704 158 ,
752 108 784 147 ἃ
813 110 998 151 Joannem
1028 114 1143 152 fuisse
1173 116 1262 154 mis-

147 177 204 201 sos
232 165 271 200 in
291 161 527 212 Samariam,
557 172 598 201 ut
626 164 876 216 supplerent,
905 165 1007 217 quod
1035 166 1173 207 deerat
1192 168 1263 208 ha-

147 216 283 266 ptismo
311 231 333 253 a
363 215 542 269 Philippo
570 216 821 256 Samaritanis
849 219 962 259 dato·

203 269 266 306 51.
297 267 409 320 Resp.
452 270 499 308 ad
527 275 723 322 primum,
765 274 797 311 si
827 273 943 312 verba
971 274 1139 313 Cornelii
1168 275 1264 314 inte-

143 334 210 373 gra
226 322 461 372 referantur,
489 337 563 363 non
592 323 716 363 solum
734 339 956 364 evanescere
984 327 1174 378 objectam
1189 329 1264 368 dif-

144 375 355 414 ficultatem
375 405 386 424 ,
415 376 479 415 sed
508 378 742 416 catholicum
759 380 894 431 dogma
916 393 958 417 ex
982 382 1027 418 iis
1043 380 1161 419 solide
1177 395 1265 419 con-

143 427 322 468 firmari.
365 430 420 468 lta
457 433 560 471 enim
591 432 631 469 S.
663 431 830 469 Pontifex
861 434 907 471 ad
938 433 1105 471 Fabium
1133 434 1264 473 Antio-

143 481 307 521 chenum
338 483 528 522 scribebat
556 485 602 522 de
632 485 860 523 Novatiano:
904 485 982 523 Sed
1010 499 1134 538 neque
1163 495 1264 535 post-

144 549 269 586 quam
300 535 486 575 liberatus
503 547 560 576 est
579 536 736 586 morbo,
765 539 918 589 reliqua
945 544 1146 591 percepit,
1175 553 1264 590 quae

137 590 263 642 juxta
308 591 623 629 ecclesiasticam
671 591 856 642 regulam
897 596 1047 642 percipi
1089 591 1264 636 debent,-

142 655 271 694 neque
299 642 350 682 ab
379 643 578 694 Episcopo
607 648 865 696 consignatus
894 653 979 681 est.
1010 643 1100 682 Hoc
1129 653 1266 682 autem

141 698 350 749 signaculo
378 701 545 736 minime
583 705 792 748 percepto,
835 710 910 748 quo
938 696 1105 735 tandem
1149 697 1266 735 modo

142 749 335 801 Spiritum
352 760 539 788 sanctum
567 753 691 800 potuit
719 748 940 799 accipere?
973 749 1050 788 Ubi
1073 764 1115 788 ea
1132 779 1143 798 ,
1173 764 1261 802 qua:

133 813 260 858 juxta
300 804 617 842 ecclesiasticam
647 803 858 854 regulam,
903 804 1050 855 percipi
1093 803 1265 854 debent,

139 873 164 896 a
193 858 472 908 consignatione
499 855 683 908 Episcopi
719 857 912 903 secernit,
958 866 1071 909 atque
1113 857 1184 896 hac
1215 858 1266 895 E-

139 912 288 963 piscopi
309 910 588 960 consignatione
605 909 770 961 neglecta
787 939 796 957 ‚
827 917 955 961 negat,
976 909 1166 961 Spiritum
1181 925 1266 950 san-

141 974 246 1002 ctum
278 963 326 1001 ab
357 964 440 1014 ipso
469 962 680 1001 Novatiano
722 963 838 1002 fuisse
875 972 1132 1014 perceptum3
1182 978 1267 1003 eam

139 1016 285 1054 scilicet
315 1016 479 1068 Spiritus
508 1018 626 1055 sancti
655 1018 818 1069 gratiam
836 1047 847 1066 ,
877 1030 964 1070 quae
994 1018 1266 1057 inConfirma-

138 1071 242 1108 tione
266 1070 426 1108 donatur
447 1098 457 1109 .

198 1125 263 1162 52.
294 1123 352 1161 Ad
368 1124 586 1162 secundum
602 1137 731 1177 resp.,
761 1124 829 1163 illa
859 1125 976 1164 verba
1005 1125 1170 1178 perfici,
1200 1135 1265 1164 aut

139 1177 308 1229 suppleri
337 1190 411 1215 non
442 1191 518 1216 esse
548 1179 747 1217 referenda
777 1179 822 1217 ad
852 1178 1089 1229 baptismum
1109 1210 1119 1228 ,
1149 1182 1259 1232 quasi

137 1234 217 1270 sine
247 1244 381 1268 manus
410 1232 654 1283 impositione
683 1233 932 1284 imperfectus
961 1242 1052 1270 esset
1071 1263 1081 1281 ,
1119 1235 1183 1271 sed
1216 1233 1264 1272 ad

135 1285 295 1338 plenam
310 1283 537 1322 Christianae
556 1285 751 1337 religionis
769 1286 1063 1338 professionem,
1084 1288 1130 1324 ad
1147 1301 1264 1339 quam

134 1339 276 1389 priscis
307 1338 542 1388 temporibus
572 1349 710 1390 pratter
740 1339 974 1389 baptismum
1015 1341 1264 1391 requireban-

135 1402 199 1428 tur
229 1392 343 1428 etiam
372 1391 446 1427 <luo
475 1391 720 1428 Sacramenta
749 1392 1059 1430 Conlirmationis
1082 1423 1091 1440 ,
1123 1393 1156 1429 &
1184 1394 1266 1431 Eu-

136 1443 328 1482 charistiae
350 1472 361 1490 ,
391 1457 479 1495 quae
503 1473 514 1491 ,
547 1453 584 1480 ut
613 1444 759 1482 dictum
790 1454 840 1482 est
870 1458 998 1496 saepe,
1029 1447 1154 1484 statim
1184 1456 1266 1498 post

133 1498 370 1548 baptismum
397 1496 689 1536 conferebantur
710 1526 721 1537 .

191 1551 255 1590 55.
284 1550 427 1591 Dices.
473 1551 517 1591 S.
550 1553 770 1605 Cyprianus
800 1551 839 1591 in
869 1551 992 1604 Epist.
1022 1552 1187 1591 LXXII.
1219 1553 1266 1591 ad

133 1603 373 1656 Stephanum
405 1618 588 1645 manuum
619 1607 904 1660 impositionem
950 1605 1033 1647 vult
1072 1621 1148 1651 esse
1181 1620 1265 1658 per-

132 1660 335 1698 tectionem
353 1690 364 1708 ‚
394 1659 428 1697 ἃ
449 1658 775 1712 complementum
804 1660 987 1713 baptismi
1007 1688 1016 1699 .
1047 1661 1112 1700 Ait
1132 1662 1235 1698 enirn
1252 1692 1264 1711 ,

139 1723 231 1752 tunc
260 1713 416 1753 demum
462 1715 634 1754 homines
664 1715 777 1768 plene
820 1715 1080 1762 sanctificari,
1124 1715 1156 1751 δε
1188 1728 1264 1754 esse

133 1766 235 1805 :tilios
263 1767 338 1806 Dei
368 1782 500 1820 posse,
530 1772 563 1806 si·
594 1779 754 1821 utroque
781 1769 1053 1808 Sacramento
1084 1782 1263 1808 nascan-

134 1831 219 1865 tur-3
248 1836 337 1872 quae
353 1822 492 1860 locutio
508 1832 595 1860 esset
616 1825 772 1861 omnino
788 1824 883 1862 falsa
905 1853 916 1872 ,
944 1826 975 1862 si
992 1832 1140 1862 sauctus
1156 1823 1264 1862 Mar-

134 1885 197 1925 tyr
225 1878 497 1923 existimasset,
529 1876 868 1916 Confirmationem
887 1891 962 1915 esse
984 1892 1071 1918 vere
1088 1909 1098 1927 ,
1129 1877 1161 1913 ἃ
1180 1890 1265 1930 pro-

136 1928 220 1978 prie
243 1927 534 1967 Sacramentum
555 1945 576 1967 a
593 1930 787 1981 baptismo
815 1933 1038 1979 diversum3
1069 1933 1178 1984 quasi
1202 1945 1264 1970 ve-

136 1993 182 2017 xo
224 1996 290 2032 per
319 1984 555 2036 baptismum
599 1983 771 2022 homines
800 1999 872 2023 non
916 1994 1031 2023 essent
1078 1987 1157 2024 nati
1187 1987 1264 2026 vita

137 2035 363 2085 spirituali,
392 2037 650 2084 sanctificati,
679 2037 714 2074 8<
742 2037 816 2076 filii
847 2038 920 2077 Dei
949 2038 1071 2076 effecti
1089 2065 1100 2078 .

195 2087 258 2133 54.
290 2088 402 2141 Resp.
421 2120 432 2138 ,
464 2090 548 2129 haec
578 2091 696 2129 verba
712 2106 789 2129 esse
810 2092 1059 2143 intelligenda
1089 2093 1136 2131 ad
1153 2107 1260 2131 men-

136 2152 218 2179 tem
247 2141 288 2179 S.
319 2142 532 2195 Martyris,
563 2158 606 2182 ac
638 2145 749 2182 totius
769 2144 985 2195 Ecclesiae,
1015 2159 1091 2185 uon
1121 2146 1166 2184 de
1197 2161 1260 2185 ve-

137 2208 211 2242 ra,
260 2194 292 2231 ἃ
323 2198 481 2247 propria
509 2198 707 2235 nativitate
737 2199 956 2250 spirituali,
1000 2213 1089 2251 quae
1122 2201 1161 2238 in
1192 2200 1259 2238 Sa-

139 2258 338 2286 eramento
367 2249 548 2302 baptismi
570 2249 786 2302 complete,
817 2251 850 2287 ἃ
880 2253 1048 2303 perfecte
1078 2252 1261 2302 liabetur,

137 2303 202 2339 sed
230 2302 276 2339 de
306 2316 406 2341 novo
432 2312 639 2355 augmento
668 2305 757 2344 vitae
774 2305 1009 2356 spiritualis,
1040 2307 1141 2358 quod
1170 2320 1262 2345 cou-

137 2356 312 2406 seqnitur
343 2355 459 2395 homo
487 2357 700 2409 baptizatus
744 2371 811 2410 per
840 2358 1138 2398 Sacramentum
1165 2360 1262 2398 Con-

138 2408 398 2455 firmationis3
427 2411 466 2447 in
497 2410 704 2462 quoliomo
732 2415 877 2462 accipit
893 2417 1008 2463 quasi
1036 2412 1262 2464 quamdam

138 2458 368 2512 perfectam
412 2471 579 2501 oetatem
609 2466 827 2514 spiritualis
857 2467 973 2516 ritae,
1019 2475 1060 2504 ut
1088 2466 1259 2520 loquitur

138 2514 181 2553 S.
213 2513 382 2553 Thomas
412 2529 498 2568 sup.
528 2516 632 2555 laud.
664 2533 702 2556 n.
725 2518 763 2557 6.

197 2568 260 2605 55.
291 2568 367 2606 Ob.
397 2579 566 2620 quarto.
595 2570 636 2608 S.
667 2572 929 2625 Hieronymus
957 2574 998 2612 in
1027 2573 1140 2612 Dial.
1170 2574 1260 2613 atii-2.

145 2619 427 2673 Luciferiarzos
447 2637 487 2661 n.
506 2623 543 2662 6.
576 2633 672 2663 totus
700 2635 751 2663 est
769 2655 779 2673 ,
811 2636 849 2664 ut
870 2627 1031 2679 probet,
1078 2629 1119 2666 in
1140 2628 1264 2679 bapti-

143 2687 229 2711 smo
260 2676 371 2713 etiam
401 2676 452 2714 ab
482 2676 673 2717 haereticis
702 2679 838 2716 collato
866 2682 947 2719 dari
962 2680 1152 2732 Spiritum
1180 2694 1264 2718 san-

141 2736 270 2764 ctum:
300 2730 392 2779 quia
422 2731 647 2782 inquiebat,
676 2736 709 2770 si
742 2733 919 2771 Arianus
949 2734 1137 2784 Spiritum
1167 2746 1263 2770 san-

140 2789 251 2817 ctum
281 2794 358 2817 non
379 2792 503 2830 potest
533 2784 658 2834 (lare,
689 2799 762 2824 nec
783 2786 987 2836 baptizare
1016 2785 1175 2836 quidem
1195 2799 1261 2836 po-

139 2843 242 2880 test,
273 2838 365 2884 quia
382 2834 578 2874 Ecclesiae
607 2837 806 2889 baptisma
833 2844 921 2878 sine
942 2839 1088 2891 Spiritu
1117 2848 1261 2877 sancto

144 2886 298 2924 nullum
330 2895 414 2925 est.
471 2889 583 2927 Unde
613 2892 906 2931 Luciferiannm
939 2901 1071 2944 urget,
1120 2901 1160 2929 ut
1190 2902 1260 2929 aut

143 2941 348 2978 Arianum
377 2938 542 2990 baptizet
560 2973 570 2991 ,
608 2948 702 2994 quia
731 2950 816 2983 sine
845 2946 990 2997 Spiritu
1019 2953 1162 2983 sancto
1191 2944 1259 2983 ba-

138 2997 285 3046 ptizari
314 3006 395 3030 non
423 2999 543 3044 potuit
561 3026 570 3043 ,
601 3006 670 3033 aut
699 3003 734 3034 si
763 3009 821 3036 est
850 3000 1072 3050 baptiza-tus
1102 3002 1142 3036 in
1172 2998 1259 3049 Spi-

139 3052 246 3097 ritu,
277 3046 437 3085 desinat
465 3052 500 3085 ei
529 3052 714 3087 invocare
743 3052 932 3103 Spiritum
949 3083 960 3100 ,
989 3065 1107 3103 quem
1135 3061 1255 3101 tunc,

145 3115 237 3141 eum
259 3101 525 3152 baptizaretur
542 3132 551 3149 ,
582 3108 763 3152 accepit.
794 3106 878 3143 Non
894 3118 985 3156 ergo
1010 3107 1164 3156 agnovit
1182 3106 1257 3143 Do-

144 3164 225 3194 ctor
254 3157 448 3195 maximus
476 3168 561 3199 ,eam
607 3170 792 3194 manuum
823 3159 1133 3207 impositionem,
1182 3174 1258 3211 qua.

142 3209 342 3260 baptizatis
385 3209 435 3247 ab
466 3206 655 3247 haereticis
684 3210 838 3246 daretur
867 3211 1032 3261 Spiritus
1076 3222 1225 3255 sanctus
1244 3244 1256 3266 2

144 3261 289 3306 scilicet
316 3277 384 3319 per
413 3262 707 3307 Sarmentum
737 3263 868 3308 Consu
915 3265 1049 3307 'tionis
1066 3291 1076 3308 0

991 30 1261 79 DISSERT.
1285 35 1365 81 IV.
1397 36 1525 82 CAP.
1548 38 1582 87 I.

1388 119 1450 157 56.
1483 118 1622 170 Resp„
1651 116 1693 156 S.
1724 117 1986 173 Hieronymus
2016 117 2070 160 ibi
2099 117 2254 162 nomine
2281 123 2445 177 Spiritus

1330 174 1449 211 sancti
1479 171 1705 210 intellexisse
1733 175 1895 226 gratiam
1924 175 2226 216 sanctificantem
2244 208 2255 226 ,
2285 193 2374 230 quae
2404 182 2446 220 in

1331 225 1521 277 baptismo
1550 226 1770 275 confertur,
1801 241 1890 266 cum
1918 241 1995 279 quo
2011 237 2139 268 tamen
2168 243 2244 269 non
2275 242 2446 283 pugnat,

1332 282 1426 330 quin
1456 280 1648 330 agnoverit
1662 278 1779 317 aliam
1808 282 1971 332 gratiam
1988 280 2159 334 ejusdem
2176 283 2343 337 Spiritus
2359 300 2448 326 san-

1334 334 1382 369 cti
1401 362 1412 380 ,
1440 345 1528 383 quae
1559 332 1777 369 conseratur
1806 336 1846 371 in
1876 335 2199 376 Confirmatione.
2239 338 2304 376 Sic
2334 341 2450 380 etiam

1332 383 1501 434 Apostoli
1531 392 1669 434 praeter
1698 383 1806 422 illam
1837 388 1998 437 gratiam
2015 389 2180 441 Spiritus
2199 392 2316 430 sancti
2334 386 2347 440 ,
2375 407 2451 444 qua

1334 437 1487 475 fuerant
1517 437 1741 475 sanctificati
1759 467 1770 484 ,
1798 437 1876 476 alia
1905 452 2127 493 receperunt
2157 444 2328 496 ejusdem
2359 445 2446 499 Spi-

1332 490 1425 526 ritus
1468 489 1590 526 sancti
1620 490 1716 527 (lona
1753 491 1792 527 in
1829 490 1890 528 die
1920 492 2175 535 Pentecostes.
2235 499 2448 551 Utramque

1331 542 1493 593 gratiam
1523 543 1716 593 agnovisse
1745 541 1786 579 S.
1817 542 2127 597 Hieronymum,
2169 553 2371 590 manifeste
2402 553 2450 591 li.

1334 603 1424 645 quet
1453 607 1499 631 ex
1528 594 1659 632 eodem
1690 594 1879 647 DialogO.
1915 598 2014 635 Cum
2043 603 2147 638 enim
2177 603 2449 645 Luciferianus

1333 648 1510 686 dixisset:
1539 648 1605 684 An
1634 652 1784 697 nescis,
1815 647 2096 689 Ecclesiar-um
2125 653 2227 692 hunc
2256 670 2342 696 esse
2359 673 2447 697 mo·

1335 714 1422 738 rem
1439 731 1450 750 ,
1499 709 1539 738 ut
1567 699 1780 754 baptizatis
1805 711 1942 752 postea
1972 717 2120 743 manus
2161 710 2449 762 imponantur,

1334 754 1383 795 ἕν·
1412 758 1470 792 ita
1500 758 1697 806 invocetur
1717 755 1884 806 Spiritus
1899 766 2067 796 sanctus
2085 757 2109 794 ?
2138 763 2339 812 respondet
2355 765 2448 803 Hie-

1335 820 1544 861 ronyinus:
1574 808 1670 847 Non
1699 809 1855 860 qui-:lem
1880 809 2011 848 almuo
2029 842 2039 860 ‚
2070 811 2178 851 banc
2205 827 2294 852 esse
2311 815 2453 856 Eccle-

1334 866 1489 900 siarum
1519 863 1845 901 consuetudinem
1863 894 1874 913 ,
1917 874 1988 902 aut
2017 865 2072 902 acl
2101 880 2193 916 eos,
2242 872 2306 918 qui
2336 870 2452 922 longe

1333 920 1375 954 in
1405 916 1618 954 minoribus
1648 915 1802 955 urbibus
1833 930 1899 967 per
1919 917 2200 971 Presbyteros,
2231 921 2449 962 &Draco-

1333 982 1406 1008 nos
1434 968 1622 1020 baptizati
1650 979 1766 1019 sunt,
1816 969 2035 1023 Episcopus
2063 972 2119 1010 aci
2161 978 2453 1015 invocationem

1335 1027 1466 1062 sancti
1503 1023 1670 1075 Spiritus
1712 1037 1883 1062 manum
1927 1030 2180 1075 impositurus
2222 1039 2451 1069 excurrat.

1335 1077 1440 1125 Quid
1469 1076 1609 1116 clarius
1639 1078 1687 1116 ad
1713 1079 2019 1129 distinguendam
2065 1080 2262 1132 duplicem
2290 1083 2455 1134 Spiritus

1334 1134 1450 1169 sancti
1468 1132 1748 1170 invocationem
1767 1162 1778 1179 ,
1808 1132 1966 1170 alteram
1983 1163 1994 1180 ,
2023 1147 2113 1184 quae
2130 1133 2172 1172 fit
2188 1136 2226 1173 in
2241 1134 2452 1188 baptisma-

1331 1194 1365 1223 te
1394 1200 1416 1222 a
1446 1185 1676 1236 Presbyteris
1698 1216 1709 1233 ,
1757 1184 1790 1220 8(
1820 1185 2026 1234 Diaconis‚
2057 1186 2244 1235 alteram,
2288 1203 2377 1241 quae
2408 1191 2450 1228 in

1330 1239 1631 1277 Confirmatione
1659 1238 1729 1275 soli
1751 1238 1942 1290 Episcopo
1958 1240 2203 1279 reservatur?
2231 1241 2291 1280 Ne
2319 1244 2448 1296 itaque

1332 1293 1553 1343 fingamus,
1582 1292 1621 1330 S.
1652 1292 1855 1330 Doctorem
1884 1292 2026 1330 nedum
2056 1307 2146 1331 cum
2174 1295 2345 1345 generali
2373 1296 2454 1334 Ec*-

1332 1345 1458 1385 ctesiae
1486 1347 1680 1393 doctrina,
1711 1344 1745 1380 8t
1773 1347 2071 1395 consuetudine,
2119 1348 2183 1384 sed
2213 1349 2327 1385 etiam
2358 1362 2449 1387 cum

1334 1401 1456 1452 seipso
1485 1412 1653 1451 pugnare
1671 1428 1682 1446 ,
1712 1399 1916 1436 dicendum
1938 1400 2008 1437 erit
2025 1430 2035 1447 ,
2066 1409 2269 1453 utramque
2285 1401 2454 1454 Spiritus

1332 1454 1452 1490 sancti
1495 1453 1777 1491 invocationem
1808 1453 1845 1489 in
1882 1452 2032 1490 duobus
2060 1452 2319 1492 Sacramentis
2362 1469 2453 1494 eum

1333 1506 1558 1556 agnovisse,
1596 1506 1660 1543 sed
1689 1518 1762 1543 non
1794 1505 1986 1558 aequalem
2017 1507 2214 1558 utriusque
2243 1508 2454 1546 invocatio-

1333 1560 1388 1596 nis
1417 1560 1703 1603 necessitatem3
1753 1567 1792 1596 ut
1820 1559 1981 1610 proinde
2011 1560 2126 1596 etiam
2155 1559 2215 1598 illi
2257 1560 2355 1600 salvi
2383 1561 2453 1599 fie-

1334 1620 1440 1659 rent,
1470 1615 1535 1661 qui
1563 1615 1603 1648 in
1635 1611 1800 1658 villulis,
1829 1619 1901 1648 aut
1930 1615 1971 1647 in
2001 1612 2198 1660 castellis,
2229 1622 2300 1650 aut
2329 1617 2371 1651 in
2390 1628 2453 1653 re-

1333 1663 1559 1702 motioribus
1589 1664 1711 1711 loci-s,
1742 1676 1811 1714 per
1841 1662 2122 1716 Presbyteros,
2165 1665 2214 1704 ζῇ·
2245 1664 2454 1706 Diaconos

1334 1719 1522 1769 baptizati
1551 1726 1647 1755 ante
1676 1716 1951 1766 (iurauerunt,
1999 1727 2122 1768 qua-m
2165 1716 2215 1755 ab
2244 1717 2456 1770 Episcopis

1333 1776 1596 1810 inviserentur·
1612 1798 1623 1810 .

1389 1828 1453 1876 57.
1484 1826 1622 1864 Dices.
1668 1825 1708 1863 S⁴
1740 1826 2002 1878 Hieronymus
2030 1824 2131 1864 lianc
2160 1839 2346 1864 manuum
2377 1828 2454 1865 im-

1332 1881 1555 1930 positionem
1606 1879 1753 1930 putavit
1795 1893 1933 1931 puram
1977 1892 2054 1917 esse
2085 1881 2360 1918 caeremoniam
2402 1881 2454 1919 ab

1332 1931 1506 1970 Ecclesia
1535 1933 1771 1969 institutam:
1808 1931 1997 1982 approbat
2026 1934 2128 1969 enim
2159 1933 2454 1972 Luciferianum

1331 1986 1522 2023 dicentem
1540 2014 1551 2033 ,
1604 1983 1887 2022 Ecclesiarum
1916 1983 2018 2021 hunc
2048 1998 2134 2022 esse
2171 1999 2325 2024 morem
2343 2017 2353 2035 ,
2402 1987 2452 2027 ζῇ*

1330 2051 1571 2076 consensum
1599 2036 1701 2075 orbis
1731 2040 1860 2074 instar
1887 2041 2076 2089 prcecepti
2105 2036 2305 2085 obtinere,
2336 2048 2451 2092 atque

1330 2091 1432 2130 hunc
1463 2105 1610 2129 morem
1639 2091 1845 2129 cum'aliis
1874 2091 2195 2140 confundentem,
2243 2094 2314 2144 qui
2344 2102 2446 2131 certe

1331 2146 1477 2183 nonnisi
1507 2145 1746 2182 caeremoniae
1775 2143 1958 2195 baptismi
1990 2153 2100 2193 sunt,
2150 2155 2189 2182 ut
2218 2149 2259 2183 in
2289 2146 2456 2184 lavacro

1331 2209 1391 2237 zer
1420 2207 1538 2248 caput
1569 2200 1812 2249 mergitare,
1845 2210 2023 2249 egressos
2053 2198 2198 2246 lactis,
2241 2199 2291 2239 (90
2321 2199 2452 2237 mellis

1330 2251 1589 2291 concordiam
1619 2260 1896 2302 praegustare,
1927 2250 1989 2288 <lie
2019 2250 2260 2301 DominicO,
2304 2252 2353 2292 <9²
2381 2265 2452 2303 per

1331 2315 1456 2344 totum
1487 2304 1740 2343 Pentemstes
1783 2313 1936 2353 tempus
1965 2303 2014 2343 <Ze
2055 2306 2248 2357 geniculis
2294 2319 2375 2343 non
2404 2320 2451 2343 a·

1330 2359 1474 2398 clorare
1491 2389 1501 2407 ,
1531 2358 1579 2398 (ἰ)
1604 2358 1807 2410 jejunium
1836 2358 1982 2394 solvere
2000 2373 2014 2401 ;
2042 2372 2132 2409 quae
2153 2360 2283 2396 omnia
2301 2388 2310 2406 ‚
2343 2367 2453 2410 utpo-

1330 2421 1366 2452 te
1396 2426 1506 2463 purae
1534 2411 1777 2449 caeremoniae
1796 2440 1807 2458 ‚
1837 2411 1886 2448 ab
1916 2409 2090 2448 Ecclesia
2118 2413 2315 2462 antiquata
2334 2420 2452 2451 sunt.

1388 2466 1454 2505 58.
1484 2465 1594 2517 Resp.
1612 2494 1623 2513 ,
1652 2464 1946 2502 Luciierianum
1977 2462 2121 2501 ibidem
2142 2463 2453 2502 Confirmationis

1331 2534 1443 2559 usum
1472 2523 1602 2570 primo
1629 2526 1799 2569 repetere
1827 2531 1848 2554 a
1876 2515 2078 2567 Scriptura
2095 2546 2106 2565 ,
2137 2516 2280 2555 deinde
2309 2517 2358 2555 ab
2375 2517 2452 2556 Ec-

1331 2575 1458 2612 clesiae
1487 2572 1784 2616 consuetudine3
1814 2570 1936 2621 inquit
1966 2571 2067 2607 enim
2097 2583 2136 2608 n.
2159 2569 2221 2608 6.:
2271 2569 2418 2623 Exigis
2439 2600 2454 2619 ,

1331 2627 1394 2665 ubi
1421 2629 1611 2676 scriptum
1640 2623 1727 2662 sit?
1757 2623 1806 2661 In
1836 2621 1995 2660 Actibus
2025 2623 2303 2673 Apostolorum
2323 2651 2333 2661 .
2390 2622 2451 2661 E-

1332 2684 1470 2718 tiamsi
1498 2679 1712 2729 Scripturce
1741 2680 1960 2715 auctoritas
1989 2690 2069 2714 non
2099 2676 2299 2726 subesset,
2338 2680 2455 2715 totius

1332 2732 1434 2771 orbis
1463 2737 1505 2770 in
1534 2731 1639 2770 lianc
1667 2740 1824 2783 partem
1854 2743 2069 2769 consensus
2098 2734 2228 2769 instar
2264 2734 2454 2783 praecepti

1329 2786 1547 2824 obtineret.
1605 2785 1655 2823 Et
1684 2797 1922 2838 quamquam
1953 2798 2142 2822 manuum
2172 2786 2456 2836 impositionem

1328 2841 1602 2880 Luciferianus
1629 2853 1719 2877 cum
1749 2838 1836 2876 aliis
1858 2838 1970 2876 rebus
2000 2837 2337 2877 caeremonialibus
2356 2851 2446 2876 con-

1328 2893 1490 2941 fundat,
1520 2894 1588 2945 qui
1620 2901 1745 2944 postea
1764 2893 1950 2943 antiquati
1971 2901 2078 2940 sunt,
2109 2892 2372 2944 Hieronymus
2389 2897 2443 2927 ta·

1327 2960 1416 2985 men
1445 2962 1482 2985 n.
1503 2959 1542 2998 9.
1560 2975 1572 2994 ,
1618 2959 1672 2983 ex
1699 2945 1919 2997 apostolica
1949 2949 2191 2984 auctoritate
2219 2942 2449 2983 descendere

1327 3000 1447 3048 dicit,
1478 2999 1581 3052 quod
1610 2999 1823 3052 baptizatus
1844 3000 1994 3038 nonnisi
2022 3012 2091 3050 per
2111 3012 2258 3037 manus
2278 2995 2446 3046 Episco-

1325 3057 1365 3104 pi
1393 3055 1558 3104 accipiat
1572 3053 1762 3106 Spiritum
1791 3063 1991 3099 sanctum3
2021 3054 2198 3106 quamvis
2226 3057 2351 3100 postea
2381 3048 2447 3086 ad-

1326 3107 1416 3154 dat,
1447 3108 1487 3145 id
1516 3107 1660 3147 facturn
1690 3108 1809 3145 fuisse
1839 3106 1894 3145 ad
1923 3106 2113 3144 honorem
2139 3106 2266 3155 potius
2295 3099 2442 3139 Sacer-

1326 3160 1449 3209 dotii,
1480 3174 1606 3210 quam
1634 3160 1690 3198 acl
1717 3162 1849 3214 Iegem
1878 3163 2157 3199 necessitatis..
2197 3207 2204 3214 ι
2361 3208 2368 3215 ·
2413 3208 2421 3215 .

1382 3215 1446 3267 59.
1475 3214 1552 3252 Ob.
1582 3219 1744 3267 quinto.
1793 3215 1959 3252 Isidorus
1991 3209 2225 3263 Hispalensis
2263 3220 2443 3258 gravissi-

1326 3281 1412 3313 mus
1442 3268 1584 3314 Aucto:
1616 3268 1705 3311 VII.
1731 3267 1877 3311 Saeuit
1904 3266 1994 3309 Lib.
2014 3266 2044 3304 1.
2082 3260 2146 3304 De
2180 3259 2445 3356 Officiiglefic-
