2605 3624
274 105 329 158 74

210 182 311 220 ciam
334 210 344 227 ‚
375 175 578 229 inquiens:
607 205 633 224 „
655 174 765 224 Quod
796 183 921 214 autem
952 184 1119 229 tempore
1150 192 1323 229 persecu-

209 236 321 273 tionis
350 230 445 270 nihil
476 231 568 268 mali
590 232 660 278 sit,
689 232 719 268 si
748 231 836 282 quis
863 229 1015 268 absente
1031 232 1229 269 Sacerdote
1246 231 1323 270 Eu-

210 286 427 324 charistiam
460 286 614 335 propria
656 298 769 321 manu
800 293 923 322 sumat
945 314 956 331 ,
999 285 1238 336 superfluum
1269 293 1323 321 est

207 340 461 377 demonstrare
479 367 490 385 ,
533 347 731 389 propterea
759 338 859 389 quod
890 336 1000 389 longa
1028 338 1256 376 consuetudo
1285 337 1324 375 id

209 394 336 443 reipsa
378 389 638 429 confirmavit:
684 405 815 429 omnes
844 392 945 427 enim
968 421 978 438 ‚
1022 392 1088 443 qui
1120 393 1158 429 in
1189 392 1324 428 eremis

207 446 417 483 solitariam
452 446 569 483 vitam
600 454 746 496 agunt,
776 443 844 481 ubi
873 444 1054 481 Sacerdos
1084 443 1212 481 nullus
1241 453 1324 490 est,

208 501 523 538 communionem
554 499 712 536 Domini
743 506 932 536 servantes
976 510 1041 546 per
1070 500 1209 548 scipsos
1238 509 1325 546 par-

208 554 368 605 ticipant
385 578 395 589 .
426 553 469 590 ln
492 551 723 590 Alexandria
753 564 861 598 vero,
891 550 923 586 8(
946 551 1102 601 AEgypto
1123 549 1322 599 unusquis-

208 621 284 657 que
313 608 427 644 etiam
459 618 503 642 ex
534 604 671 651 laicis,
703 613 741 641 ut
772 603 983 655 plurimum
1015 604 1116 639 domi
1148 614 1226 637 suae
1257 600 1324 637 ha-

206 658 271 698 bet
285 660 594 698 communionem
613 687 624 705 ,
653 657 686 693 ὅ(
703 671 791 693 cum
808 655 887 692 vult
905 685 916 701 ,
947 668 1013 705 per
1033 656 1198 705 seipsum
1220 666 1324 689 com-

207 714 402 751 municat.
433 712 585 750 Etenim
617 712 655 748 in
685 708 857 747 Ecclesia
885 707 1067 746 Sacerdos
1097 704 1324 757 particulam

205 766 348 813 tradit,
377 767 515 803 detinet
544 772 670 801 autem
699 775 783 799 eam
813 774 901 798 cum
932 759 1127 806 libertate,
1166 760 1233 810 qui
1262 772 1324 796 su-

205 820 317 871 scipit
337 821 362 840 ‘²
381 845 391 856 .
422 818 496 855 Hic
525 815 683 862 calicis,
713 823 777 851 aut
806 814 888 851 vini
920 813 1151 849 mentionem
1185 812 1324 849 frustra

204 873 405 923 requiras,
450 878 488 907 ut
520 870 656 906 frustra
685 867 854 918 requires
883 866 983 917 apud
1013 866 1254 916 Cyprianum
1285 865 1324 902 in

204 924 295 962 Lib.
328 924 390 961 De
419 923 566 972 lapsis,
596 921 697 971 apud
719 919 969 957 Ambrosium
999 919 1038 957 in
1060 917 1178 956 Orat.
1197 917 1325 969 fune-

204 976 262 1014 bri·
291 976 338 1014 <Ze
378 974 479 1012 obitu
510 974 664 1026 fratris
705 976 766 1010 sui
794 972 960 1023 Satyri,
1003 973 1107 1024 apud
1137 972 1325 1023 Hierony-

202 1044 313 1067 nium
343 1030 382 1066 in
398 1028 591 1080 Apologia
620 1035 752 1065 contra
770 1025 1018 1064 Jovinianum
1037 1055 1047 1073 ,
1078 1026 1111 1062 &
1129 1025 1232 1077 apud
1249 1025 1326 1063 Au-

201 1085 395 1132 gustinum
426 1081 515 1120 Lib.
551 1082 596 1118 11.
630 1079 743 1118 Cont.
787 1079 941 1117 litteras
978 1078 1166 1117 Petiliam
1194 1092 1229 1117 c.
1260 1079 1326 1118 23.

201 1136 269 1173 uhi
300 1135 441 1174 dicitur
463 1165 473 1183 ,
516 1133 797 1172 Eucharistiam
829 1132 943 1170 fuisse
974 1134 1132 1184 positam
1163 1136 1205 1169 ιή
1235 1145 1324 1169 mu.-

203 1188 317 1227 nibus
347 1187 521 1227 fidelium
539 1214 550 1225 .
580 1187 665 1226 Non
694 1195 820 1225 tamen
851 1187 1095 1238 negaverim,
1125 1185 1327 1236 aliquando

202 1244 318 1281 etiam
347 1242 513 1294 speciem
542 1243 625 1281 vini
662 1240 779 1278 fuisse
818 1240 978 1278 domum
1007 1248 1236 1291 asportatam
1254 1269 1264 1287 ‚
1297 1241 1326 1276 i-

201 1296 321 1348 bique
351 1305 561 1334 servatam.
589 1293 666 1334 Sed
693 1293 732 1331 id
762 1295 909 1332 nonnisi
937 1295 1128 1332 rarissime
1156 1293 1240 1331 fieri
1259 1306 1326 1344 po-

203 1358 298 1388 terat
329 1349 394 1399 (ct)
417 1374 429 1386 .

257 1403 352 1453 447.
383 1401 561 1439 Demum
580 1403 694 1439 etiam
718 1401 756 1437 in
788 1398 959 1451 publicis
987 1400 1234 1438 conventibus
1253 1411 1325 1437 non

202 1468 352 1507 semper
381 1468 510 1492 omnes
538 1453 608 1491 sub
641 1462 800 1504 utraque
837 1455 964 1503 specie
993 1454 1324 1500 communicasse,

201 1517 333 1560 aperte
379 1515 479 1559 patet
525 1519 571 1544 ex
600 1505 641 1545 S.
672 1505 797 1544 Leone
837 1505 982 1555 Magno
1010 1506 1136 1544 Serm.
1160 1505 1229 1543 lV.
1260 1505 1325 1543 De

205 1560 535 1614 Quiztlragesima
565 1573 600 1598 c.
636 1559 674 1597 5.
703 1558 771 1595 ιὼί
816 1557 1128 1597 Manichaeorum
1176 1559 1328 1598 fraudes

203 1617 370 1664 indicat,
399 1616 513 1667 qui„
542 1614 589 1652 ad
610 1612 810 1665 tegendam
839 1611 1104 1650 infidelitatem
1134 1626 1241 1650 suam
1265 1625 1329 1650 no-

205 1699 233 1718 „
262 1669 346 1706 stris
386 1668 574 1706 audebant
603 1667 779 1705 interesse
826 1666 1075 1704 conventibus
1095 1691 1181 1704 ......
1202 1666 1235 1702 8:
1265 1679 1328 1703 ore

206 1752 234 1772 ‚,
265 1722 424 1773 indigno
450 1721 590 1760 Christi
618 1721 767 1772 Corpus
793 1718 1064 1770 accipiebant,
1106 1721 1329 1771 sangninem

206 1805 234 1825 „
262 1784 389 1814 autem
418 1775 689 1825 redemptionis
719 1781 853 1810 nostrat
897 1771 1052 1810 haurire
1079 1775 1235 1810 omnino
1263 1774 1328 1810 de-

206 1859 234 1878 „
264 1828 458 1867 cliuabant
477 1831 527 1865 “.
548 1827 660 1875 Quod
690 1827 821 1878 utique
844 1826 968 1863 facere
989 1839 1060 1863 non
1094 1828 1299 1877 potuissent
1317 1856 1329 1874 ,

205 1883 239 1921 si
270 1883 307 1920 iu
336 1880 580 1920 conventibus
610 1879 779 1932 publicis
806 1892 935 1916 onmes
962 1879 1178 1917 debuissent
1208 1893 1252 1917 ex
1273 1880 1330 1917 di-

206 1936 300 1974 vino
329 1943 522 1987 praecepto
562 1933 631 1972 sub
662 1941 822 1985 utraque
864 1931 990 1984 specie
1018 1934 1331 1971 communionem

210 2001 383 2038 recipere
400 2013 411 2025 .

263 2041 357 2088 448.
390 2042 458 2079 His
486 2039 652 2078 indubiis
680 2039 911 2090 argumentis
940 2051 985 2075 ex
1014 2039 1130 2077 veteri
1146 2038 1332 2077 Ecclesiae

240 2097 322 2134 rasi
350 2095 605 2147 depromptis,
650 2091 859 2144 Angelicus
901 2100 1020 2129 noster
1049 2091 1263 2144 Praeceptor
1293 2093 1333 2132 3.

209 2110 253 2186 ἓ.
275 2163 342 2201 qu.
362 2148 429 2186 80.
458 2157 528 2186 art.
554 2161 615 2185 12.
644 2145 742 2183 lianc
772 2144 1023 2196 theologicam
1054 2147 1238 2184 rationem
1267 2146 1333 2185 ad-

212 2203 294 2240 dit:
317 2231 342 2249 „
361 2202 473 2239 Circa
502 2213 614 2238 usum
646 2198 760 2250 hujus
788 2198 1026 2236 Sacramenti
1070 2200 1144 2237 duo
1180 2207 1335 2250 possunt

215 2254 470 2300 considerari3
500 2266 622 2291 unum
653 2265 699 2289 ex
728 2260 832 2303 parte
862 2252 980 2303 ipsius
999 2251 1237 2290 Sacramenti
1256 2282 1267 2300 ,
1298 2266 1337 2291 a»

212 2307 295 2346 liud
327 2320 370 2345 ex
402 2316 507 2360 parte
527 2306 758 2345 sumentium
781 2331 792 2343 .
820 2304 881 2343 Ex
897 2313 1002 2357 parte
1029 2307 1187 2357 quidem
1217 2306 1337 2357 ipsius

214 2362 451 2401 Sacramenti
493 2360 700 2407 convenit,
743 2358 845 2410 quod
888 2366 1096 2410 utrumque
1137 2367 1336 2408 sumatur,

215 2414 363 2454 scilicet
391 2414 425 2452 8:
453 2415 601 2466 Corpus
620 2443 631 2459 ,
672 2411 707 2448 8(
735 2411 926 2463 Sanguis,
972 2413 1067 2462 quia
1095 2413 1136 2450 in
1180 2422 1339 2464 utroque

217 2469 380 2506 consistit
410 2468 592 2520 perfectio
611 2465 873 2505 Sacramenti.
902 2464 951 2503 Et
980 2466 1066 2503 ideo
1094 2467 1187 2518 quia
1206 2466 1253 2503 ad
1268 2466 1337 2504 Sa-

216 2522 406 2560 cerdotem
436 2522 593 2573 pertinet
622 2519 693 2558 hoc
722 2520 1011 2558 Sacramentum
1054 2532 1276 2558 consecrare
1305 2519 1339 2555 8<

216 2574 403 2627 perficere
420 2605 431 2622 ,
461 2573 565 2612 nullo
594 2573 705 2611 modo
733 2573 844 2611 debet
871 2573 1019 2624 Corpus
1048 2572 1188 2611 Christi
1216 2587 1342 2611 sume·-

217 2641 259 2666 ro
287 2629 369 2667 sine
389 2628 610 2679 Sanguine.
641 2626 699 2664 Ex
729 2635 834 2679 parte
861 2635 988 2664 autem
1016 2628 1252 2665 sumentium
1283 2640 1343 2664 re-

220 2683 386 2732 quiritur
414 2695 564 2719 summa
591 2681 822 2728 reverentia,
853 2679 886 2716 ἃ
906 2679 1082 2727 cautela,
1114 2694 1164 2718 ne
1191 2679 1341 2731 aliquid

222 2735 369 2773 accidat
390 2763 402 2782 ,
442 2736 544 2786 quod
574 2742 703 2785 vergat
731 2734 780 2773 ad
810 2732 993 2784 injuriam
1022 2729 1112 2772 tanti
1142 2734 1340 2785 mysterii:

224 2787 326 2838 quod
357 2790 553 2840 praecipue
582 2796 701 2840 posset
743 2787 916 2826 accidere
945 2788 985 2826 in
1016 2788 1209 2837 sanguinis
1238 2798 1342 2824 sum·

223 2840 380 2890 ptione,
407 2842 474 2892 qui
504 2842 662 2892 quidem
691 2841 724 2879 si
754 2843 904 2880 incaute
933 2848 1171 2886 sumeretur,
1209 2838 1256 2875 de
1286 2838 1342 2876 fa-

226 2891 295 2930 cili
324 2902 443 2944 posset
470 2893 611 2932 effundi
634 2919 645 2932 .
687 2894 738 2932 Et
765 2895 858 2947 quia
887 2895 1008 2932 crevit
1043 2891 1249 2931 multitudo
1278 2904 1345 2943 po-

224 2943 311 2997 puli
338 2944 547 2984 Christiani
570 2975 581 2993 ,
610 2948 648 2984 iu
677 2961 754 2999 qua
782 2949 1021 2986 continentur
1048 2959 1175 2992 senes,
1220 2943 1254 2980 8<
1283 2944 1344 2996 ju-

223 3011 361 3048 venes,
390 2997 423 3034 &
452 2998 631 3050 parvuli,
662 3013 825 3052 quorum
854 3001 1015 3055 quidam
1043 3012 1119 3038 non
1146 3006 1233 3037 sunt
1261 3006 1345 3037 tan-

275 3147 323 3184 (αδ
356 3143 392 3176 id
419 3144 453 3177 S.
479 3144 669 3188 Gregorius
687 3145 854 3181 Nazianz.
881 3148 997 3182 innuit
1023 3149 1065 3183 de
1090 3160 1154 3182 sua
1178 3159 1292 3181 sorore
1311 3147 1346 3180 S.

233 3191 432 3234 Gergouia,
475 3192 574 3225 Orat.
603 3192 659 3224 LI.
688 3191 722 3223 ld
749 3194 862 3236 ipsum
888 3196 1024 3227 eruitur
1048 3208 1090 3228 ex
1117 3195 1260 3239 epistola
1288 3194 1346 3227 IV.

238 3238 274 3269 S.
299 3238 504 3281 Hieronymi
534 3236 574 3270 ad
599 3238 810 3278 Rusticum,
846 3240 906 3272 ubi
931 3240 972 3272 de
999 3242 1179 3285 Exuperio
1206 3241 1348 3285 Episco-

231 3294 278 3328 po
304 3283 481 3316 Tolosano
517 3282 676 3318 dicebat:
715 3284 821 3318 Nihil
859 3287 920 3318 illo
944 3288 1095 3328 -ditius,
1138 3291 1192 3330 qui
1217 3287 1347 3329 Corpus

229 3329 377 3375 'Domini
401 3333 554 3366 canistro
575 3334 717 3367 vimineo
731 3351 743 3372 ‚
769 3337 810 3366 (θ’
829 3336 1025 3378 sangninem
1041 3341 1158 3379 portat
1185 3336 1219 3368 in
1238 3337 1323 3369 vitro
1336 3356 1346 3368 .

1016 96 1283 141 DISSERT.
1308 98 1362 141 V.
1396 97 1525 142 CAP.
1551 97 1672 142 VIII.

1390 188 1438 216 tae
1468 179 1730 225 discretionis,
1770 183 1809 214 ut
1840 176 2027 216 cautelam
2065 176 2232 215 debitam
2263 177 2365 215 eirca
2394 188 2506 216 usum

1391 231 1506 282 hujus
1535 232 1771 269 Sacramenti
1802 231 2027 278 adhibeant,
2058 231 2141 269 ideo
2170 231 2327 283 provide
2356 230 2395 266 in
2416 230 2504 280 qui-

1393 285 1551 322 busdam
1582 283 1765 322 Ecclesiis
1792 283 2013 322 observatur
2031 313 2041 331 ,
2085 293 2125 321 ut
2173 285 2315 335 populo
2344 282 2506 333 Sanguis

1390 338 1595 375 sumendus
1635 349 1710 374 non
1737 336 1844 374 detur
1865 367 1876 385 ,
1918 339 1981 376 sed
2016 337 2139 375 solum
2169 352 2191 375 a
2219 336 2419 374 Sacerdote
2447 349 2509 373 su-

1391 401 1519 428 matur
1539 393 1566 410 “
1585 415 1596 426 .

1447 442 1540 491 449.
1572 441 1662 487 His,
1693 440 1855 490 aliisque
1883 442 1930 479 de
1950 444 2071 481 causis
2089 473 2099 491 ,
2128 457 2216 495 quae
2239 452 2388 482 maturo
2417 454 2506 479 exa-

1392 496 1497 532 mine
1531 497 1565 530 in
1605 492 1756 530 duobus
1783 494 1968 532 Conciliis
2004 498 2280 545 oecumenicis,
2326 499 2511 534 Constan-

1392 548 1502 585 tiensi
1522 576 1532 593 ,
1563 545 1596 580 8<
1627 545 1852 582 Tridentino
1881 547 2099 597 ponderatae
2131 549 2308 598 fuerunt,
2339 549 2509 587 declara-

1392 608 1475 637 tum
1505 607 1584 643 est,
1627 596 1737 634 nullo
1765 599 1897 635 divino
1927 610 2119 652 praecepto
2146 603 2248 653 adigi
2277 603 2409 641 fideles
2438 602 2511 639 lai-

1391 666 1455 691 cos
1482 652 1529 688 ad
1551 650 1805 688 Eucharistiae
1827 651 2116 689 Sacramentum
2147 655 2217 692 sub
2247 666 2407 707 utraque
2428 669 2512 706 spe-

1392 707 1451 743 cie
1493 704 1751 742 sumendum.
1799 703 1963 753 Itaque,
2004 704 2115 756 ajunt
2144 705 2269 745 Patres
2297 710 2511 747 Tridentini

1392 759 1493 798 sess.
1513 758 1623 796 XXI.
1660 771 1747 809 cap.
1775 770 1808 795 ι.
1853 787 1880 806 „
1911 767 2034 796 sancta
2064 757 2268 809 Synodus,
2310 775 2332 797 a
2361 762 2509 813 Spiritu

1396 842 1423 860 „
1453 812 1619 860 Sancto,
1662 812 1729 862 qui
1760 811 1913 863 spiritus
1942 821 1994 849 est
2023 812 2248 862 sapientiae,
2296 813 2330 849 8(
2361 815 2511 852 intelle-

1393 895 1420 914 „
1449 874 1554 913 ctus,
1584 865 1740 916 spiritus
1770 865 1948 913 consilii,
1980 864 2013 900 ἃ
2043 866 2215 917 pietatis,
2258 866 2415 914 edocta,
2458 875 2512 904 at-

1394 948 1422 967 „
1451 933 1525 971 que
1556 919 1672 970 ipsius
1690 917 1874 955 Ecclesiae
1902 917 2116 968 judicium,
2146 917 2179 954 δι
2200 920 2515 958 consuetudinem

1396 1001 1423 1020 „
1451 981 1605 1019 secuta,
1633 970 1829 1019 declarat,
1859 985 1903 1009 ac
1932 971 2067 1019 docet,
2115 971 2224 1008 nullo
2251 973 2383 1012 divino
2413 987 2513 1024 prae-

1395 1055 1422 1075 ,‚
1452 1035 1560 1077 cepto
1590 1025 1732 1072 laicos,
1775 1024 1809 1061 8(
1838 1024 2006 1062 Clericos
2036 1038 2110 1063 non
2142 1025 2386 1064 conficientes
2415 1027 2514 1064 obli-

1395 1108 1422 1127 „
1452 1080 1534 1130 gari
1563 1079 1611 1116 ad
1641 1078 1895 1116 Eucharistiae
1927 1078 2219 1116 Sacramentum
2250 1079 2322 1116 sub
2353 1091 2515 1132 utraque

1398 1162 1425 1181 „
1454 1133 1582 1184 specie
1610 1132 1839 1170 sumendum
1858 1161 1868 1180 ,
1898 1146 2022 1185 neque
2052 1131 2132 1169 ullo
2161 1141 2297 1183 pacto,
2334 1133 2439 1171 salva
2469 1133 2516 1171 fi-

1395 1215 1422 1234 „
1450 1187 1524 1234 de,
1566 1186 1736 1224 dubitari
1766 1199 1900 1237 posse,
1946 1187 2039 1237 quin
2071 1184 2148 1223 illis
2176 1186 2332 1224 alterius
2374 1189 2517 1237 speciei

1394 1269 1421 1288 „
1451 1242 1673 1278 communio
1702 1238 1750 1276 ad
1791 1238 1950 1277 salutem
1993 1238 2182 1276 sufficiat.
2214 1242 2241 1260 ‘⁶
2293 1239 2339 1276 Et
2367 1254 2453 1277 can.
2481 1254 2515 1279 1.

1394 1323 1421 1342 „
1450 1293 1492 1331 Si
1522 1295 1609 1345 quis
1636 1293 1801 1340 dixerit,
1832 1305 1878 1329 ex
1908 1292 1980 1330 Dei
2013 1301 2233 1344 praeceptO,
2264 1292 2325 1330 vel
2355 1295 2516 1332 necessi-

1393 1376 1420 1395 „
1451 1356 1524 1384 tate
1552 1346 1709 1394 salutis,
1752 1358 1910 1393 omnes,
1958 1345 1991 1381 8<
2020 1345 2186 1396 singulos
2214 1344 2353 1384 Christi
2386 1347 2518 1386 fidele·

1393 1430 1420 1449 „
1451 1410 1652 1452 utramque
1694 1400 1860 1451 speciem
1904 1399 2129 1437 sanctissimi
2161 1398 2417 1438 Eucharistiae
2447 1401 2517 1440 Sa-

1393 1482 1420 1502 „
1450 1455 1635 1491 cramenti
1665 1466 1816 1490 sumere
1845 1453 2013 1500 debere,
2042 1450 2243 1490 anathema
2273 1454 2339 1491 sit.
2369 1456 2394 1476 ‘⁶

1448 1507 1541 1552 450.
1569 1507 1645 1545 Ob.
1663 1509 1793 1557 primo
1822 1507 2060 1558 potissimum
2081 1504 2375 1544 Callixtinorum
2405 1521 2525 1559 argu-

1395 1569 1565 1598 mentum
1584 1586 1593 1598 .
1629 1561 1743 1598 Clara
1772 1569 1852 1607 est,
1890 1573 1934 1597 ac
1965 1558 2395 1611 prorsusdeclaratoria
2423 1562 2516 1599 Jesu

1395 1613 1536 1651 Christi
1565 1614 1746 1651 sententia
1775 1613 1831 1650 Jo.
1854 1612 1922 1651 Vl.
1946 1613 2009 1658 54.
2057 1609 2148 1650 Nisi
2177 1612 2518 1653 manducaveritis

1394 1679 1564 1704 carnem
1591 1665 1675 1718 filit
1704 1665 1874 1704 hominis
1892 1695 1902 1714 ‚
1945 1667 1994 1706 (9-
2024 1664 2193 1704 biberitis
2222 1667 2310 1717 ejus
2352 1672 2518 1719 sangui-

1395 1733 1519 1767 nem,
1549 1733 1630 1756 non
1659 1718 1847 1756 habebitis
1877 1723 2000 1756 vitam
2029 1723 2069 1755 ιή
2091 1719 2220 1756 vobis.
2249 1719 2516 1766 Quamobrem

1396 1775 1436 1811 in
1466 1782 1655 1825 postrema
1684 1786 1751 1811 sua
1779 1787 1873 1810 cena
1902 1772 2071 1809 Christus
2101 1772 2172 1810 sub
2203 1781 2362 1824 utraque
2391 1776 2516 1825 specie

1397 1826 1690 1865 Sacramentum
1735 1827 1920 1873 instituit,
1969 1825 2003 1861 δε
2032 1826 2103 1863 sub
2134 1835 2294 1877 utraque
2335 1829 2519 1866 omnibus

1398 1882 1476 1918 sine
1507 1879 1586 1917 ullo
1613 1880 1839 1917 discrimine
1868 1878 1966 1917 illud
1994 1879 2216 1924 distribuit3
2253 1880 2375 1917 immo
2403 1880 2438 1918 &
2467 1882 2522 1920 A-

1399 1934 1581 1985 postolis,
1619 1941 1658 1970 ut
1688 1934 1739 1971 ita
1767 1933 2065 1982 distribuerent,
2109 1946 2281 1985 expresse
2310 1935 2522 1986 praecepit,

1400 1988 1549 2025 dicens:
1581 1985 1669 2023 Hoc
1685 1984 1823 2038 facite
1851 1990 1893 2023 ιή
1923 2000 2060 2023 meam
2090 1991 2522 2027 commemorationem

1400 2039 1519 2078 Lucae
1540 2039 1670 2077 XXII.
1697 2052 1784 2091 19.,
1812 2039 1847 2076 &
1874 2053 1906 2077 ι.
1926 2039 2097 2077 Corinth.
2118 2039 2189 2077 XI.
2213 2040 2276 2085 24.
2305 2054 2402 2092 seq.:
2431 2056 2523 2080 cum

1400 2102 1528 2131 autem
1558 2094 1872 2130 commemoratio
1901 2093 2083 2143 passionis
2097 2091 2236 2130 Christi
2266 2096 2435 2132 maxime
2455 2108 2522 2132 ex-

1401 2147 1592 2197 primatur
1621 2146 1661 2183 in
1691 2148 1893 2196 sanguine,
1924 2144 2168 2196 peculiariter
2197 2157 2388 2200 praecepta
2417 2149 2523 2187 vide-

1400 2208 1462 2237 tur
1491 2200 1711 2237 communio
1740 2199 1811 2237 sub
1840 2201 1966 2250 specie
1996 2200 2102 2237 vini.

1457 2252 1549 2298 451.
1582 2252 1692 2303 Hesp.
1710 2282 1720 2300 ,
1750 2251 1846 2289 lianc
1875 2251 2139 2289 difficultatem
2171 2253 2288 2291 fuisse
2317 2253 2479 2293 solutam
2500 2270 2524 2295 a.

1403 2305 1559 2358 Synodo
1572 2305 1682 2342 Trid.
1704 2306 1802 2343 Sess.
1819 2304 1930 2343 XXI.
1959 2318 2045 2357 cap.
2073 2319 2106 2344 1.
2135 2304 2194 2344 his
2224 2307 2369 2346 verbis:
2399 2338 2425 2357 „
2456 2310 2524 2348 Et·

1405 2389 1432 2408 „
1462 2361 1492 2397 si
1521 2357 1689 2397 Christus
1712 2358 1900 2397 Dominus
1928 2360 1969 2397 in
2000 2359 2137 2397 ultima
2165 2374 2275 2398 coena
2303 2363 2526 2401 venerabile

1405 2443 1433 2462 „
1463 2412 1534 2451 hoc
1563 2411 1851 2451 Sacramentum
1893 2413 1934 2450 iu
1964 2415 2101 2464 panis,
2149 2412 2184 2448 8<
2215 2415 2294 2451 vini
2324 2417 2528 2466 speciebus

1408 2496 1435 2516 ,‚
1466 2466 1649 2513 instituit,
1691 2464 1724 2501 &
1756 2464 1941 2516 Apostolis
1969 2466 2152 2513 tradidit,
2195 2480 2270 2504 non
2299 2475 2426 2506 tamen
2457 2468 2527 2508 illa.

1409 2549 1437 2569 „
1467 2519 1676 2566 institutio,
1707 2517 1740 2553 8<
1771 2517 1922 2554 traditio
1950 2531 1994 2554 eo
2008 2518 2187 2564 tendunt3
2218 2527 2401 2559 utomnes
2415 2521 2527 2560 Chri-

1408 2603 1437 2622 „
1466 2574 1511 2611 sti
1541 2571 1672 2610 fideles
1700 2579 1834 2609 statuto
1863 2570 2020 2608 Domini
2049 2571 2097 2609 ad
2127 2580 2330 2624 utramque
2358 2577 2527 2626 speciem

1410 2656 1437 2675 „
1466 2625 1730 2677 accipiendam
1759 2624 2060 2675 adstringantur.
2107 2624 2182 2663 Sed
2211 2640 2334 2678 neque
2378 2642 2422 2665 ex
2451 2643 2530 2666 ser-

1409 2709 1438 2728 „
1469 2691 1581 2717 mone
1610 2677 1678 2716 illo
1719 2677 1821 2729 apud
1850 2677 2031 2715 Joannem
2060 2677 2129 2716 VI.
2171 2689 2270 2717 recte
2305 2679 2529 2733 colligitur,

1408 2762 1437 2782 „
1468 2733 1662 2784 utriusque
1690 2732 1831 2783 speciei
1860 2733 2399 2772 communionemaDomino
2428 2749 2530 2787 prae-

1410 2815 1438 2835 „
1467 2794 1618 2835 ceptam
1660 2798 1760 2832 esse,
1809 2793 2019 2837 utcumque
2054 2784 2161 2836 juxta
2202 2788 2326 2825 varias
2353 2787 2530 2829 sanctor.

1413 2869 1439 2888 „
1469 2838 1622 2876 Patrum
1641 2868 1651 2886 ,
1681 2838 1716 2875 8<
1745 2839 1952 2877 Doctorum
1983 2840 2308 2891 interpretationes
2337 2841 2531 2894 intelliga-

1413 2922 1440 2941 „
1469 2901 1556 2930 tur.
1600 2891 1777 2943 Namque
1806 2893 1873 2944 qui
1903 2893 2021 2930 dixit:
2070 2892 2162 2931 Nisi
2192 2894 2531 2934 manducaveritis

1413 2975 1441 2995 „
1470 2959 1639 2984 carnem
1657 2976 1666 2994 ,
1697 2947 1768 2985 ἃς.
1797 2946 1892 2984 dixit
1920 2958 2099 2999 quoque:
2129 2946 2172 2984 St
2199 2952 2284 2998 quis
2304 2949 2528 2987 manduca-

1412 3028 1440 3049 „
1469 3003 1564 3040 verit
1591 3012 1645 3038 ex
1674 2998 1745 3038 hoc
1771 3012 1906 3052 pane,
1936 3005 2031 3039 viret
2059 3004 2102 3038 z'n
2131 3010 2352 3042 oeternum.
2383 3003 2430 3041 Et
2458 3002 2527 3054 qui

2372 3085 2398 3104 υ
2415 3055 2471 3092 di‘

1416 3148 1481 3182 Sed
1506 3149 1615 3183 nostri
1642 3149 1839 3195 argumenti
1865 3150 1918 3183 vis
1957 3150 2091 3196 integra
2117 3159 2259 3191 manet,
2283 3147 2419 3182 etiamsi
2445 3159 2528 3181 con-

1415 3195 1559 3229 cedatur
1579 3218 1590 3237 ,
1626 3198 1763 3231 nonnisi
1790 3196 1980 3241 aliquando
2006 3198 2112 3231 fuisse
2144 3198 2208 3231 sub
2234 3207 2299 3228 una
2324 3195 2437 3239 specie
2464 3205 2525 3238 pa-

1415 3242 1470 3275 nis
1498 3243 1759 3276 Eucharistiam
1786 3253 1991 3289 sumptam3
2015 3255 2194 3290 nunquam
2217 3241 2311 3274 enIm
2337 3239 2371 3274 id
2395 3242 2530 3276 factum

1414 3289 1537 3337 suisset
1555 3311 1568 3331 ,
1593 3290 1622 3326 si
1645 3288 1807 3326 divinum
1830 3291 2025 3327 obstitisset
2052 3296 2267 3337 praeceptum
2286 3308 2296 3319 .
