2605 3624
242 202 293 239 50
918 171 924 179 ’
952 216 957 222 .
1049 182 1315 226 DISSERT.
1339 182 1371 225 1.
1405 181 1532 225 CAP.
1559 182 1642 223 lx.

188 276 224 312 5.
254 274 381 323 &se-1.
411 267 685 317 .7ffiriniztic‘e;
716 265 749 301 8<
768 268 896 315 primo
927 263 962 301 id
993 262 1038 300 de
1069 265 1227 301 materia
1250 265 1299 301 ita

184 326 341 379 probat:
372 353 397 371 ,‚
428 324 469 360 lu
501 336 568 359 usu
587 321 920 358 §aeramentorum
941 318 1016 355 duo
1036 327 1190 369 possunt
1212 330 1299 355 con-

184 407 210 425 ,‚
240 379 424 422 siderari,
454 375 597 414 scilicet
628 373 753 412 cultus
782 374 962 419 divinus,
991 371 1023 407 &
1053 370 1300 408 sanctificatio

185 423 211 481 „
242 432 432 476 liominis3
461 442 623 481 quoi-uni
657 430 825 479 primurn
858 427 1013 477 pertinet
1029 425 1074 462 ad
1104 425 1300 462 hominem

243 499 309 536 per
339 484 661 536 comparationem
684 481 729 518 ad
755 481 905 524 De1un3
935 479 1144 516 secundum
1173 487 1300 515 autem

244 555 263 576 e
291 550 472 576 converso
513 538 675 589 pertinet
712 534 758 572 ad
791 534 914 571 Deum
944 545 1012 584 per
1047 533 1300 584 comparatio-

241 606 324 630 nem
355 592 401 629 ad
432 591 624 628 hominem
643 614 652 625 .
692 587 777 625 Non
809 587 968 639 pertinet
996 595 1121 622 autem
1152 585 1198 622 ad
1228 583 1298 622 ali-

241 660 356 697 quem
385 644 638 682 determinare
667 640 791 688 illud,
833 640 933 692 quod
963 647 1015 676 est
1058 639 1096 676 in
1127 647 1302 690 potestate

242 700 420 746 alterius,
449 698 512 736 sed
542 696 662 734 solum
695 694 754 741 id,
783 694 882 745 quod
913 702 964 729 est
993 693 1032 729 in
1049 705 1113 728 sua
1146 700 1303 741 potesta-

244 763 305 790 te.
335 753 438 800 Quia
468 764 555 802 ergo
583 747 831 787 sanctificatio
853 746 1017 783 hominis
1046 753 1097 782 est
1126 746 1166 781 in
1200 755 1302 797 pote-

244 816 335 845 state
366 805 440 843 Dei
471 802 772 847 sanctificantis,
802 813 878 837 non
909 799 1070 850 pertinet
1099 797 1146 835 ad
1178 797 1301 837 hoini-

241 874 331 898 Uen]
359 871 426 897 suo
456 856 601 904 iudicio
630 866 820 892 assumere
849 866 935 898 res,
965 851 1106 903 quibus
1135 851 1302 889 sanctifi-

183 944 211 961 „
241 923 366 957 cetur3
396 906 459 949 sed
488 911 557 948 hoc
586 909 696 946 debet
726 920 802 944 esse
830 918 876 942 ex
905 905 1040 942 divina
1069 906 1302 943 institutione

185 957 208 1005 J
239 968 528 1004 determinatum
547 989 557 1000 .
588 962 636 999 Et
667 959 751 997 ideo
781 961 819 996 in
835 958 1087 996 Sacramentis
1116 970 1226 995 novae
1248 957 1298 996 le-

188 1012 192 1014 ¹
241 1023 324 1067 ais,
367 1017 509 1069 quibus
540 1015 710 1052 homiues
738 1010 1053 1059 sanctificantur,
1095 1012 1302 1049 secundum

241 1062 340 1110 illud
376 1084 409 1108 1.
439 1070 486 1107 ad
514 1067 685 1107 Corinth.
709 1066 775 1104 Vl.
800 1079 862 1103 ιι.
901 1064 1030 1102 Abluti
1054 1069 1178 1113 estis,
1208 1078 1303 1103 scm-

183 1157 209 1173 „
239 1124 408 1178 ctificoti
436 1126 550 1170 estis,
579 1129 723 1173 oportet
754 1121 806 1157 uti
838 1117 950 1156 rebus
980 1130 1024 1155 ex
1045 1117 1177 1158 divina
1193 1119 1302 1157 Insti-

183 1210 208 1227 „
237 1181 381 1217 tutione
409 1176 666 1216 determinatis
696 1174 717 1189 ’'

238 1233 330 1285 309.
361 1233 401 1269 ln
431 1239 500 1268 art.
530 1237 656 1266 autem
671 1227 710 1266 6.
739 1223 962 1278 generaliter
981 1224 1162 1274 ostendit,
1193 1226 1232 1264 in
1253 1226 1302 1263 si-

184 1285 426 1332 gnificatione
456 1283 790 1322 Sacramentorum
820 1280 965 1331 requiri
995 1278 1138 1326 verba,
1181 1280 1301 1331 quia,

184 1328 226 1378 iit
254 1340 344 1377 dicit
373 1338 414 1376 S.
445 1336 674 1388 Augustinus
704 1336 743 1373 in
774 1334 822 1371 ll.
852 1332 915 1371 De
944 1332 1126 1371 doctrina
1159 1331 1301 1371 Christ.

183 1407 270 1444 cap.
293 1393 330 1431 3.
362 1391 494 1431 T.111.
513 1420 523 1437 ‚
566 1388 682 1426 rerba.
711 1392 812 1425 inter
841 1386 1020 1425 homines
1055 1384 1303 1423 obtinuerunt

183 1448 453 1498 principatum
482 1440 739 1494 significandi
770 1440 832 1491 (ιι)
852 1467 862 1478 .
901 1471 928 1488 ,‚
958 1440 1006 1479 Et
1036 1440 1146 1486 ideo,
1177 1439 1303 1477 subdit

243 1498 446 1548 Angelicus
463 1525 474 1542 ,
504 1495 551 1533 ad
582 1494 856 1545 perfectionem
873 1492 1156 1543 significationis
1171 1493 1305 1530 Sacra-

243 1549 418 1588 mentalis
447 1560 594 1586 necesse
624 1546 718 1593 fuit,
750 1555 789 1582 ut
817 1545 1045 1596 significatio
1074 1558 1202 1581 rerum
1224 1559 1306 1583 sen-

242 1603 418 1642 sibilium
447 1615 515 1654 per
544 1598 676 1651 aliqua
696 1597 814 1636 verba
829 1598 1164 1634 determinaretur.
1196 1597 1307 1648 Aqua

242 1658 347 1698 enim
392 1653 610 1706 significare
652 1651 832 1704 potest&
875 1649 1111 1689 ablutionem
1152 1659 1308 1700 *propter

242 1725 353 1749 suam
382 1709 653 1747 humiditatem
672 1736 682 1753 ,
713 1703 746 1740 ἃ
763 1704 1005 1756 refrigerium
1026 1710 1180 1754 propter
1199 1715 1309 1740 suam

241 1764 490 1816 frigiditatem
509 1789 519 1800 .
549 1760 623 1799 Sed
651 1773 740 1797 cum
761 1758 928 1804 dicitur,
959 1755 1048 1809 Ego
1076 1765 1115 1793 te
1143 1754 1309 1805 baptizo,

244 1818 530 1863 manifestatur,
559 1812 662 1865 quod
692 1826 791 1863 aqua
819 1812 965 1848 utimur
994 1809 1243 1860 inBaptismo
1262 1809 1311 1848 ad

243 1869 538 1922 significandam
569 1866 876 1904 emundationem
908 1862 1146 1915 spiritualem
1178 1862 1200 1877 ’'

241 1924 336 1962 310.
365 1923 439 1961 Sed
468 1930 595 1973 postea
613 1921 653 1957 in
673 1928 742 1956 art.
767 1933 803 1968 7.
834 1918 997 1964 evincit,
1028 1914 1125 1954 hanc
1147 1916 1310 1954 formam

186 1976 398 2017 verborum
426 1975 564 2014 debere
594 1987 670 2011 esse
701 1972 1044 2009 determinatam:
1087 1969 1120 2003 8(
1149 1970 1306 2020 quidem

187 2045 234 2070 ex
262 2044 306 2068 eo
323 2060 334 2079 ,
364 2059 389 2079 „
419 2029 520 2081 quod
537 2028 724 2065 Dominus
749 2025 1001 2063 determinata
1030 2022 1147 2061 verba
1177 2031 1307 2074 protu-

188 2115 216 2134 „
245 2083 290 2122 lit
317 2085 357 2122 in
385 2083 666 2121 consecratione
686 2075 1221 2124 SacramentiEucharistiae',
1250 2076 1307 2113 di-

186 2167 217 2187 „
246 2151 333 2176 cens
354 2136 493 2175 Mattli.
518 2133 665 2173 XXVI.
690 2132 753 2172 26.
785 2131 871 2169 Hoc
901 2139 957 2168 est
988 2143 1128 2182 corpus
1156 2143 1308 2168 meum.

188 2222 216 2240 „
244 2190 431 2229 Similiter
461 2190 574 2228 etiam
605 2187 799 2226 mandavit
826 2183 1046 2236 discipulis,
1077 2191 1117 2221 ut
1145 2183 1216 2220 sub
1244 2184 1308 2220 de-

190 2275 216 2294 „
243 2245 448 2281 terminata
477 2244 601 2280 forma
641 2240 848 2279 verborum
876 2239 1136 2290 baptizarent,
1180 2236 1310 2275 diceus

189 2327 216 2347 „
247 2296 386 2335 Matth.
417 2296 487 2334 ult.
514 2308 576 2347 ¹9·
623 2294 778 2331 Euntes
808 2291 945 2330 docete
974 2304 1113 2329 omnes
1141 2299 1280 2342 gentes
1298 2321 1308 2339 ,

190 2381 216 2400 υ
247 2350 493 2399 baptizantes
534 2361 602 2386 eos
631 2352 672 2385 in
714 2349 877 2384 ¹nomine
907 2345 1068 2392 Putris,
1115 2344 1163 2385 (θ’
1193 2342 1308 2392 Filii,

191 2433 219 2453 2,
247 2403 297 2442 (9‘
326 2403 492 2452 Spiritus
522 2401 664 2439 Sancti
693 2402 713 2417 ²³
733 2428 743 2439 .

245 2456 338 2494 311.
371 2456 486 2493 Addit
513 2455 646 2492 deinde
675 2453 774 2492 hanc
805 2454 988 2491 rationem
1007 2477 1016 2490 .
1047 2481 1073 2500 „
1103 2452 1147 2489 Iu
1176 2450 1310 2489 Sacra-

190 2539 221 2558 „
249 2508 388 2547 mentis
415 2507 535 2545 verba
562 2520 599 2543 se
628 2506 769 2544 habeut
797 2521 866 2559 per
886 2505 1044 2554 modurn
1065 2505 1225 2552 formae,
1255 2518 1313 2543 res

193 2592 218 2612 „
247 2570 377 2601 autem
407 2558 604 2600 sensibiles
633 2572 700 2611 per
720 2561 877 2598 modum
899 2560 1069 2599 inateriae
1087 2585 1097 2597 .
1124 2559 1171 2598 In
1191 2560 1314 2597 omni-

185 517 211 535 2>

185 570 212 588 Ἰ)

185 624 211 642 :9

184 677 211 695 Β)

184 731 212 749 :7

184 784 212 802 :⁷

186 837 214 856 ³¹>

185 1104 211 1121 f)

185 1529 211 1547 >²

185 1581 212 1600 9)

185 1635 212 1654 5³

185 1689 212 1707 ³)

187 1742 214 1761 92

185 1795 213 1815 ,ἱ

186 1849 215 1869 >a

187 1901 215 1922 72

242 2741 291 2775 (a)
317 2734 434 2769 Nimis
461 2732 608 2780 pulchra
634 2742 715 2767 sunt
753 2733 860 2767 verba
887 2733 920 2765 S.
947 2733 1138 2772 Doctoris,
1175 2743 1214 2767 ut
1240 2732 1322 2780 pro-

196 2792 318 2830 pterea
343 2782 462 2815 omitti
488 2793 555 2822 non
582 2780 753 2815 debeant:
783 2801 809 2820 2,
835 2780 1022 2824 Signorurn
1040 2801 1050 2819 ‚
1078 2780 1217 2823 inquit,
1242 2783 1322 2826 qui—

197 2851 225 2870 „
250 2829 314 2862 bus
342 2829 433 2861 inter
457 2840 493 2861 se
518 2827 677 2862 homines
705 2840 765 2860 sua
792 2839 892 2859 sensa
918 2826 1201 2864 communicant,
1227 2838 1322 2869 qua?-

196 2897 224 2916 ‚‚
249 2873 327 2907 dam
354 2875 531 2918 pertinent.
558 2873 600 2907 ad
619 2874 803 2908 oculorum
823 2884 962 2905 sensnm
978 2894 989 2912 ‚
1015 2873 1180 2916 Pleraque
1200 2871 1242 2904 ad
1261 2886 1322 2907 au-

195 2943 225 2962 3,
251 2921 367 2960 rium,
393 2921 606 2965 paucissima
631 2919 674 2952 ad
700 2929 832 2953 ceteros
860 2931 1004 2951 sensus.
1043 2918 1135 2951 Nam
1162 2929 1241 2950 cum
1269 2921 1323 2952 in-

198 2989 227 3009 „
250 2966 391 2999 nuimus
408 2988 419 3006 ,
444 2978 511 2999 non
538 2965 661 2999 (lamus
675 2967 814 3010 signum
831 2986 842 3005 ,
867 2965 934 2997 nisi
953 2965 1065 2998 oculis
1091 2963 1167 3007 ejus
1180 2971 1198 3003 ,⁴
1216 2976 1321 3008 quem

199 3036 227 3055 2,
250 3013 416 3044 volumus
442 3024 503 3056 per
528 3011 592 3045 hoc
619 3013 757 3055 signum
792 3011 985 3044 voluntatis
1017 3019 1144 3043 nostrae
1177 3011 1323 3053 partici-

202 3082 227 3100 ,‚
251 3069 329 3103 pem
356 3059 493 3092 facere.
524 3059 570 3091 Et
598 3057 740 3102 quidam
765 3066 861 3091 motu
890 3068 1058 3089 manuum
1084 3056 1249 3100 pleraque
1276 3058 1323 3090 si-

199 3128 226 3146 „
253 3104 418 3148 gnificant
435 3118 443 3134 τ
489 3107 520 3136 &
545 3103 731 3136 histriones
756 3104 913 3137 omnium
950 3102 1191 3136 membrorum
1218 3104 1324 3136 moti-

195 3171 228 3192 »υ
252 3152 318 3184 bus
343 3149 426 3183 dant
454 3151 553 3193 signa
590 3148 748 3193 quaedam
776 3149 966 3182 scientibus
986 3170 996 3189 ,
1040 3152 1072 3180 ὃς
1096 3160 1175 3180 curn
1211 3150 1322 3182 oculis

201 3220 228 3240 2,
254 3208 371 3229 eorum
399 3196 498 3241 quasi
523 3196 751 3235 sabulantuffi
778 3196 951 3227 &vexilla
967 3217 978 3236 ‚
1002 3193 1236 3238 draconesque
1256 3196 1323 3228 rni-

200 3266 229 3285 2,
254 3243 375 3277 litai-es
402 3254 463 3286 per
487 3243 607 3275 oculos
644 3243 823 3274 insinumt
849 3242 1066 3273 voluntatem
1092 3239 1245 3273 ducum:
1290 3245 1322 3273 δε

200 3312 229 3331 ,,
253 3298 335 3323 sunt
361 3288 434 3322 liaec
460 3289 578 3321 omnia
602 3289 700 3332 quasi
727 3286 886 3332 queetlam
910 3287 1017 3320 verba
1044 3287 1198 3319 visibilia
1215 3310 1222 3318 .
1266 3286 1322 3322 Ad

181 3331 230 3377 ⁴„
255 3347 356 3368 aures
382 3344 499 3368 autem
524 3347 599 3378 quae
617 3334 818 3378 pertinent,
844 3341 881 3365 ut
907 3332 979 3366 dixi
996 3355 1006 3373 ‚
1031 3333 1132 3375 plura
1158 3341 1258 3373 sunt,
1285 3335 1320 3366 in

204 3404 229 3422 2,
255 3382 370 3414 verbis
395 3382 569 3414 maxime.
608 3381 699 3414 Nam
727 3383 758 3412 &
783 3379 868 3412 tuba
885 3401 895 3420 ‚
922 3383 953 3411 ἀ
980 3380 1089 3419 tibia,
1114 3382 1144 3411 &
1171 3379 1319 3424 cythara

204 3450 228 3469 ς,
253 3427 336 3461 dant
363 3427 566 3472 plerumque
593 3439 661 3462 non
689 3427 801 3462 solum
814 3437 977 3466 suavem,
1003 3424 1062 3460 sed
1080 3426 1185 3461 etiam
1211 3426 1319 3471 signi-

1424 261 1495 299 bus
1525 270 1651 298 autern
1673 258 1889 311 compositis
1910 271 1953 297 cx
1972 259 2128 297 materia
2146 289 2155 307 ‚
2186 259 2220 296 &
2239 260 2361 300 forma
2381 261 2484 313 prin·

1423 316 1570 365 cipiuin
1600 312 1922 350 determinationis
1952 324 2003 350 est
2023 327 2066 350 ex
2089 322 2195 364 parte
2213 314 2369 361 somnae,
2400 329 2489 366 quae

1369 398 1395 417 ,‚
1426 377 1477 405 est
1506 366 1789 418 quodammodo
1817 366 1926 413 finis,
1957 366 1988 401 &
2019 368 2202 405 terminus
2231 369 2424 413 materiem
2454 368 2489 404 δε

1369 452 1397 470 ,‚
1428 422 1510 458 ideo
1541 418 1793 472 principalius
1822 421 2030 471 requiritur
2060 420 2107 457 ad
2137 435 2213 458 esse
2235 423 2289 459 rei
2310 422 2488 460 determi-

1371 505 1397 522 „
1428 484 1513 511 nata
1537 476 1656 510 forma
1675 503 1685 520 ,
1714 486 1830 524 quain
1852 474 2102 510 determinata
2122 475 2301 520 materia5
2331 476 2491 513 materia

1370 557 1396 576 „
1427 529 1529 564 enim
1559 527 1809 563 determinata
1824 527 2058 577 requiritur,
2089 535 2127 564 ut
2156 528 2200 564 sit
2229 530 2490 580 proportiona-

1372 611 1397 629 ‚,
1427 591 1462 618 ta
1491 580 1753 617 determinatae
1785 580 1920 616 formae
1939 605 1949 616 .
1995 580 2093 617 Cum
2132 582 2248 631 igitur
2286 583 2325 619 in
2355 582 2489 619 Sacra-

1371 664 1398 684 ,‚
1429 635 1561 672 mentis
1591 634 1834 683 requirantur
1874 633 2134 670 determinatae
2163 647 2223 671 res
2266 634 2487 683 sensibiles,

1371 717 1397 736 „
1427 700 1515 739 quae
1559 701 1595 724 se
1626 686 1766 723 liabent
1809 687 1847 723 in
1877 684 2130 723 Sacramentis
2172 688 2268 725 sicut
2305 689 2490 734 materia,

1371 770 1397 790 „
1427 741 1547 778 inulto
1577 742 1696 791 magis
1727 739 1935 792 requiritur
1964 739 2002 775 in
2033 740 2084 776 eis
2105 739 2352 779 determinata
2368 742 2492 779 forma

1371 823 1397 843 „
1428 795 1631 832 verborum
1663 792 1719 844 (3³)
1739 821 1749 831 .

1426 847 1517 886 512.
1549 846 1764 885 Difficultas
1794 847 2020 898 praecipua,
2051 859 2168 898 quam
2189 845 2264 884 sibi
2286 846 2493 899 Angelicus

1370 900 1504 951 objicit
1533 902 1579 938 de
1617 902 1787 938 materiae
1829 901 2169 947 determinatione,
2217 900 2305 938 inde
2346 903 2493 950 oritur,

1371 955 1471 1006 quod
1503 956 1540 992 in
1560 954 1816 992 Sacrarnentis
1845 954 1936 1005 legis
1957 962 2107 991 naturae
2139 967 2210 990 non
2242 954 2495 1005 requireban-

1369 1016 1432 1044 tur
1461 1008 1604 1059 aliquae
1635 1021 1693 1045 res
1722 1008 2004 1045 determinatae:
2049 1020 2136 1058 ergo
2165 1008 2342 1055 videtur,
2374 1007 2493 1045 multo

1371 1062 1497 1099 minus
1528 1062 1592 1098 has
1623 1075 1677 1098 res
1707 1061 1953 1098 determinari
1983 1060 2159 1098 debuisse
2180 1061 2220 1097 iu
2242 1059 2322 1112 lege
2337 1060 2493 1109 Christi,

1371 1127 1419 1151 ne
1449 1114 1597 1152 homini
1625 1113 1824 1152 difficilior
1853 1116 1916 1154 via
1945 1113 2074 1151 salutis
2105 1114 2308 1151 reddatur.

1427 1168 1517 1207 515.
1550 1168 1656 1205 Hanc
1685 1167 1951 1205 difficultatem
1981 1169 2033 1204 ita
2059 1166 2172 1205 solvit
2202 1167 2340 1204 Doctor
2371 1169 2493 1218 Aqui-

1370 1234 1435 1259 nas
1465 1220 1568 1259 laud.
1599 1229 1668 1258 art.
1693 1222 1729 1258 5.
1760 1221 1805 1258 ad
1828 1221 1865 1259 5.
1905 1221 2014 1257 Sicut
2044 1224 2083 1256 in
2113 1228 2221 1257 statu
2250 1220 2349 1272 legis
2378 1230 2497 1257 nutu-

1370 1287 1426 1311 roe
1454 1274 1632 1311 homines
1662 1274 1774 1311 nullu
1804 1275 1890 1326 lege
1932 1276 2110 1311 exterius
2139 1272 2270 1320 (lata,
2313 1272 2382 1311 sed
2411 1274 2492 1312 solo

1371 1332 1547 1365 interiori
1590 1331 1778 1365 instinctu
1808 1326 2065 1365 movebantur
2106 1325 2162 1363 ad
2190 1325 2323 1364 Deum
2364 1327 2497 1365 colen-

1371 1381 1496 1425 dum,-
1525 1386 1581 1418 tta
1611 1385 1737 1419 etiam
1767 1395 1820 1419 ex
1850 1385 2026 1418 interlori
2046 1384 2233 1417 instinctu
2248 1379 2497 1418 determina-

1371 1434 1486 1472 batur
1515 1440 1591 1482 eis,
1635 1434 1770 1485 quibus
1799 1435 1912 1472 rebus
1941 1433 2184 1472 sensibilibus
2225 1432 2280 1470 ad
2311 1432 2388 1470 Dei
2417 1434 2497 1471 cul-

1373 1497 1458 1525 tum
1488 1497 1717 1526 uterentur.
1757 1487 2016 1526 Postmodum
2045 1500 2133 1525 vero
2162 1499 2325 1525 necesse
2339 1485 2428 1537 suit
2457 1501 2497 1526 e-

1373 1547 1476 1579 tiam
1506 1539 1681 1580 exceiius
1710 1542 1839 1594 legem
1869 1541 1984 1589 clatri,
2013 1550 2097 1578 tum
2126 1549 2284 1590 propter
2312 1539 2497 1579 obscura-

1374 1599 1525 1632 tionem
1555 1596 1652 1646 legls
1681 1605 1841 1633 naturae
1870 1609 1923 1632 ex
1951 1598 2126 1645 peccatis
2156 1593 2382 1642 hominum,
2411 1603 2498 1632 tum

1377 1651 1502 1699 etiam
1545 1649 1600 1685 ad
1637 1653 1927 1698 expressiorem
1968 1648 2306 1700 significationem.
2347 1652 2498 1700 gratioe

1381 1698 1550 1746 Christi,
1597 1713 1665 1748 per
1693 1714 1815 1750 quam
1844 1700 2069 1737 humanum
2111 1713 2237 1751 genus
2264 1701 2500 1752 sanctifica-

1377 1761 1468 1790 tur.
1499 1751 1554 1789 Et
1581 1752 1668 1790 ideo
1696 1756 1822 1790 ctiam
1851 1767 2014 1791 necesse
2029 1752 2118 1805 fuit
2135 1782 2146 1800 ‚
2175 1765 2238 1790 res
2255 1751 2499 1791 determina-

1376 1809 1439 1854 ri,
1488 1804 1622 1856 quibus
1652 1805 1833 1844 homiues
1875 1815 2078 1844 uterentur
2121 1809 2162 1843 in
2191 1805 2499 1847 sacramentis.

1376 1858 1466 1897 Nec
1494 1869 1651 1910 propter
1679 1859 1749 1898 hoc
1778 1869 1961 1898 arctatur
1990 1863 2054 1898 via
2081 1860 2221 1897 salutis
2238 1889 2248 1907 ,
2284 1864 2379 1911 quia
2407 1874 2470 1898 res
2487 1891 2499 1909 ‚

1378 1926 1549 1962 quarum
1579 1926 1671 1950 usus
1700 1922 1758 1950 est
1787 1918 2038 1951 necessarius
2053 1916 2093 1950 in
2109 1913 2412 1960 Sacramentis,
2442 1914 2500 1952 vel

1377 1969 1645 2004 communiter
1673 1965 1866 2003 habentur
1883 1996 1894 2015 ,
1937 1967 1995 2006 vel
2021 1978 2143 2016 parvo
2171 1965 2298 2003 studio
2327 1965 2500 2006 adhibito

1376 2018 1510 2057 haberi
1537 2028 1700 2071 possunt
1717 2045 1729 2058 .

1431 2073 1523 2118 3124.
1552 2071 1700 2112 Similis
1730 2073 1894 2124 exsurgit
1909 2071 2114 2111 difficultas
2133 2079 2262 2111 contra
2283 2087 2393 2112 usum
2413 2088 2500 2114 ver-

1374 2126 1516 2165 borum
1546 2127 1585 2164 in
1605 2125 1887 2174 Sacramentis,
1917 2140 1981 2163 seu
2000 2125 2217 2177 formam,
2248 2129 2340 2179 quia
2371 2129 2410 2166 in
2432 2129 2500 2166 Sa-

1373 2181 1582 2218 -cramentis
1611 2181 1746 2216 veteris
1777 2179 1869 2229 legis
1890 2179 1996 2216 nulla
2012 2181 2278 2231 requirebatur
2295 2180 2500 2221 verborum

1377 2234 1529 2272 forma.
1568 2232 1633 2270 Sic
1663 2233 1761 2270 Gen.
1781 2232 1932 2270 XVIII.
1962 2232 2030 2271 ubi
2060 2234 2287 2272 describitur
2315 2235 2501 2273 institutio

1377 2286 1719 2333 circumcisionis,
1754 2285 1862 2323 nulla
1891 2286 2157 2338 praescribitur
2187 2287 2395 2326 verborum
2424 2290 2502 2327 sor-

1377 2355 1468 2381 ma.
1516 2340 1565 2378 Et
1595 2340 1737 2392 pariter
1765 2340 1804 2376 in
1835 2340 2084 2379 Sacramento
2113 2343 2199 2393 agni
2229 2340 2419 2393 paschalis
2450 2343 2501 2380 Ε-

1377 2395 1466 2433 xodi
1496 2394 1587 2432 Xll.
1635 2391 1731 2430 nihil
1778 2393 1952 2431 innuitur
1994 2395 2034 2432 in
2062 2396 2192 2433 verbis
2235 2396 2502 2447 proferendis,

1378 2461 1601 2500 quanquam
1630 2458 1760 2484 omnes
1789 2448 2029 2485 caeremoniae
2052 2458 2226 2486 accurate
2247 2450 2502 2500 praescriban-

1379 2511 1462 2540 tur.
1493 2502 1557 2540 Sic
1587 2501 1702 2538 etiam
1723 2499 1847 2538 Levit.
1870 2500 2000 2550 V111.,
2030 2500 2100 2538 ubi
2128 2501 2222 2540 ritus
2250 2504 2423 2541 statuitur
2444 2518 2502 2543 sa-

1375 2556 1548 2595 acerdotes
1576 2553 1843 2594 consecrandi.

1368 292 1394 311 Β)

1368 346 1394 364 ²2

2358 2607 2451 2648 515.

1386 2755 1418 2775 ·>›
1442 2733 1604 2768 ficantem
1630 2744 1753 2766 sonum
1770 2755 1778 2764 .
1811 2730 1876 2765 sed
1901 2730 1976 2765 haec
2001 2730 2117 2764 omnia
2142 2729 2241 2774 signa
2267 2729 2383 2763 verbis
2409 2741 2508 2764 com-

1391 2802 1417 2821 „
1444 2790 1565 2824 parata
1592 2780 1804 2824 paucissima
1830 2786 1937 2813 sunt.
1979 2778 2096 2811 Verba
2129 2778 2220 2809 enim
2247 2788 2388 2821 prorsus
2417 2777 2507 2809 inter

1389 2847 1416 2866 ‚‚
1442 2826 1602 2860 homines
1627 2826 1856 2858 obtinuerunt
1894 2825 2132 2869 principatum
2170 2822 2386 2867 significandi
2412 2835 2508 2867 quae-

1390 2893 1416 2912 „
1443 2884 1591 2917 cumque
1619 2872 1735 2904 animo
1760 2871 2033 2916 concipiuntur,
2076 2870 2105 2903 si
2131 2882 2170 2904 ea
2202 2870 2348 2915 quisque
2385 2869 2509 2914 prode-

1390 2939 1416 2958 2,
1443 2930 1478 2950 re
1504 2919 1587 2950 velit
1609 2940 1617 2949 .

1441 2966 1488 3003 (b)
1518 2965 1573 2998 En
1593 2962 1764 3008 quomodo
1779 2963 1967 3007 Angelicus
1989 2964 2146 2996 insanam
2175 2963 2321 2996 Lutheri
2347 2963 2507 2997 haeresim

1390 3011 1504 3043 multo
1528 3019 1629 3043 antea
1655 3010 1916 3043 coul'utaverat.
1945 3011 2010 3044 Hic
2036 3011 2163 3055 qnippe
2182 3009 2394 3043 Haeresiarcn
2422 3021 2506 3042 con-

1391 3064 1553 3088 sentanee
1580 3055 1622 3088 ad
1647 3068 1749 3089 suum
1787 3057 1970 3101 capitalem
2003 3069 2180 3097 errorem,
2221 3056 2507 3101 justificationem

1391 3114 1459 3135 non
1486 3114 1558 3136 esse
1585 3115 1603 3134 a
1630 3103 1934 3136 sacramentorum
1959 3104 2110 3137 efficacia
2136 3100 2357 3148 repetendam
2374 3123 2384 3141 ‚
2412 3102 2469 3133 scil
2490 3116 2509 3135 a

1392 3147 1458 3181 fide
1475 3169 1485 3188 ,
1512 3161 1589 3192 quae
1617 3149 1661 3181 ab
1687 3149 1735 3182 eis
1763 3151 1795 3182 in
1821 3149 1961 3182 homine
1988 3151 2186 3189 excitatur,
2212 3149 2242 3178 in
2272 3147 2349 3180 Lib.
2379 3147 2432 3180 De
2451 3161 2510 3182 ca-

1390 3198 1474 3237 ptiv.
1501 3194 1720 3240 Babylonica
1734 3218 1744 3236 ‚
1769 3194 1887 3229 (locuit
1901 3217 1912 3237 ,
1938 3208 2038 3241 posse
2059 3196 2186 3230 formas
2200 3193 2510 3228 Sacrainentorum

1391 3242 1546 3282 mutari,
1589 3242 1665 3274 aliis
1692 3242 1891 3275 substitutis
1930 3243 2045 3276 verbis
2072 3239 2113 3274 ad
2139 3237 2294 3272 eamdem
2322 3239 2422 3273 iidem
2449 3254 2509 3274 su-

1390 3287 1585 3321 scitand.un
1613 3287 1764 3320 idoneis.
1796 3289 1962 3323 Poenituit
1988 3286 2128 3332 quidem
2154 3297 2231 3318 eum
2258 3295 2375 3331 postea
2403 3287 2508 3332 liujus

1389 3331 1554 3366 doctrinae
1573 3355 1582 3374 ‚
1608 3333 1834 3381 eamdemque
1861 3333 2066 3371 revocavit;
2092 3330 2150 3365 sed
2176 3331 2254 3376 jure
2276 3334 2339 3367 fuit
2356 3347 2372 3368 a
2389 3335 2509 3368 Zwin-

1388 3380 1482 3422 glio,
1508 3381 1676 3423 Brentio,
1716 3381 1862 3427 aliisque
1889 3379 2132 3416 inconstantiae
2159 3381 2191 3412 &
2216 3379 2509 3427 inconsequentiae

1389 3435 1570 3466 eeeusatus
1590 3450 1599 3458 .
