2605 3624
760 178 841 224 DE
875 178 1260 224 ATTRITIONE
1296 176 1729 222 FortittuoLOSA
1750 208 1761 220 .

105 274 304 306 eramento
331 265 459 305 minus
487 267 632 300 remota
660 259 735 308 sit,
764 274 883 313 quam
904 259 1060 312 quando
1088 260 1230 298 attritio

102 321 319 372 concipitur
345 325 449 355 extra
477 314 769 354 Sacramentum
787 341 798 352 .
844 315 939 353 Haec
967 322 1094 352 autem
1125 314 1230 351 attri-

100 376 155 412 tio
181 372 266 412 fieri
296 378 413 424 potest
440 369 639 422 dispositio
667 370 843 421 proxima
861 399 872 417 ,
910 369 942 407 si
971 381 1060 406 cum
1092 366 1231 406 initiali

101 426 232 480 aliquo
259 437 390 463 amore
418 423 696 476 conjungatur,
727 431 766 461 ut
798 431 926 474 postea
955 421 1203 461 videbimus.

159 477 247 530 189.
278 479 368 517 11131.
396 481 552 530 primo.
586 476 714 515 Verba
729 477 868 515 decreti
887 477 1080 514 reformati
1110 476 1156 513 de
1175 485 1231 515 at-

98 533 250 571 tritione
280 530 365 570 haec
394 540 505 570 sunt:
542 530 598 568 Et
627 534 813 582 quamvis
841 534 929 568 sine
958 530 1230 569 Sacramento

100 586 350 624 Poenitenti'ae
389 599 460 639 per
487 599 529 623 se
559 584 614 623 ιι]
637 584 973 638 justificationem
1014 583 1230 633 perducere

99 647 353 692 peccatorem
383 648 556 691 nequeat
574 670 584 688 ,
633 648 776 677 tamen
819 652 911 677 eum
941 638 998 676 ad
1027 638 1103 676 1)οἱ
1132 653 1228 691 gra·

98 697 201 732 tiam
242 697 284 731 in
314 693 586 732 Sacramenta
630 693 881 731 Poenitentiae
924 693 1227 743 impetrandam

99 746 299 797 disponit.
347 748 406 786 Ex
437 758 510 786 toto
551 756 678 787 autem
720 756 895 785 contextu
925 748 979 786 sic
1021 747 1232 786 adversarii

98 801 294 841 subtiliter
322 802 531 854 colligunt:
562 804 600 840 in
631 802 750 853 priori
782 800 985 849 membro,
1016 814 1105 839 cum
1135 802 1232 839 dici-

100 864 189 904 tur,
219 857 450 895 attritionem
480 869 557 894 non
588 868 692 907 posse
720 855 801 892 sine
829 854 1076 892 Sacramento
1104 855 1150 892 ad
1172 855 1234 906 ju-

99 908 364 949 stificationem
394 910 631 961 perducere,
662 908 763 946 idem
794 917 873 956 est,
918 923 962 946 ac
992 909 1021 946 si
1051 909 1200 946 dicatur
1221 939 1233 958 ,

100 976 175 1002 non
204 977 282 1003 esse
310 964 593 1016 dispositionem
623 965 887 1012 proximam:
917 975 1005 1011 ergo
1034 962 1083 1000 ab
1113 975 1231 1015 oppo-

100 1018 199 1064 3110,
245 1018 402 1070 quando
428 1015 631 1062 subditur,
681 1015 855 1052 eamdem
886 1016 931 1053 ad
962 1016 1036 1053 Dei
1065 1019 1230 1068 gratiam

100 1071 142 1108 in
162 1070 407 1108 Sacramento
423 1069 663 1108 l'oenitentiae
696 1069 975 1120 impetrandam
998 1069 1230 1120 disponere,

98 1123 204 1162 idem
233 1131 313 1172 est,
343 1137 386 1162 ac
416 1124 446 1162 si
476 1124 650 1171 dicatur,
682 1123 806 1174 ipsam
837 1136 914 1161 esse
943 1124 1230 1176 dispositionem

101 1189 365 1229 proximam.

159 1243 248 1282 ¹90.
280 1230 392 1284 Resp.
409 1260 421 1279 ‚
451 1243 537 1283 neg.
558 1243 685 1270 cons.:
714 1244 807 1269 nam
830 1231 859 1268 si
883 1229 964 1268 haec
984 1230 1056 1269 fuit
1073 1230 1229 1269 Patrum

101 1282 213 1323 Trid.
242 1299 348 1323 mens
366 1316 376 1334 ,
406 1299 520 1324 eccur
549 1286 588 1323 in
618 1285 783 1323 secundo
812 1285 1080 1336 propositionis
1110 1299 1232 1323 mem-

98 1336 172 1376 bro
200 1351 276 1378 non
319 1340 557 1378 retinuerunt
588 1339 749 1377 verbum
792 1337 1033 1388 perducere,
1081 1352 1160 1392 quo
1190 1340 1231 1378 in

98 1393 228 1443 primo
258 1394 314 1431 usi
344 1402 478 1441 erant,
526 1403 566 1431 ut
595 1405 735 1445 nempe
761 1392 955 1441 dicerent,
999 1394 1234 1431 attritionem

98 1446 142 1482 in
171 1445 419 1485 sacramento
447 1447 661 1495 perducere
689 1446 936 1498 poenitentem
966 1445 1013 1484 ad
1044 1446 1118 1484 Dei
1147 1460 1234 1499 gra-

98 1499 194 1537 tiam
224 1499 537 1551 impetrandam?
565 1502 643 1539 Cur
671 1501 772 1537 enim
794 1513 870 1539 non
893 1501 1130 1539 retinuerunt
1148 1514 1231 1538 ver-

97 1550 194 1590 bum
224 1553 434 1603 sufficere,
464 1567 541 1607 quo
568 1555 765 1606 dispositio
783 1558 975 1604 proxima
1004 1554 1145 1593 melius
1167 1568 1230 1592 ex-

95 1606 369 1658 primebatur?
426 1609 522 1648 Haec
551 1618 678 1647 autem
708 1610 869 1646 mutatio
898 1621 974 1646 non
1004 1621 1092 1646 casu
1116 1639 1127 1657 ,
1166 1609 1231 1646 sed

98 1660 270 1700 consulto
298 1662 398 1702 facta
425 1671 506 1712 est,
536 1677 584 1701 ne
613 1664 882 1702 controversiae
903 1661 1229 1700 Scholasticorum

97 1715 402 1767 attingerentur.
431 1716 541 1755 Nihil
573 1730 661 1768 ergo
682 1715 811 1754 valent
830 1714 1013 1763 subtiles,
1044 1716 1077 1752 8<
1106 1729 1232 1767 gram-

98 1768 296 1807 maticales
325 1770 512 1821 argutiae,
552 1783 646 1822 quae
677 1769 792 1806 unico
822 1768 915 1806 ssatu
943 1768 1200 1820 dispelluntur
1220 1799 1232 1818 ,

96 1821 288 1871 dicende,
317 1824 549 1862 attritionem
578 1836 624 1861 ex
654 1822 957 1861 consideratione
985 1823 1233 1875 turpitudinis

97 1876 272 1926 peccati,
304 1876 363 1914 vel
394 1889 438 1914 ex
469 1885 573 1915 metu
593 1876 778 1928 gehennae
809 1886 1032 1926 conceptam
1051 1906 1061 1925 ,
1093 1891 1169 1914 esse
1190 1880 1231 1913 in

96 1939 140 1964 se
168 1927 344 1978 bonam,
387 1944 466 1969 esse
495 1930 643 1969 donum
673 1929 780 1977 Dei,
822 1929 872 1969 <9⁶
902 1929 1068 1979 Spiritus
1098 1934 1231 1968 sancti

95 1982 310 2032 impulsum
329 1999 344 2029 ,-
390 1984 549 2023 demum
591 1983 648 2022 ad
688 1981 988 2034 impetrandum
1018 1982 1096 2021 Dei
1134 1997 1231 2036 gra-

94 2037 198 2072 tiam
219 2035 455 2088 disponere,
484 2045 705 2077 nontamen
722 2037 930 2085 sufficere.
961 2037 1072 2085 Quod
1102 2039 1132 2074 si
1157 2037 1229 2075 hu-

93 2086 262 2140 jusmodi
291 2090 566 2130 subtilitatibus
587 2092 865 2144 indulgendum
895 2099 1016 2138 esset,
1045 2090 1139 2143 quid
1157 2092 1231 2128 im-

93 2142 242 2194 pediret
269 2157 358 2182 cum
387 2144 587 2198 aliquibus
616 2154 772 2193 notare,
820 2155 896 2182 non
926 2144 1043 2182 fuisse
1080 2144 1229 2183 dictum

93 2195 142 2233 de
169 2199 387 2236 attritione:
415 2198 465 2236 In
493 2199 766 2237 Sacramento
796 2206 933 2235 autem
962 2197 1018 2235 ad
1045 2202 1229 2250 gratiam

94 2247 175 2287 Dei
203 2251 508 2302 impetrandam
528 2251 698 2302 disponit
713 2283 725 2301 ,
754 2252 817 2290 sed
839 2253 963 2303 potins
979 2281 990 2298 ,
1020 2252 1122 2302 quod
1145 2266 1228 2304 poe-

93 2303 283 2341 nitentem
312 2303 369 2342 ad
397 2304 475 2343 Dei
501 2309 682 2358 gratiam
726 2310 767 2342 in
795 2303 1066 2341 Sacramento
1103 2307 1227 2355 impe-

94 2355 293 2395 trandam
321 2356 492 2410 disponit
508 2357 533 2394 ?
559 2358 662 2411 quod
683 2357 925 2411 aliquatenus
952 2358 1149 2395 diversum
1170 2359 1228 2396 vi-

95 2409 235 2450 detur.
290 2410 366 2450 Sed
395 2413 436 2451 in
466 2425 507 2450 re
535 2420 614 2450 tam
653 2413 855 2451 manifesta
898 2424 1227 2462 supervacaneum

93 2476 249 2516 prorsus
277 2474 331 2504 est
359 2466 407 2504 ad
436 2465 505 2504 has
533 2465 759 2504 subtilitates
791 2465 999 2515 confugere
1018 2465 1084 2515 (a)
1104 2491 1114 2502 .

155 2530 246 2571 191.
274 2519 366 2559 11131.
395 2517 598 2557 secundo.
626 2520 670 2557 In
683 2520 833 2557 decreto
850 2519 954 2570 prius
969 2528 1148 2570 concepto
1170 2519 1228 2557 in·

96 2571 348 2612 veniebantur
378 2572 464 2612 haec
495 2573 637 2613 verba:
666 2586 758 2610 cum
779 2577 866 2612 sine
894 2572 1027 2622 aliquo
1056 2571 1227 2610 dilectio—

95 2626 161 2661 nis
189 2635 300 2664 motu
329 2630 345 2678 (
374 2628 516 2676 attritio
544 2627 562 2676 )
591 2630 659 2664 vix
687 2640 775 2666 esse
802 2632 923 2679 queat
938 2640 954 2671 ;
983 2640 1071 2679 quae
1103 2637 1228 2678 postea

95 2677 138 2715 iu
165 2677 298 2717 eodem
327 2680 477 2718 decreto
516 2679 638 2718 deleta
665 2690 780 2730 sunt,
829 2694 903 2719 non
933 2679 1010 2718 alia
1052 2690 1152 2718 certe
1181 2682 1229 2718 de

98 2743 213 2768 causa
231 2762 243 2780 ,
272 2732 347 2770 nisi
377 2741 418 2772 ut
445 2741 658 2782 constaret,
686 2736 921 2775 attritionem
949 2735 1030 2773 sine
1060 2733 1141 2773 ulla
1170 2735 1229 2773 di·

97 2782 260 2824 lectione
289 2799 366 2824 esse
396 2799 531 2839 posse.
836 2828 841 2829 ⁷

159 2850 248 2891 192.
280 2837 417 2892 Resp.,
448 2840 586 2879 merito
613 2839 700 2879 haec
729 2841 847 2880 verba
866 2841 982 2880 fuisse
1010 2852 1197 2895 expuncta
1216 2874 1228 2892 ‚

100 2893 413 2946 quandoquidem
430 2893 671 2946 agebaturde
685 2896 895 2942 attritione,
923 2908 1011 2946 quae
1029 2909 1105 2934 non
1123 2896 1230 2945 suffi-

100 2951 174 2997 cit,
195 2947 258 2986 sed
273 2947 398 2986 solum
410 2948 574 3001 disponit
590 2948 637 2986 ad
652 2948 943 2987 Sacramentum
960 2952 1200 3000 poeixitentiae
1220 2977 1230 2989 .

160 3001 248 3053 193.
280 3002 370 3039 lnst.
399 3005 543 3039 tertio.
572 3002 795 3041 Concilium
815 3004 1144 3054 comparationem
1176 3006 1232 3041 in-

97 3055 216 3095 stituit
234 3056 329 3093 inter
341 3057 604 3094 contritionem
626 3055 811 3094 charitate
831 3059 1043 3107 perfectam
1066 3059 1146 3095 sine
1161 3057 1229 3096 Sa-

98 3118 295 3149 eramento
306 3139 318 3158 ,
347 3109 382 3146 8t
397 3109 627 3149 attritionem
640 3123 715 3148 una
729 3123 819 3147 cum
831 3109 1103 3156 Sacrament03
1122 3112 1229 3162 atqui

144 3248 197 3287 (a)
220 3248 339 3294 Aliqui
367 3248 534 3293 Theologi
551 3270 562 3289 ,
584 3256 624 3281 nt
649 3246 731 3280 huic
756 3245 906 3291 palmari
933 3245 1225 3281 Adversariorum

101 3291 289 3338 objectioni
310 3296 553 3335 satisfaciant,
580 3302 707 3339 negant
733 3293 899 3333 omnino,
926 3293 1044 3326 Patres
1061 3291 1161 3326 Trid.
1189 3294 1225 3327 in

98 3352 141 3375 eo
165 3339 307 3374 decreto
330 3343 423 3387 loqui
450 3340 491 3374 de·
519 3342 696 3374 attritione
737 3352 826 3372 mere
852 3340 995 3372 servili.
1048 3341 1116 3373 Alii
1145 3351 1226 3374 vere

101 3387 287 3422 nobiscum
313 3386 461 3429 dicunt,
488 3389 551 3421 1100
577 3389 683 3421 etiam
710 3387 887 3426 admisso,
914 3399 980 3419 non
1007 3395 1124 3419 autem
1151 3386 1226 3431 ple—

101 3444 147 3469 ne
171 3445 335 3470 concesso
348 3456 361 3477 ‚
385 3435 485 3472 illam
509 3435 728 3472 attritionem
745 3435 930 3479 disponere
948 3432 1091 3480 quidem
1117 3446 1226 3468 remo-

2286 180 2368 219 123

1298 256 1426 311 prima
1447 257 1588 295 suflicit
1609 258 1655 295 ad
1673 254 2008 307 justificationvn1;
2038 267 2127 307 ergo
2146 253 2261 292 etiam
2284 254 2404 295 altera
2421 284 2432 296 .

1360 311 1446 363 ¹94·
1482 311 1595 363 Resp.
1618 311 1656 348 in
1672 323 1715 347 eo
1731 311 1840 347 sitam
1857 322 1935 346 esse
1950 310 2299 361 comparationem,
2327 312 2432 361 qnod

1298 366 1474 404 contritio
1489 364 1675 402 charitate
1692 365 1860 415 perfecta
1889 371 1975 399 ante
1995 361 2288 401 Sacramentum
2319 363 2428 412 suffi-

1297 425 1351 456 ci't
1388 419 1436 458 ad
1465 417 1781 470 justificationem
1803 430 1816 462 ;
1863 416 2004 454 attritio
2034 427 2122 453 vero
2150 429 2225 454 non
2254 415 2432 467 sufficit,

1297 473 1362 512 sed
1391 472 1561 523 disponit
1581 498 1593 510 .

1358 528 1447 579 195.
1479 526 1568 564 11131.
1597 533 1766 577 quarto.
1798 521 1986 563 Lutherus
2007 520 2224 570 asserebat,
2254 523 2299 560 ad
2320 522 2430 574 justi..

1297 579 1515 619 ficationem
1558 580 1810 618 necessariam
1841 591 1918 614 esse
1947 577 2212 614 contritionem
2249 575 2432 616 charitate

1297 634 1506 686 perfectam
1524 663 1536 682 ,
1567 633 1788 672 nullatenus
1805 643 1894 669 vero
1910 629 2114 682 justificari
2131 641 2190 666 eos
2206 657 2217 676 ,
2247 630 2313 681 qui
2336 644 2426 669 cum

1300 687 1378 726 sola
1408 689 1597 726 attritione
1626 686 1756 725 servili
1787 685 1834 724 ad
1872 684 2108 737 poenitentiae
2139 682 2432 723 Sacramentum

1300 742 1507 780 accedunt:
1552 754 1640 793 ergo
1668 748 1793 779 sancta
1822 738 2002 791 Synodus
2032 745 2071 774 111
2101 735 2262 774 Lutheri
2291 736 2433 775 doctri-

1301 808 1393 834 nam
1422 796 1648 843 damnaret,
1676 793 1839 834 definire
1853 791 1986 830 debuit
2013 791 2231 843 oppositum
2249 820 2260 839 ‚
2289 803 2432 843 nempe

1302 851 1534 889 attritionem
1577 847 1755 888 servilem
1784 846 1833 885 ad
1875 844 2190 898 justificationem
2228 845 2269 883 in
2298 844 2435 884 Sacra-

1301 914 1430 944 mento
1458 903 1660 942 sufficere.

1361 957 1449 1010 196.
1481 955 1593 1010 Resp.
1611 988 1622 1006 ,
1652 955 1865 996 Lutherum
1887 966 1963 991 11011
1982 951 2107 991 30111111
2123 953 2347 1002 asseruisse,
2378 961 2432 992 at-

1299 1012 1490 1050 tritionem
1521 1011 1700 1051 servilem
1721 1010 1769 1048 ad
1798 1008 2106 1060 justificationem
2130 1008 2293 1045 minime
2323 1006 2432 1046 suffi-

1300 1078 1385 1102 cere
1416 1068 1430 1117 (
1462 1067 1500 1104 in
1520 1080 1597 1118 qua
1625 1065 1828 1102 assertione
1858 1077 1880 1099 a
1900 1060 2107 1099 Catholicis
2136 1074 2212 1099 11011
2233 1060 2425 1114 discrepa-

1299 1117 1364 1156 bat
1395 1120 1409 1167 )
1440 1119 1503 1157 sed
1536 1119 1695 1157 ulterius
1725 1116 1936 1163 addidisse,
1974 1114 2162 1152 attritione
2192 1114 2277 1153 fieri
2307 1113 2433 1154 homi-

1300 1184 1388 1210 110111
1420 1171 1663 1224 hypocritam
1681 1202 1692 1219 ,
1722 1169 1757 1207 8<
1786 1170 1908 1220 magis
1928 1176 2195 1219 peccatorem:
2224 1169 2430 1220 qui‘error

1300 1227 1438 1263 merito
1467 1227 1670 1263 damnatus
1699 1223 1799 1271 fuit,
1830 1236 1918 1260 cum
1939 1223 2020 1272 ipsa
2049 1222 2189 1258 attritio
2218 1225 2262 1259 sit
2278 1220 2430 1260 donum

1300 1277 1409 1327 Dei,
1456 1279 1506 1319 (9⁶
1535 1278 1702 1328 Spiritus
1745 1279 1878 1314 sancti
1921 1275 2141 1323 impulsus,
2188 1287 2271 1311 non
2301 1274 2433 1312 adhuc

1301 1333 1460 1384 quidem
1489 1331 1778 1378 inhabitantis,
1807 1328 1877 1367 sed
1906 1336 2067 1364 tantum
2097 1332 2289 1366 moventis
2310 1358 2320 1376 ‚
2357 1342 2434 1379 quo

1300 1390 1496 1438 poenitens
1523 1386 1690 1439 adjutus
1718 1388 1826 1421 viam
1854 1381 1926 1420 sibi
1955 1380 2010 1419 ad
2031 1383 2237 1434 justitiam
2277 1392 2400 1434 parat
2420 1413 2433 1435 ,

1302 1449 1344 1479 ut
1374 1441 1647 1479 Tridentinmn
1678 1438 1849 1490 loquitur
1871 1463 1882 1475 .

1360 1508 1448 1547 ¹97·
1478 1495 1572 1532 Inst.
1602 1497 1760 1544 quinto.
1819 1490 1974 1529 Attritio
2015 1488 2166 1527 servilis
2207 1503 2230 1527 a
2257 1488 2435 1528 Concilio

1300 1559 1459 1587 vocatur
1488 1543 1957 1596 contritioinzperjecta;
1987 1555 2075 1593 ergo
2104 1543 2433 1595 quemadmodum

1300 1603 1472 1640 contritio
1500 1602 1683 1653 perfecta
1711 1598 1852 1637 sufficit
1881 1599 1961 1645 sine
1981 1597 2253 1645 Sacrameut0‚
2285 1598 2336 1635 ita
2357 1598 2434 1636 im-

1302 1657 1470 1709 perfecta
1498 1655 1663 1693 sufficiet
1693 1667 1782 1691 cum
1812 1651 2089 1690 Sacramenw.

1362 1710 1451 1763 198.
1483 1708 1596 1761 Hesp.
1626 1722 1710 1759 neg.
1740 1719 1844 1745 cons.
1862 1735 1873 1753 ,
1914 1705 2007 1757 quia
2035 1716 2112 1741 nou
2141 1703 2264 1741 solum
2294 1704 2434 1742 Conci-

1301 1763 1400 1802 lium
1431 1765 1659 1801 attritionem
1692 1761 1786 1798 dixit
1817 1772 1894 1797 esse
1935 1760 2214 1796 contritionem
2243 1759 2433 1810 imperse-

1303 1826 1443 1866 ctam,
1490 1817 1554 1856 sed
1584 1816 1758 1861 addidit,
1808 1827 1891 1851 eam
1921 1824 2003 1849 non
2030 1824 2145 1861 posse
2173 1821 2432 1860 peccatorem.

1298 1870 1515 1922 perducere
1543 1869 1600 1908 ad
1613 1868 1947 1922 justificationem
1967 1896 1978 1914 ,
2009 1869 2116 1902 riam
2146 1865 2201 1903 ad
2225 1866 2430 1917 justitiam

1298 1938 1476 1975 parare,
1525 1933 1639 1975 atque
1668 1921 1723 1961 ad
1751 1924 1935 1974 gratiam
1965 1917 2271 1969 impetrandam
2301 1918 2431 1971 dispo-

1299 1992 1424 2026 nere,
1455 1992 1530 2016 non
1562 1977 1768 2025 sufficere.

1359 2045 1448 2085 ¹99·
1480 2033 1621 2070 Instant
1650 2038 1881 2081 postremo.
1916 2027 1959 2066 Si
1990 2026 2199 2065 concilium
2230 2040 2305 2065 11011
2334 2025 2430 2065 defi-

1298 2087 1422 2134 nivit,
1471 2087 1704 2124 attritionem
1749 2083 1927 2121 servilem
1958 2080 2135 2119 sufficere
2174 2095 2263 2119 cum
2294 2081 2432 2119 Sacra-

1297 2149 1428 2178 mento
1456 2140 1503 2178 ad
1548 2141 1809 2177 remissionem
1840 2144 2113 2189 peccatorum,
2163 2147 2227 2174 nos
2271 2137 2432 2173 mininie

1297 2194 1453 2242 docuit,
1485 2195 1645 2246 quinam
1674 2192 1784 2231 dolor
1803 2191 2043 2229 contritionis
2072 2189 2333 2239 imperfectae,
2364 2202 2430 2226 3011

1296 2249 1528 2294 attritionis,
1574 2261 1650 2285 una
1679 2260 1769 2285 cuin
1799 2244 2047 2282 Sacramento
2075 2241 2254 2292 justificet
2274 2271 2284 2288 ,
2327 2242 2431 2293 quod

1296 2312 1399 2339 certe
1429 2302 1559 2339 suisset
1588 2314 1632 2336 eo
1661 2299 1939 2351 sapientissimo
1981 2309 2160 2332 consessu
2190 2296 2428 2346 iudignmn3

1296 2368 1417 2406 eoque
1448 2356 1568 2406 magis
1584 2383 1594 2401 ‚
1625 2355 1726 2405 quod
1750 2352 1857 2389 initio
1876 2350 1973 2387 sess.
1990 2347 2098 2385 XtV.
2129 2350 2353 2386 sanctissimi
2376 2347 2424 2385 il-

1294 2407 1322 2446 11
1354 2409 1480 2446 Patres
1511 2409 1797 2460 promiserant,
1846 2403 1944 2442 velle
1973 2417 2010 2439 se
2047 2406 2297 2440 exactiorem
2317 2432 2328 2448 ‚
2375 2401 2427 2442 όν

1294 2463 1512 2512 pleniorem
1555 2460 1604 2498 de
1640 2463 1882 2512 peonitentiae
1913 2457 2184 2494 Sacramenta
2224 2455 2424 2508 definitio-

1296 2529 1391 2553 nem
1422 2515 1588 2562 tradere,
1633 2529 1749 2566 quam
1780 2523 1890 2551 antea
1921 2512 2077 2548 fecerint
2107 2513 2147 2548 iu
2175 2510 2340 2549 Decreto
2366 2508 2429 2562 ju·

1297 2569 1536 2608 stificationis
1566 2570 1666 2606 Sess.
1691 2568 1757 2604 vi.

1354 2636 1445 2661 200.
1479 2621 1590 2674 R'esp.
1607 2652 1618 2670 ,
1647 2620 1862 2660 Concilium
1884 2619 2186 2667 determinasse,
2216 2616 2429 2655 00111νὶ110-

1296 2690 1392 2716 nem
1422 2676 1595 2714 obtinere
1626 2677 1796 2728 primum
1817 2674 1944 2712 locum
1977 2674 2071 2710 inter
2099 2681 2202 2710 actus
2232 2673 2426 2723 poeniten-

1297 2734 1344 2770 tis
1361 2762 1370 2779 ,
1401 2732 1467 2782 qni
1498 2739 1580 2769 sunt
1600 2733 1714 2781 quasi
1732 2732 1907 2765 materia
1929 2726 2043 2777 hujus
2058 2726 2291 2764 Sacramenti
2306 2751 2316 2762 .
2347 2725 2426 2763 Ad-

1296 2787 1352 2825 dit
1383 2794 1533 2837 postea,
1564 2783 1660 2822 hanc
1676 2784 1937 2821 contritionem
1960 2779 2205 2830 aliquando,
2238 2793 2427 2818 1101130111-

1297 2853 1394 2893 per,
1424 2853 1501 2876 esse
1531 2837 1728 2876 charitate
1756 2835 1980 2888 perfectam
2000 2865 2010 2881 ‚
2041 2833 2320 2883 hominemque
2335 2833 2425 2871 Deo

1302 2894 1588 2941 reconciliare,
1622 2896 1855 2942 priusquam
1886 2888 1956 2926 boc
1987 2889 2302 2926 Sacramentum
2333 2896 2428 2926 actii

1300 2951 1539 2997 suscipiatur
1556 2974 1566 2985 .
1597 2947 1696 2984 Hine
1717 2945 1816 2982 bene
1846 2945 1988 2982 notavit
2009 2941 2202 2980 melchior
2217 2943 2342 2979 Canus
2363 2954 2426 2978 su-

1300 3015 1371 3054 pra
1392 3000 1495 3039 laud.
1526 3016 1562 3039 n.
1590 3013 1679 3052 177.
1701 3030 1712 3048 ,
1746 2998 2029 3036 Contritionem
2052 3010 2130 3034 esse
2159 3006 2314 3034 certam
2334 3026 2343 3042 ‚
2373 2994 2422 3034 ὅ)

1300 3053 1568 3094 indubitatam
1611 3057 1832 3092 materiam
1874 3052 2112 3091 Sacramenti
2160 3051 2424 3103 poenitenn'ae,

1299 3118 1409 3162 prout
1438 3111 1553 3148 etiam
1589 3108 1850 3148 declaraverat
1877 3104 2099 3146 Concilium
2128 3104 2390 3144 Florentinum
2407 3128 2420 3149 ‚

2265 3169 2369 3196 com·

1294 3255 1354 3287 te,
1379 3259 1447 3283 non
1474 3257 1591 3284 autem
1616 3251 1771 3292 proxime
1787 3268 1797 3287 ,
1824 3258 1888 3281 nec
1915 3247 2145 3289 sufficienter·
2189 3239 2335 3283 Utraque
2362 3249 2418 3271 re-

1293 3299 1431 3338 sponsio
1445 3317 1457 3337 ,
1483 3297 1598 3342 inquit
1611 3296 1737 3329 Juenin
1753 3316 1764 3335 ,
1790 3307 1851 3338 qua
1875 3305 2016 3337 prorsus
2036 3287 2416 3340 enervatnr'hercnleum

1292 3342 1564 3376 adversariorum
1587 3350 1816 3386 argumentum
1832 3362 1843 3381 ‚
1880 3343 2004 3372 nititur
2026 3337 2246 3377 gravissimis
2272 3343 2415 3364 momen-

1293 3391 1367 3430 tis,
1390 3399 1468 3434 quae
1494 3387 1655 3424 eruditus
1681 3395 1804 3423 auctor
1829 3385 1961 3420 ibidem
1985 3380 2085 3416 affert
2101 3402 2110 3411 .
