2605 3624
785 138 864 183 DE
899 136 1328 182 CONFESSIONE
1362 135 1736 179 AURICULARI
1748 165 1759 176 .

112 226 238 281 doque
266 239 344 266 esse
371 223 525 268 utitem
562 219 612 259 ita
641 232 707 259 nos
736 220 996 257 contendimus
1018 248 1028 266 ,
1058 232 1134 255 esse
1164 217 1230 254 ho-

114 282 286 320 minibus
313 280 426 329 lapsis
455 284 714 329 praeceptam,
743 274 776 310 &
799 273 1051 312 necessariam
1069 301 1079 318 ‚
1109 283 1231 321 quan-

114 348 231 387 quam
260 331 408 372 nullum
441 343 486 368 ex
513 330 630 369 sacris
659 327 790 366 litteris
820 327 902 379 ejus
932 324 1152 377 exemplum
1173 325 1230 363 af-

114 390 214 426 ferre
243 385 427 437 posumus
447 410 458 422 .

168 439 259 491 295.
291 438 465 477 Alterum
495 437 627 475 eadem
660 435 841 474 facilitate
871 433 1027 472 solvitur
1048 458 1059 471 .
1089 430 1233 471 Probet

111 501 249 530 autem
271 522 282 541 ,
322 492 416 530 idest
444 493 634 529 examinet
662 494 833 540 scipsum
864 487 1006 535 horno,
1049 487 1100 525 ait
1130 487 1232 538 Apo·

111 544 248 592 stolam
291 558 363 584 non
391 556 516 584 autem
548 545 650 584 addit
673 574 683 591 ‚
728 545 851 595 inquit
880 541 1053 579 Dallaeus
1075 570 1085 587 ,
1134 541 1164 577 si
1195 554 1232 578 se

111 607 351 645 peccatorem
382 599 598 646 invenerit,
627 601 844 647 paeniteat,
881 597 930 636 (9¹
959 595 1200 647 confiteatur
1221 620 1232 632 .

109 653 152 691 δί
175 655 225 692 ita
245 661 324 701 est,
355 662 394 690 ut
423 652 636 691 Calvinista
666 659 940 689 commentatur
957 679 967 696 ,
998 662 1120 700 neque
1146 661 1233 698 pec-

113 707 229 744 catori
249 708 460 745 necessaria
479 709 549 744 erit
571 706 725 744 interior
746 704 971 755 poeuitentia
988 733 999 750 ,
1061 703 1120 738 uia
1138 700 1234 738 l’au-

112 757 174 798 lus
201 773 378 799 eainnon
396 769 603 798 memorat.
635 760 682 797 At
711 771 800 797 vero
817 787 827 804 ,
859 758 983 809 inquit
1003 717 1129 803 ,‹liaec
1145 754 1234 792 sub-

112 813 341 866 intelligitur
364 841 375 852 .
435 815 581 863 Quidni
628 825 716 864 ergo
762 811 1070 861 subintelligatur
1116 811 1234 847 etiam

111 867 300 906 confessio
328 870 490 905 exterior
510 897 521 915 ,
562 880 640 918 qua
678 875 852 917 peccator
879 878 918 900 se
949 864 1115 915 potestati
1155 862 1233 900 cla-

115 923 223 959 vium
251 919 456 971 subjiciat,
485 935 602 973 quam
633 919 805 958 Christus
836 918 1050 969 Apostolis,
1080 929 1233 954 eorum·

110 988 187 1027 que
215 974 494 1012 successoribus
521 971 661 1011 dedit?x

169 1026 261 1080 296.
291 1028 378 1064 lust.
410 1026 512 1065 Deus
550 1038 615 1063 ore
644 1024 919 1077 Prophetarum
964 1024 1148 1062 sexcentis
1189 1023 1231 1060 in

110 1077 203 1118 locis
235 1082 386 1118 veniam
417 1079 694 1131 poenitentibus
730 1079 946 1129 promittit,
995 1077 1103 1115 nulla
1134 1077 1232 1115 facta

108 1133 358 1172 confessionis
394 1142 560 1171 externae
590 1133 814 1180 mentione,
858 1145 946 1183 quae
978 1133 1015 1169 in
1047 1130 1130 1168 Vet.
1161 1131 1236 1167 Te-

109 1194 222 1225 etam.
252 1188 462 1225 necessaria
492 1201 567 1225 non
589 1194 692 1224 erat:
720 1199 808 1237 ergo
837 1187 951 1223 etiam
984 1186 1020 1222 iu
1050 1197 1149 1223 novo
1177 1185 1237 1221 ni-

109 1238 165 1278 hil
198 1239 283 1293 plus
310 1240 426 1293 exigit
454 1241 560 1279 Deus
589 1255 611 1279 a
640 1239 929 1292 peccatoribus,
972 1252 1089 1291 quam
1121 1239 1236 1276 inter-

110 1307 199 1332 nam
217 1324 228 1343 ,
259 1295 293 1332 &
321 1297 510 1333 sinceram
542 1296 807 1347 poenitentiam
825 1323 836 1341 ,
885 1293 958 1330 nisi
987 1294 1114 1330 dicere
1143 1291 1238 1329 veli-

110 1360 227 1396 mus,
257 1348 392 1401 jugum
415 1349 573 1387 Domini
602 1348 691 1386 Jesu
719 1347 860 1385 Christi
890 1360 967 1384 esse
996 1347 1149 1397 gravius
1176 1345 1238 1396 ju-

112 1413 160 1452 go
189 1401 364 1440 Hebraeis
395 1403 597 1454 impositO.
629 1402 810 1449 Accedit,
842 1401 943 1453 quod
974 1401 1012 1437 in
1045 1399 1238 1451 Apocaly-

112 1455 170 1505 psi
191 1468 277 1507 cap.
301 1456 350 1493 ll.
381 1455 578 1508 Episcopis
595 1485 606 1504 ,
635 1456 703 1508 qui
723 1469 744 1492 a
759 1454 877 1506 gradu
899 1466 966 1492 suo
995 1453 1237 1501 exciderant,

110 1507 213 1545 nihil
256 1508 363 1546 aliud
406 1511 658 1561 praecipitur,
701 1509 772 1547 nisi
805 1517 844 1546 nt
886 1510 1162 1560 poenitentiam
1191 1520 1237 1545 a-

107 1569 237 1613 gant,
267 1562 317 1603 Θ
345 1566 480 1614 prima
507 1575 630 1612 opera
647 1560 846 1615 faciant.

167 1627 258 1667 297.
289 1615 432 1668 Resp.,
475 1615 610 1668 jugum
642 1618 680 1654 in
712 1615 798 1653 Vet.
828 1615 1075 1653 Testamento
1110 1615 1238 1666 poeni-

109 1668 276 1707 tentibus
305 1671 528 1722 impositum
547 1700 558 1718 ,
596 1671 712 1708 fuisse
741 1669 861 1707 multo
889 1670 1069 1717 gravius,
1101 1668 1133 1703 8<
1163 1668 1236 1705 dif-

109 1720 283 1770 ficilius,
314 1737 431 1774 quam
462 1725 506 1760 sit
535 1722 671 1774 jugum
700 1722 843 1760 Christi
875 1723 914 1758 in
944 1734 1042 1760 novo
1072 1722 1235 1759 foedere:

107 1782 191 1811 tum
235 1777 326 1827 quia
357 1776 514 1814 Hebraei
544 1778 592 1813 ad
635 1777 966 1813 circumcisionem
985 1805 995 1822 ,
1044 1783 1157 1827 atque
1187 1775 1236 1814 ad

109 1828 233 1865 multa
261 1830 450 1867 sacrificia
467 1859 478 1877 ,
510 1829 795 1880 purificationes
812 1859 823 1876 ,
853 1842 897 1866 ac
918 1831 1167 1866 caeremonias
1181 1838 1234 1866 te-

107 1881 326 1930 uehuntur,
358 1893 394 1920 ut
419 1892 569 1934 peccata
598 1884 817 1934 expiarent:
847 1892 926 1920 tum
957 1884 1050 1934 quia
1078 1883 1233 1921 nonnisi

105 1947 175 1987 per
217 1949 374 1981 veram,
420 1937 708 1988 perfectamque
751 1937 1019 1974 contritionem
1063 1945 1232 1988 poterant

106 2001 197 2026 cuin
229 1988 313 2026 Deo
342 1989 611 2035 reconciliari3
640 1999 720 2027 tum
752 1990 873 2027 multo
902 1991 1048 2040 magis,
1077 1991 1170 2041 quia
1191 2005 1230 2028 a·

104 2040 335 2083 bundantior
364 2043 474 2081 nobis
494 2052 632 2095 praesto
660 2053 712 2081 est
732 2043 871 2081 Christi
900 2045 1047 2094 gratia,
1077 2057 1152 2094 qua
1174 2055 1231 2080 so-

105 2093 143 2133 la
174 2095 345 2134 redditur
374 2111 457 2148 ejus
486 2096 622 2148 jugum
652 2111 795 2143 suave,
825 2096 859 2132 δε
888 2109 984 2135 onus
1012 2096 1118 2134 leve.
1148 2095 1231 2135 Un-

104 2149 150 2187 de
193 2152 329 2188 merito
357 2149 398 2188 S.
431 2152 663 2202 Augustinus
706 2150 794 2189 Lib.
826 2149 898 2188 IX.
945 2148 1096 2188 Contra
1125 2149 1231 2188 Fau-

103 2211 209 2240 stum
238 2217 326 2257 cap.
352 2204 414 2242 ιδ.
444 2204 566 2252 Alta,
597 2205 824 2255 inquiebat,
852 2201 963 2241 nobis
983 2203 1231 2242 Sacramen-

105 2264 150 2293 ta
178 2255 280 2293 data
307 2266 400 2293 sunt
417 2286 428 2304 ,
457 2260 596 2293 virtute
625 2258 788 2308 majora
805 2286 815 2304 ,
859 2255 1004 2305 effectu
1033 2257 1228 2307 meliora,

105 2307 403 2360 actufaciliora
419 2338 430 2357 ,
460 2321 628 2346 numero
647 2313 841 2359 pauciora
859 2336 868 2347 .
900 2309 1032 2347 Facile
1054 2312 1142 2348 item
1165 2325 1229 2348 ex-

103 2360 324 2414 plicantur,
371 2376 461 2416 quae
492 2361 666 2401 Dallaeus
707 2363 842 2413 objicit
883 2375 928 2400 ex
961 2363 1193 2415 Apocalypsi
1216 2391 1228 2404 .

103 2415 338 2468 Quanquam
369 2418 472 2454 enim
504 2429 578 2454 non
612 2426 841 2454 memoretur
884 2429 1055 2467 expresse
1084 2418 1230 2456 conses-

102 2469 157 2507 sio
172 2479 354 2516 externa3
384 2469 719 2522 comprehenditur
747 2471 987 2508 tanneninter
1015 2484 1129 2521 opera
1148 2486 1230 2523 poe-

104 2523 274 2561 nitentiae
297 2553 308 2572 ,
337 2536 456 2576 quam
488 2524 606 2577 tepidi
637 2522 697 2562 illi
726 2522 909 2576 Episcopi
939 2536 1048 2576 agere
1089 2523 1229 2576 juben-

102 2583 164 2614 tur
193 2577 285 2628 (a).

161 2628 254 2680 298.
284 2629 370 2666 lust.
400 2629 593 2668 secundo.
636 2630 809 2669 Christus
838 2631 1029 2669 Dominus
1065 2632 1228 2683 parabo-

105 2679 188 2728 las,
232 2680 265 2717 &
295 2683 476 2732 quaedam
507 2683 682 2736 exempla
713 2684 822 2723 nobis
852 2686 1095 2738 suppeditat,
1141 2687 1228 2738 qni-

104 2733 176 2773 bus
199 2735 396 2773 manifeste
424 2737 615 2784 ostendit,
644 2737 724 2775 sola
753 2740 875 2777 cordis
903 2740 1150 2778 conversione
1179 2742 1228 2778 si·

103 2798 154 2825 ne
185 2786 262 2825 ulla
291 2790 366 2825 oris
407 2790 642 2827 confessione
687 2793 939 2830 remissionem
984 2803 1228 2843 peccatorum

104 2839 293 2879 obtineri.
324 2841 430 2879 Noiae
459 2853 544 2880 sunt
573 2843 660 2881 duae
690 2845 884 2895 parabola}
902 2877 913 2894 ,
944 2846 1015 2885 filii
1049 2848 1196 2899 prodigi
1215 2877 1226 2895 ,

103 2892 142 2954 ἃ·
158 2894 352 2955 pii-blicani
371 2910 380 2939 3
410 2909 572 2947 quorum
592 2900 695 2948 prior
715 2899 760 2936 ad
795 2909 939 2950 patrem
972 2914 1141 2938 reversus
1160 2888 1227 2938 'be-

102 2949 329 2998 nignissime
361 2960 530 3001 receptus
563 2951 659 2996 fuit3
689 2950 782 2989 alter
797 2963 924 2991 autem
952 2955 1085 2992 divina
1116 2956 1227 2992 mise-

104 3002 268 3039 ricordia
301 3002 504 3053 implorata
534 3005 722 3043 descendit
751 3005 1005 3057 justificatus.
1037 3007 1225 3060 Exempla

103 3054 405 3094 autemZichaei
424 3087 434 3105 ,
467 3057 639 3095 mulieris
670 3060 895 3110 peccatricis
916 3091 926 3108 ,
957 3060 990 3096 &
1020 3060 1173 3098 latronis
1187 3074 1227 3098 o·-

99 3110 283 3148 ntendnnt
301 3140 310 3156 ,
343 3120 495 3161 peccata
525 3111 664 3148 dimitti
697 3125 802 3162 posse
830 3114 910 3150 sine
939 3115 1199 3152 confessione.

159 3175 251 3216 299.
283 3163 417 3217 Resp.,
447 3172 649 3216 antequam
670 3164 960 3204 Sacramentum
990 3169 1226 3218 poenitentiae

163 3300 212 3336 (a)
235 3299 359 3334 Joann.
385 3301 543 3335 Morinns
564 3302 640 3335 Lib.
658 3301 720 3334 ix.
753 3300 803 3334 De
827 3305 947 3345 poenit.
975 3313 1049 3346 cap.
1069 3302 1125 3343 34.
1151 3314 1224 3348 seq.

110 3355 214 3376 usnin
243 3345 470 3381 Hebraeorum
497 3346 679 3381 confitendi
710 3358 848 3392 pecc-ita
875 3361 934 3381 sna
957 3348 990 3380 in
1017 3348 1135 3381 decem
1155 3349 1226 3381 ‹lie-

108 3389 176 3426 bus
203 3392 442 3438 expiationum
467 3407 510 3431 ex
535 3407 655 3431 eorum
671 3395 878 3431 Rabbinicis
896 3394 997 3430 libris
1011 3393 1145 3430 erudite
1164 3394 1225 3431 de-

2283 136 2366 188 139

1299 217 1580 262 institueretur,
1610 216 1728 252 solani
1760 212 1994 264 poenitentiae
2009 212 2188 251 virtutem
2220 211 2335 250 fuisse
2355 226 2421 249 ne·

1298 271 1500 307 cessarit-nn
1531 269 1575 304 ad
1609 269 1868 304 remissionem
1901 277 2166 317 peccatortnn3
2211 268 2323 304 inodo
2351 280 2419 303 au-

1299 332 1375 360 tem
1405 335 1479 360 non
1524 321 1720 366 sufficere,
1766 331 1962 371 postquam
1992 321 2162 357 Christus
2191 320 2418 357 Sacramen-

1301 386 1382 414 tum
1415 377 1573 414 institnit
1596 405 1606 422 ,
1650 374 1683 410 8<
1713 372 1838 410 claves
1868 374 1974 423 regni
2018 372 2206 410 melorum
2237 373 2423 411 Ecclesiae

1302 430 1432 475 dedit3
1464 431 1535 467 nisi
1566 428 1708 477 fingere
1737 426 1928 472 velimus,
1957 439 2018 462 eas
2050 426 2212 472 frustra,
2242 429 2275 462 ά
2305 428 2423 464 otiose

1302 483 1406 521 deitas
1436 483 1574 521 fuisse.
1617 479 1750 519 Nemo
1780 479 1848 517 silit·
1877 478 2009 524 dicat,
2042 479 2163 530 inquit
2194 481 2423 525 Augustinus

1303 536 1449 575 Homil.
1473 536 1576 575 LlX.
1595 566 1606 581 ,
1635 535 1785 572 occulte
1800 547 1898 583 ago,
1929 530 2034 583 apul
2051 530 2183 569 Deum
2213 546 2291 583 ago
2309 562 2319 579 ,
2351 546 2423 570 no-

1303 594 1351 628 vit
1382 589 1517 638 Deus,
1547 593 1611 640 qui
1641 588 1735 626 milii
1765 590 1931 640 ignoscit
1950 616 1960 633 ,
2003 589 2096 635 quia
2126 590 2166 621 ιή
2196 586 2313 621 coru'e
2343 598 2423 634 ago

1304 645 1480 694 (scilicet
1510 643 1772 697 poenitentiam
1792 643 1804 688 )
1822 667 1833 678 .
1864 638 1977 693 Ergo
2003 643 2090 676 sine
2119 651 2245 676 causa
2274 637 2424 676 dac-*usn

1302 707 1359 736 est
1382 728 1392 747 ,
1423 711 1512 749 quoe
1539 698 1726 735 solt-eritis
1755 710 1796 733 m
1817 705 1926 733 terra
1943 724 1953 742 ,
1983 705 2096 731 erunt
2127 692 2255 730 soluta
2286 695 2327 729 in
2348 705 2424 728 cse-

1302 753 1367 797 Io;
1396 765 1491 805 ergo
1520 755 1607 789 sine
1635 764 1763 789 causa
1794 750 1924 786 clares
1954 746 2064 785 ‹Iatae
2093 756 2182 783 suut
2203 744 2425 783 Ecclesiae.

1305 804 1562 844 Frustramus
1592 804 1841 858 evangelium
1863 832 1874 851 ,
1894 800 2148 853 frustramus
2177 799 2295 839 rerba
2317 797 2426 836 Chn-

1303 864 1355 898 stt'
1383 861 1471 901 (γε.

1358 913 1450 952 500.
1480 912 1627 965 Objicit
1663 912 1829 964 denique
1872 907 1992 948 multa
2039 908 2220 946 verbosus
2253 906 2426 946 Dallaens

1301 979 1348 1004 ex
1377 968 1552 1016 ratione,
1580 975 1735 1005 conatus
1761 964 1954 1003 ostendere
1973 994 1982 1011 ‚
2019 963 2197 1014 pluribus
2226 961 2272 999 de
2301 964 2426 1000 causis

1301 1033 1453 1060 arcanae
1483 1021 1724 1059 confessionis
1755 1032 1864 1056 usum
1895 1032 1972 1054 esse
2001 1016 2111 1055 valde
2141 1016 2426 1067 perniciosum,

1304 1073 1339 1110 &
1366 1074 1576 1112 absurdum
1600 1099 1611 1111 .
1650 1072 1845 1110 potissima
1873 1071 2103 1118 afferemus,
2132 1083 2175 1108 ac
2205 1069 2426 1112 diluemuu

1303 1137 1428 1165 cetera
1456 1128 1557 1180 apud
1587 1126 1764 1166 Natalem
1798 1125 2056 1163 Alexandrum
2074 1153 2085 1171 ,
2123 1122 2293 1174 aliosque
2322 1122 2427 1160 Scri-

1306 1191 1429 1234 ptores
1450 1212 1460 1230 ,
1503 1182 1571 1233 qui
1610 1190 1775 1232 quatuor
1806 1178 1910 1216 illius
1952 1177 2277 1229 pseudo—ministri
2308 1175 2428 1214 libros

1304 1236 1392 1273 data
1419 1247 1534 1286 opera
1565 1235 1804 1281 refutarunt,
1848 1231 2002 1283 legenda
2032 1229 2293 1268 consulimus.
2341 1228 2427 1266 Pri·-

1307 1302 1399 1336 mo,
1432 1289 1558 1340 inquit
1586 1287 1789 1334 Dallaeus,
1820 1283 2097 1336 impossibilem
2128 1296 2206 1320 esse
2242 1283 2428 1331 integram

1306 1343 1581 1382 confessionem
1612 1350 1877 1393 peccatorum,
1907 1347 1988 1376 tum
2017 1338 2109 1390 quia
2139 1349 2213 1373 non
2245 1335 2359 1373 facile
2387 1348 2429 1372 o-

1306 1398 1414 1436 mnia
1435 1396 1632 1434 memoriae
1652 1401 1878 1440 occurrunt,
1910 1400 1991 1429 tum
2021 1392 2202 1443 quianon
2223 1390 2350 1427 omnia
2366 1402 2428 1426 co-

1305 1459 1555 1503 gnoscuntur,
1585 1448 1692 1500 juxta
1723 1447 1820 1486 illud
1851 1446 2018 1484 Psalmi:
2063 1444 2225 1482 Delicta
2254 1447 2337 1493 quis
2368 1447 2430 1480 in-

1305 1502 1477 1557 telligit?
1520 1511 1600 1540 tum
1630 1503 1745 1539 etiam
1775 1502 1866 1553 quia
1902 1498 2060 1537 difficile
2090 1497 2317 1548 plerumque
2345 1506 2428 1546 est,

1304 1557 1482 1596 mortalia
1502 1555 1755 1594 avenialibus
1785 1555 2040 1604 distinguere,
2070 1550 2161 1590 hinc
2191 1551 2292 1589 nasci
2322 1563 2428 1588 scru-

1305 1610 1412 1663 polos
1427 1641 1438 1659 ,
1468 1610 1501 1647 8¹:
1522 1612 1729 1649 anxietates
1745 1639 1755 1656 ,
1787 1616 1826 1645 nt
1847 1616 2043 1659 propterea
2064 1619 2202 1643 arcana
2233 1603 2316 1641 haec
2337 1617 2427 1642 con·

1305 1665 1417 1704 fessio
1446 1679 1517 1702 non
1550 1665 1743 1701 immerito
1786 1662 1898 1699 suerit
1939 1662 2220 1697 cruentissima
2263 1661 2429 1695 anima·

1305 1732 1393 1756 rum
1424 1718 1670 1769 carnificina
1692 1747 1702 1765 ,
1732 1716 2135 1757 &conscientiarum
2165 1713 2329 1762 laqueus
2358 1726 2428 1764 ap·

1302 1773 1442 1824 pellata
1460 1798 1470 1810 .
1501 1770 1709 1817 Secundo,
1741 1770 1974 1822 perniciosa,
2005 1766 2228 1805 &timenda
2255 1774 2308 1803 est
2328 1767 2428 1816 reip.

1301 1825 1622 1877 gubernatoribus
1639 1855 1648 1871 ,
1679 1838 1722 1861 ac
1753 1823 1913 1861 summis
1932 1820 2201 1873 Principibus,
2230 1826 2311 1857 tum
2333 1821 2427 1871 quia

1301 1880 1541 1918 subditorum
1582 1878 1800 1916 obedientia
1829 1891 1851 1914 a
1879 1875 2207 1913 confessariorum
2237 1872 2428 1911 voluntate

1302 1934 1439 1985 pendet
1470 1937 1484 1984 (
1517 1933 1578 1970 fac
1614 1933 1716 1969 enim
1745 1930 2029 1969 confessarium
2061 1926 2336 1980 poenitentibus
2365 1925 2428 1977 ju·

1299 1987 1392 2025 bere
1413 2017 1423 2035 ,
1453 2000 1523 2024 nec
1553 1985 1701 2036 legibus
1731 1992 1909 2036 pareant,
1947 1995 2042 2034 quas
2072 1980 2226 2019 illicitas
2256 1982 2337 2032 ipse
2366 1980 2428 2030 ju-

1300 2041 1430 2089 dicat,
1475 2041 1702 2091 poenitentes
1731 2038 1927 2090 profectO,
1970 2050 2016 2074 ne
2046 2034 2233 2073 beneficio
2274 2034 2428 2071 absolu-

1299 2095 1409 2132 tionis
1441 2096 1668 2146 priventur,
1712 2092 1951 2130 Consessario
1979 2090 2100 2141 magis
2129 2102 2248 2142 quam
2278 2086 2427 2125 Princi-

1300 2149 1339 2200 pi
1370 2147 1686 2199 obtemperabunt
1717 2145 1758 2193 );
1789 2156 1869 2183 tum
1901 2145 2015 2182 etiam
2045 2144 2138 2196 quia
2168 2150 2322 2194 possunt
2351 2140 2426 2178 sub

1299 2215 1437 2240 arcano
1465 2202 1710 2239 confessionis
1739 2198 1865 2251 sigillo
1901 2198 2122 2244 seditiones,
2165 2194 2390 2232 rebelliones
2413 2225 2425 2242 ,

1299 2255 1332 2291 St
1353 2254 1630 2306 conjurationes
1659 2263 1789 2291 contra
1811 2250 1979 2302 reipubl.
2010 2247 2355 2301 tranquillitatem,
2387 2247 2421 2284 δε

1298 2307 1522 2360 Principum
1553 2308 1669 2344 vitam
1700 2306 1814 2353 fieri,
1851 2304 1884 2340 ἃ
1915 2305 2014 2353 tegi;
2052 2302 2153 2355 quod
2183 2301 2424 2340 turbulentis-

1298 2363 1403 2399 simis
1435 2361 1510 2398 illis
1528 2361 1779 2397 Henricorum
1804 2359 1868 2395 ΙΙΙ.
1886 2388 1896 2405 ,
1926 2355 2045 2394 &1V.
2076 2355 2310 2408 temporibus
2331 2368 2422 2393 con-

1298 2417 1422 2467 tigisse
1452 2414 1639 2452 Tliuanus
1682 2420 1809 2450 narrat
1840 2412 1929 2449 Lib.
1964 2410 2033 2448 JV.
2065 2409 2215 2448 stzor.
2263 2408 2421 2457 Tertio,

1298 2471 1476 2515 noxiam,
1523 2477 1586 2505 aut
1617 2465 1750 2504 saltem
1783 2464 1898 2502 valde
1939 2463 2195 2517 periculosam
2225 2477 2301 2501 esse
2332 2464 2424 2515 ipsis

1297 2524 1412 2560 sacris
1434 2522 1614 2559 ministris
1646 2519 1774 2572 probat
1807 2533 1851 2556 ex
1882 2532 1948 2567 eo,
1978 2518 2080 2572 quod
2110 2531 2214 2570 saepe
2241 2527 2424 2569 cogantur

1297 2577 1560 2628 spurcissimas
1577 2605 1588 2622 ,
1622 2573 1653 2610 ἃ
1675 2574 1983 2612 obscoenissimas
2004 2572 2268 2625 poenitentiuin
2290 2570 2427 2623 culpas

1297 2631 1481 2682 patienter
1521 2629 1682 2675 audire,
1731 2628 1830 2665 unde
1861 2630 1897 2665 in
1927 2629 1979 2665 eis
2009 2625 2124 2664 facile
2166 2632 2319 2676 possunt
2349 2626 2424 2662 iin—

1298 2697 1405 2734 purae
1428 2714 1438 2731 ,
1481 2682 1514 2719 8<
1546 2682 1770 2719 foedissimae
1812 2682 2052 2732 cogitationes
2090 2679 2273 2723 excitari,
2316 2677 2422 2729 quod

1297 2740 1421 2790 reipsa
1451 2735 1552 2774 hand
1571 2749 1654 2773 raro
1683 2736 1837 2773 evenire
1867 2734 2029 2786 probant
2049 2733 2287 2771 severissima
2315 2746 2421 2769 sum-

1296 2804 1447 2829 morum
1480 2789 1705 2827 Pontificum
1734 2788 1883 2826 decreta
1920 2797 2049 2826 contra
2080 2786 2350 2825 Sollicitantes
2379 2789 2423 2822 in

1295 2845 1572 2897 confessione.
1602 2844 1795 2893 Coguntur
1825 2843 1939 2879 etiam
1970 2855 2042 2879 non
2071 2844 2152 2879 siue
2176 2852 2314 2892 magno
2341 2849 2422 2877 ten-

1296 2901 1480 2938 tationum
1527 2897 1697 2950 periculo
1727 2895 1848 2947 legere
1878 2895 1996 2934 libros
2034 2894 2220 2941 morales,
2263 2897 2302 2931 in
2333 2894 2422 2945 qui-

1297 2953 1368 2991 bus
1397 2967 1527 2991 omnes
1556 2952 1837 3001 turpitudinum
1874 2952 2043 3001 species,
2087 2963 2131 2986 ac
2162 2948 2264 2986 modi
2296 2946 2420 2997 expli-

1297 3016 1458 3054 cantur,
1503 3005 1718 3056 cnjusmodi
1765 3014 1816 3042 est
1857 3007 2020 3056 spissum
2052 3002 2215 3040 Thomae
2246 3001 2417 3038 Sanciiez

1295 3074 1390 3113 opus
1420 3061 1468 3099 de
1498 3062 1754 3097 matrimonio
1773 3089 1783 3105 ‚
1812 3057 1925 3109 cujus
1954 3057 2127 3096 Thomns
2149 3056 2216 3094 ΙΙΙ.
2249 3054 2416 3096 Romano

1295 3115 1409 3153 obelo
1424 3115 1559 3165 configi
1577 3115 1739 3151 meruit.
1762 3112 1960 3161 Demum,
1992 3110 2091 3149 hanc
2112 3120 2303 3148 externam
2325 3119 2416 3144 cou-

1295 3168 1496 3208 sessionem
1529 3168 1599 3206 hoc
1640 3180 1770 3205 secum
1814 3166 2102 3206 incommodum
2132 3166 2228 3202 ferre
2257 3161 2413 3206 asserit,

2322 3222 2359 3248 Ut

1292 3305 1413 3339 scribit
1430 3328 1438 3336 .
1467 3307 1503 3338 ln
1530 3305 1596 3338 fine
1623 3313 1739 3338 antem
1767 3305 2002 3337 Commentar.
2030 3297 2289 3333 adnotationem
2315 3291 2414 3329 addit

1293 3352 1329 3385 in
1356 3350 1557 3387 Judaeoruin
1583 3351 1866 3398 paenitentiales.
