2605 3624
336 70 363 111 8
1035 59 1436 105 DISSERTATIO
1468 61 1502 104 Ι.
1535 61 1664 105 CAP.
1698 61 1775 105 III.

282 146 473 198 explicat,
503 142 604 194 quod
633 139 778 179 scilicet
797 139 1110 179 Sacramentum
1142 152 1262 180 sumat
1291 141 1398 180 latio-

280 212 322 237 re
340 197 610 249 significatione
627 225 637 244 ,
668 197 791 233 statim
820 195 1007 233 subdens:
1037 195 1135 232 itlest
1163 208 1325 232 sacrum
1347 200 1397 233 si-

280 264 403 303 guum
426 277 436 288 .
473 249 705 300 Quanquam
749 249 851 286 euim
889 261 1003 286 omne
1031 249 1322 287 Sacramentum
1353 251 1398 287 sit

279 317 430 342 sacrum
458 315 606 353 signum
625 332 636 350 ,
667 311 879 340 nontamen
908 304 1077 342 vicissim
1106 315 1218 340 omne
1246 316 1397 340 sacrum

278 359 429 408 signum
460 364 511 394 est
540 355 831 393 Sacramentum
849 382 859 393 .

653 460 936 500 PROPOSITO
972 462 1021 500 ΙΙ.

385 568 435 607 In
455 578 561 607 statu
591 569 687 620 legis
716 578 877 606 natura>
893 567 1064 620 fuerunt
1095 580 1210 617 cera,
1240 568 1289 610 ἴθ’

527 628 680 675 proprie
709 622 816 660 <licta
846 622 1118 660 Sacramenta
1137 648 1147 659 .

331 731 396 769 50.
415 709 665 781 Antequam
696 729 743 766 ad
773 728 871 767 lianc
909 729 1204 780 propositionem
1234 727 1397 778 proban-

273 783 364 822 dam
387 784 645 830 accedamus,
689 783 892 820 notandum
922 791 1000 828 est,
1039 790 1174 818 statum
1206 778 1297 829 legis
1327 795 1392 817 na-

273 835 410 875 turalis
439 846 557 875 totum
588 836 684 873 illud
715 844 864 885 tempus
901 832 1248 884 comprehendere,
1291 834 1392 884 quod

274 903 297 928 a
328 900 479 942 peccato
511 889 647 927 Adami
679 901 797 939 usque
825 888 872 924 ad
903 886 1024 937 legem
1067 887 1245 936 scriptam
1277 886 1393 936 digito

272 943 376 992 Dei,
406 944 439 980 &
470 942 597 992 Moysi
627 941 750 977 datam
783 939 951 983 effluxit3
983 938 1015 974 8(
1046 938 1085 975 iu
1117 951 1192 989 quo
1222 938 1392 976 homines

275 998 322 1033 ad
353 997 458 1033 nulla
486 994 563 1031 alia
593 1003 784 1045 praecepta
826 993 991 1030 adstricti
1023 1000 1127 1028 eraut
1146 1021 1156 1038 ,
1199 1005 1315 1042 quam
1346 993 1393 1030 ad

272 1048 369 1096 illa,
411 1061 500 1100 quae
531 1061 574 1084 ex
605 1045 691 1097 jure
720 1056 867 1084 naturae
899 1045 1051 1092 fluunt,
1081 1058 1246 1097 quaeque
1275 1053 1394 1081 natu-

271 1102 378 1139 ralia
406 1103 606 1148 dicuutur,
628 1099 662 1134 &
690 1101 930 1153 apraeceptis
958 1101 1126 1149 positivis
1155 1099 1393 1149 distinguun-

269 1162 330 1192 tur
351 1181 362 1192 .
408 1155 501 1192 Haec
530 1163 657 1192 autem
696 1162 885 1205 praecepta
913 1150 1009 1203 'juris
1052 1160 1196 1189 naturae
1227 1160 1311 1189 ante
1342 1151 1394 1187 le-

269 1222 356 1259 gem
387 1210 566 1260 scriptam
597 1207 751 1244 fuerunt
781 1223 800 1244 a
819 1207 900 1244 Deo
930 1205 1118 1255 insculpta
1149 1206 1186 1242 in
1216 1205 1393 1242 cordibus

269 1261 472 1299 homiuum
492 1287 502 1297 .
533 1261 621 1298 Dici
643 1262 757 1298 etiam
787 1259 875 1298 solet
905 1268 1016 1297 status
1046 1257 1113 1296 'ille
1136 1257 1393 1296 Patriarcha-

269 1316 344 1361 lis,
375 1317 467 1366 quia
497 1316 534 1351 in
563 1327 606 1350 eo
635 1313 803 1351 celebres
820 1313 878 1351 illi
900 1311 1127 1350 Patrtarcliae
1160 1311 1391 1359 floruerunt,

268 1367 411 1419 quibus
441 1368 545 1405 Deus
575 1367 780 1404 identidem
812 1367 1031 1418 apparuisse
1069 1365 1233 1417 legitur.
1276 1364 1324 1402 Et
1355 1366 1393 1402 id

272 1421 429 1472 quidem
461 1428 630 1470 respectu
663 1419 797 1470 populi
817 1418 1014 1457 Israelitici
1034 1448 1044 1466 ,
1074 1420 1137 1457 cni
1167 1417 1235 1456 soli
1266 1427 1392 1470 postea

267 1474 352 1510 data
384 1474 454 1510 suit
484 1473 561 1510 Lex
590 1470 791 1509 Mosaica.
834 1471 935 1510 Nam
966 1472 1130 1519 Gentes,
1174 1485 1266 1523 quae
1294 1485 1392 1523 prae-

268 1529 385 1579 ceptis
407 1526 520 1577 Legis
542 1523 723 1562 Mosaicae
754 1539 826 1563 non
857 1524 1210 1575 adstringebantur,
1242 1526 1393 1563 fuerunt

269 1581 310 1618 in
341 1579 421 1630 lege
451 1588 596 1616 naturae
628 1592 747 1628 usque
777 1579 821 1615 ad
851 1578 1078 1625 Christum,
1110 1577 1220 1628 cujus
1250 1575 1310 1614 lex
1340 1578 1392 1615 E-

268 1632 471 1684 vangelica
498 1645 629 1669 omnes
660 1630 834 1669 homines
863 1626 1177 1677 comprehendit,
1206 1630 1315 1680 juxta
1345 1630 1392 1667 it-

268 1686 334 1723 lud
368 1694 603 1737 praeceptum
633 1683 761 1722 Marci
781 1683 889 1721 XVI.
926 1685 985 1720 15.
1015 1682 1170 1720 Euutes
1206 1687 1247 1719 in
1277 1697 1393 1720 mun-

268 1738 364 1775 dum
380 1742 605 1776 universum
621 1736 838 1787 praedicate
854 1735 1117 1786 Evangelium
1147 1739 1256 1773 omni
1279 1749 1392 1774 crea-

264 1801 393 1830 turoe.

325 1846 390 1882 51.
420 1843 639 1882 Notandum
671 1842 828 1881 ulterius
847 1873 856 1890 ,
887 1843 1096 1881 consentire
1128 1842 1245 1879 ferme
1260 1854 1391 1879 omnes

268 1897 509 1949 U‘liesilogos,
555 1897 593 1933 in
624 1895 691 1934 il]o
720 1905 815 1934 statu
847 1896 959 1933 fuisse
988 1894 1146 1946 aliquod
1175 1895 1389 1932 remedium

268 1953 314 1989 ad
345 1952 547 1989 delendum
580 1959 776 2001 peccatum
805 1948 1020 2000 originale,
1064 1961 1135 1986 nou
1167 1947 1290 1986 solum
1320 1961 1389 1999 pro

267 2005 406 2043 adultis
424 2034 434 2052 ,
465 2005 525 2041 sed
544 2005 655 2040 etiam
678 2017 746 2055 pro
763 2002 933 2055 parvulis
950 2028 960 2039 .
990 2001 1062 2039 Sed
1093 2016 1140 2038 an
1172 2001 1387 2039 remedium

265 2059 366 2096 istud
398 2059 511 2096 fuerit
531 2057 824 2095 Sacramentum
854 2055 1036 2106 aliquod,
1066 2069 1203 2105 nempe
1232 2054 1390 2106 aliquod

269 2113 418 2163 siguum
449 2112 610 2148 exterius
641 2110 812 2161 parvulis
840 2108 1078 2160 applicatum
1097 2138 1107 2156 ,
1137 2122 1184 2145 au
1216 2122 1304 2145 vero
1333 2120 1390 2145 so-

265 2164 302 2202 la
333 2165 426 2202 fides
456 2173 654 2215 pareutum
683 2165 763 2201 sine
795 2162 873 2199 ullo
902 2171 1054 2199 externo
1083 2163 1189 2213 siguo
1217 2161 1388 2212 ejusdem

267 2218 358 2256 fidei
392 2219 656 2269 protestativo,
687 2216 807 2253 libere
837 2217 1125 2253 controvertitur
1156 2216 1251 2251 inter
1268 2213 1387 2252 Scho-

265 2270 414 2308 lasticos
445 2270 507 2319 (a)
526 2285 540 2314 ,·
568 2270 876 2322 quandoquidem
894 2299 903 2317 ,
937 2277 973 2305 ut
1002 2271 1055 2306 ait
1083 2267 1122 2305 S.
1156 2269 1384 2319 Augustinus

266 2323 332 2361 De
359 2331 524 2371 peccato
552 2327 649 2374 orig.
679 2337 764 2374 cap.
783 2323 846 2361 50.
864 2353 873 2368 ,
904 2331 999 2359 riute
1014 2319 1221 2360 Abraham
1250 2331 1381 2358 utrum

266 2378 399 2423 aliquo
440 2378 665 2426 corporali,
712 2377 761 2415 <J
789 2375 923 2414 visibili
951 2375 1219 2412 Sacramento
1255 2376 1379 2426 justi,

269 2431 327 2469 vel
356 2442 489 2466 eorum
506 2430 656 2477 parvuli
674 2432 928 2480 signarentur
944 2459 954 2476 ,
984 2428 1190 2478 Scriptura
1210 2442 1290 2466 riou
1310 2442 1380 2466 ea:-

268 2487 428 2535 prima.
458 2482 589 2519 Nostra
607 2512 616 2529 ,
647 2482 680 2518 ἃ
711 2481 918 2519 multorum
939 2483 1119 2520 sententia
1141 2491 1219 2530 est,
1250 2482 1381 2534 aliqua

267 2539 380 2575 etiam
411 2545 496 2573 ante
527 2535 645 2585 legem
677 2536 841 2573 extitisse
870 2548 958 2573 vera
987 2536 1231 2573 Sacramenta
1252 2563 1262 2573 .
1301 2536 1382 2574 Hoc

268 2589 465 2642 aliquibus
509 2591 763 2640 argumentis,
823 2589 880 2626 sin
925 2589 1053 2625 minus
1105 2590 1259 2626 omuino
1303 2603 1383 2627 cer-

315 2749 362 2783 (a)
395 2744 483 2777 Huic
522 2743 678 2777 secundae
716 2743 871 2789 opinioni
908 2744 1025 2776 favent
1051 2742 1238 2777 Durandus
1263 2744 1298 2776 in
1323 2745 1385 2778 IV.

270 2791 370 2824 Sent.
399 2791 490 2824 Dub.
514 2802 542 2822 1.
569 2800 692 2833 quast.
714 2802 744 2823 2.
766 2812 776 2831 ‚
819 2791 957 2823 Domin.
985 2791 1066 2823 Soto
1093 2790 1126 2822 in
1155 2790 1214 2823 lv.
1241 2791 1331 2822 Dist.
1360 2793 1384 2823 t.

269 2846 394 2882 (μηδι.
421 2850 452 2869 v.
481 2846 546 2871 art.
567 2837 598 2877 4.
627 2838 690 2870 col.
719 2839 751 2870 3.
772 2858 782 2876 ,
807 2837 966 2880 Vasquez
983 2857 993 2875 ,
1021 2837 1172 2880 aliique.
1199 2835 1264 2868 Sed
1291 2836 1386 2870 'Pho-

270 2885 384 2916 mistae
411 2892 447 2916 ut
475 2883 664 2927 plurimum
681 2884 795 2927 aliqua
815 2895 895 2914 vera
924 2883 1147 2914 Sacramenta
1168 2881 1201 2913 in
1222 2882 1294 2925 lege
1313 2883 1385 2915 Na-

271 2939 358 2963 turae
376 2929 582 2968 admittunt,
602 2930 724 2961 saltem
745 2941 807 2972 pro
825 2929 992 2973 parvulis.
1013 2929 1062 2960 lta
1085 2928 1254 2960 Nlelcliior
1268 2930 1383 2962 Canus

270 2976 402 3010 Reiect.
428 2975 481 3008 De
500 2975 652 3007 Sacram.
674 2977 707 3007 Ι).
727 2977 781 3007 iil.
798 2997 807 3014 ‚
833 2975 889 3006 Jo.
917 2974 1015 3017 Bapt.
1041 2974 1321 3017 G011et.l)i5put.
1343 2977 1384 3007 ΙΙ.

270 3032 337 3056 art.
367 3033 396 3055 2.
418 3044 427 3062 ‚
466 3021 570 3053 Card.
597 3022 692 3054 Gom*
720 3021 853 3064 Qumst.
882 3022 904 3052 l.
932 3019 1023 3052 Dul).
1053 3020 1138 3059 tV.,
1166 3019 1268 3052 Vinc.
1294 3022 1386 3053 Con-

269 3070 448 3103 tensonius
477 3068 554 3100 Lib.
583 3069 644 3101 Xl.
673 3066 843 3110 Theolog.
881 3065 1041 3105 Mentis,
1077 3069 1118 3098 Cf
1153 3067 1270 3098 cordis
1297 3067 1332 3098 P.
1360 3069 1384 3099 1.

269 3116 418 3148 Dissert.
447 3117 470 3148 1.
498 3126 527 3146 c.
558 3115 605 3154 1.,
646 3114 748 3146 Vinc.
778 3113 915 3145 Patuzzi
951 3112 1084 3144 Ethicae
1119 3111 1254 3144 Christ.
1283 3112 1384 3145 Τοῐη.

272 3162 335 3194 Vl.
351 3162 471 3194 Tract.
488 3161 530 3193 X.
547 3172 621 3204 cap.
641 3159 696 3201 4.,
717 3161 855 3192 Drouen
878 3158 931 3191 De
946 3171 981 3190 re
1001 3158 1154 3190 Sacrum.
1172 3158 1248 3190 Lib.
1263 3159 1288 3190 1.
1308 3170 1337 3190 c.
1353 3169 1384 3190 2.

322 3209 368 3246 (b)
399 3208 554 3241 Affertur
596 3206 637 3239 ab
665 3206 840 3250 aliquibus
867 3205 899 3236 in
926 3204 1015 3236 hanc
1043 3216 1117 3236 rem
1155 3204 1315 3244 illustre,
1356 3207 1387 3236 ἃ

260 3253 501 3287 'decretorium
527 3253 791 3291 testimoninm,
818 3260 996 3294 tamquam
1023 3251 1056 3282 S.
1076 3250 1270 3294 Cypriani,
1296 3249 1388 3293 quod

270 3301 395 3345 legitur
433 3298 523 3345 apud
549 3300 737 3338 Auctorem
763 3300 805 3332 de
832 3298 1075 3332 Cardinalibus
1102 3297 1238 3332 Christi
1274 3301 1387 3342 operi·

1468 143 1513 178 tis
1535 171 1544 187 ,
1575 140 1705 178 saltem
1723 138 1931 177 admodum
1950 137 2242 190 probabilibus,
2285 138 2339 178 ita
2367 140 2554 180 evincitur
2570 166 2582 180 .

1522 195 1587 232 52.
1620 193 1753 231 Primo
1793 194 2012 230 auctoritate
2042 192 2082 230 S.
2113 194 2342 244 Augustini,
2385 195 2453 245 qui
2490 193 2581 233 Lib.

1466 246 1515 285 V.
1544 256 1684 284 contra
1713 246 1915 283 sulianum
1945 260 1979 284 c.
2007 259 2066 284 11.
2094 246 2140 283 de
2183 245 2353 298 parvulis
2394 247 2553 298 loquens
2575 275 2586 294 ,

1465 301 1517 338 ita
1546 300 1698 338 scribit:
1742 298 1829 337 Nec
1859 298 1945 336 iileo
1974 308 2113 337 tamen
2142 298 2383 337 credendum
2413 309 2504 347 est„
2534 300 2584 339 <9⁶

1466 361 1561 390 ante
1582 352 1723 389 datam
1754 355 2095 390 circumcisionem
2112 351 2302 403 famulos
2322 352 2427 401 Dei,
2457 365 2585 404 quan—

1464 405 1671 456 doquidem
1712 409 1768 443 eis
1804 410 1936 443 inerat
1966 405 2206 444 Metit'atoris
2235 405 2347 458 fides
2377 410 2417 443 in
2460 411 2586 443 carne

1465 463 1641 505 venturi,
1678 460 1783 496 nullo
1812 459 2080 497 Sacrarnento
2109 460 2194 511 ejus
2223 461 2430 508 opitulatos
2448 457 2585 511 ,fuisse

1465 513 1637 562 parvulis
1666 516 1745 550 suis
1768 542 1778 560 ,
1821 515 2000 563 qtiamvis
2029 512 2119 562 quai
2148 512 2240 550 illud
2269 521 2370 550 esset
2389 543 2399 560 ,
2444 514 2583 565 aliqua

1465 569 1697 603 necessaria
1726 578 1855 604 causa
1876 595 1887 612 ,
1925 565 2129 616 Scriptura
2160 566 2285 604 latere
2314 567 2474 603 voluerit
2495 593 2506 603 .
2536 565 2586 603 Et

1465 619 1553 657 Lib.
1576 619 1624 656 ll.
1667 619 1730 656 De
1759 622 1928 669 nuptiis,
1971 618 2020 657 Θ
2049 623 2369 668 concupiscentia
2411 633 2496 671 cap.
2525 631 2586 657 ιι.

1464 681 1665 724 postquam
1687 673 1867 719 dixisset,
1897 673 2230 709 circumcisionem
2260 673 2299 709 in
2321 672 2493 724 parvulis
2522 686 2588 710 va-

1465 725 1580 762 luisse
1610 727 1654 763 ad
1685 725 2021 778 significationem
2065 727 2311 776 purgationis
2352 725 2588 776 originalis,

1465 782 1678 829 veterisque
1705 782 1884 829 peccati,
1923 778 2076 825 subdit,
2127 780 2239 815 etiam
2270 786 2353 815 aute
2383 779 2587 815 circumci-

1461 832 1601 869 sionem
1634 846 1700 884 per
1729 833 1846 870 fidem
1868 834 1904 870 in
1921 831 2048 869 Jesum
2071 831 2261 868 Christum
2295 840 2495 869 venturum
2512 830 2584 867 sal·

1463 898 1526 921 vos
1557 885 1691 933 fuisse,
1720 886 1878 936 pusillos
1898 897 1990 921 cum
2020 888 2203 936 maguis.
2233 883 2368 936 Magni
2400 883 2587 935 justifica-

1461 937 1598 974 bautur
1628 951 1695 988 per
1726 938 1842 985 fidem
1873 937 2061 975 actualem
2107 939 2144 974 in
2175 937 2305 975 Jesum
2354 946 2586 974 veniturum:

1462 989 1593 1040 pusilli
1623 999 1778 1038 autem,
1810 990 1924 1041 hujus
1953 990 2112 1028 actualis
2142 990 2231 1028 fidei
2262 992 2491 1043 incapaces,
2521 990 2586 1027 de-

1461 1043 1604 1080 bebant
1649 1045 1780 1095 utique
1811 1057 1876 1095 per
1925 1043 2079 1095 aliquod
2109 1043 2402 1082 Sacramentum
2446 1043 2588 1096 justifi-

1461 1097 1540 1133 cari
1572 1094 1627 1146 (b)
1651 1123 1661 1134 .

1520 1149 1583 1186 55.
1615 1148 1795 1187 Secundo
1814 1176 1824 1189 .
1873 1149 1915 1187 ld
1946 1150 2073 1201 ipsum
2117 1151 2306 1189 evincitur
2336 1163 2379 1187 ex
2410 1149 2518 1188 fideli
2547 1149 2590 1188 S.

1463 1202 1666 1252 Augustini
1703 1202 1923 1256 discipulo,
1966 1213 2169 1255 nostroque
2198 1202 2384 1253 Magistro
2413 1203 2454 1240 S.
2485 1202 2589 1239 Tho-

1462 1268 1551 1303 ma,
1594 1257 1662 1307 qui
1694 1256 1731 1294 5.
1753 1256 1794 1295 P.
1825 1265 1958 1309 quaest.
1991 1255 2054 1307 '‘Jo.
2083 1266 2154 1294 art.
2177 1257 2215 1302 4.
2245 1270 2334 1294 cum
2383 1257 2514 1295 eodem
2546 1254 2589 1293 S.

1462 1307 1574 1345 Patre
1591 1339 1601 1356 ,
1632 1309 1764 1358 docet,
1796 1311 1834 1348 in
1851 1311 2141 1348 circumcisione
2173 1311 2287 1347 fuisse
2310 1309 2486 1347 collatam
2503 1323 2589 1364 gra·

1462 1363 1553 1398 tiam
1583 1362 1881 1412 justificantem,
1910 1377 1991 1400 non
2012 1376 2065 1401 ex
2094 1367 2231 1400 Virtute
2247 1365 2585 1410 circumcisionis,

1461 1414 1531 1452 sel
1561 1428 1614 1452 ex
1643 1420 1778 1454 virtute
1814 1416 1919 1468 fiilei
1948 1420 2147 1466 passionis
2181 1415 2347 1464 Christi,
2394 1417 2506 1468 cujus
2534 1418 2587 1452 si-

1460 1481 1583 1519 gnum
1614 1479 1702 1507 erat
1744 1474 2017 1508 circumcisio.
2068 1473 2083 1521 (
2114 1472 2242 1518 Quam
2275 1471 2502 1521 Augustini,
2548 1468 2583 1505 δε

1462 1521 1625 1559 Thomae
1670 1525 1890 1562 senteutiam
1928 1538 2014 1575 cap.
2043 1538 2121 1576 seq.
2151 1524 2238 1561 data
2280 1536 2396 1575 opera
2440 1535 2584 1574 propu-

1460 1576 1665 1626 gnabimus
1695 1578 1738 1626 ).
1770 1579 1810 1615 ln
1834 1591 1932 1628 resp.
1961 1586 2089 1614 antem
2119 1578 2164 1614 ad
2184 1591 2220 1614 2.
2252 1576 2406 1628 loquens
2427 1577 2473 1613 de
2491 1585 2586 1614 tem-

1461 1642 1551 1680 pore
1581 1639 1666 1667 ante
1694 1630 2035 1668 Circumcisionem
2055 1661 2064 1678 ‚
2094 1629 2290 1682 probabile
2320 1639 2377 1667 est
2395 1659 2404 1677 ,
2437 1630 2583 1681 iuquit,

1461 1682 1564 1731 quoti
1590 1694 1776 1733 parentes
1795 1683 1944 1734 fideles
1972 1696 2041 1733 pro
2062 1684 2232 1733 parvulis
2262 1688 2393 1730 natis,
2423 1682 2472 1722 Θ·
2495 1696 2584 1720 ma·

1461 1740 1572 1772 xime
1589 1741 1630 1773 in
1645 1738 1817 1787 periculo
1847 1736 2104 1774 existentibus
2122 1767 2132 1784 ,
2163 1738 2318 1786 aliquas
2339 1748 2474 1785 preces
2496 1735 2583 1773 Deo

1446 1786 1674 1836 funderent
1697 1819 1707 1835 ,
1751 1791 1807 1826 vel
1837 1791 2018 1839 aliquam
2048 1789 2357 1827 benedictionem
2389 1792 2444 1825 eis
2474 1788 2586 1825 adhi-

1459 1838 1595 1876 berent
1627 1845 1641 1889 (
1671 1841 1773 1890 quod
1802 1851 1891 1878 erat
1920 1841 2120 1891 quoddam
2151 1844 2410 1894 signaculum
2431 1841 2536 1892 fitlei
2565 1842 2581 1890 )

1457 1896 1557 1929 sicut
1586 1893 1711 1930 <idalii
1740 1906 1809 1945 pro
1838 1907 1880 1931 se
1910 1897 2003 1944 ipsis
2031 1907 2195 1944 preces,
2224 1894 2502 1946 &Sacrificia
2523 1894 2584 1947 of-

1443 1946 1641 1998 ferebant
1658 1972 1668 1984 .

1515 2000 1577 2046 54.
1597 2001 1732 2038 Dices.
1764 2000 1868 2037 Idem
1901 1997 2107 2051 Angelicus
2138 2001 2175 2038 in
2206 1999 2310 2038 laud.
2334 2001 2416 2039 loco
2438 2003 2587 2054 iuquit:

1459 2053 1556 2091 Ante
1584 2055 1917 2091 circumcisionem
1948 2067 2030 2090 non
2060 2053 2335 2103 requirebatur
2355 2055 2516 2105 aliquod
2535 2059 2587 2093 si-

1458 2120 1585 2158 gnum
1613 2111 1910 2156 protestativum
1942 2106 2056 2158 liujus
2073 2106 2179 2160 fitlei
2201 2123 2216 2152 ;
2244 2118 2280 2145 at
2310 2123 2399 2148 vero
2428 2111 2508 2147 siue
2537 2111 2588 2148 si-

1457 2172 1530 2210 gno
1559 2159 1712 2198 nullum
1743 2175 1819 2197 esse
1850 2169 1964 2212 potest
1994 2160 2282 2199 Sacramentum
2304 2188 2314 2199 .

1513 2214 1576 2250 55.
1609 2212 1747 2265 Resp.,
1792 2213 1833 2251 S.
1865 2212 2055 2263 Tbomam
2088 2214 2235 2251 ibidem
2258 2229 2386 2262 'suam
2418 2225 2584 2254 mentem

1454 2265 1674 2317 explicare,
1717 2281 1790 2304 cun
1822 2266 1917 2304 hanc
1946 2269 2003 2303 sui
2034 2269 2162 2304 asserti
2202 2269 2389 2305 rationein
2420 2269 2578 2317 subdit,

1450 2323 1543 2369 quia
1571 2318 1751 2358 nondum
1781 2319 1960 2358 homines
1979 2318 2126 2371 fideles
2153 2325 2321 2359 seorsim
2356 2320 2406 2358 ab
2437 2322 2578 2375 infitie-

1449 2372 1546 2410 libus
1575 2383 1778 2424 coeperant
1818 2373 1994 2412 adunari
2037 2373 2092 2411 ad
2132 2375 2280 2412 cultum
2324 2379 2440 2412 unius
2472 2375 2576 2414 Dei.

1449 2426 1534 2464 Non
1568 2428 1693 2480 itaque
1723 2428 1990 2479 requirebatur
2019 2426 2174 2480 aliquod
2206 2430 2356 2479 signum
2387 2438 2581 2478 protesta-

1450 2484 1570 2517 tivum
1589 2481 1716 2533 fidei,
1747 2495 1822 2534 quo
1853 2479 2024 2518 homines
2054 2481 2186 2519 fideles
2214 2482 2262 2519 ab
2286 2482 2507 2520 infidelibus
2528 2497 2585 2520 se-

1451 2545 1724 2582 ceruereutnr,
1754 2534 2078 2587 quemadmodum
2111 2545 2235 2586 postea
2268 2536 2409 2574 factum
2441 2546 2492 2573 est
2522 2537 2582 2575 iu-.

1452 2589 1578 2626 stituta
1607 2589 1937 2634 Circumcisione3
1979 2586 2176 2638 probabile
2205 2598 2347 2628 tamen
2393 2598 2478 2636 est,
2522 2590 2582 2628 iu-

2420 2643 2532 2692 quit,

1453 2743 1511 2776 bus
1538 2754 1612 2788 cap·
1646 2742 1700 2776 De
1720 2743 1991 2776 circumcisione
2011 2741 2174 2781 Christi,
2199 2740 2259 2774 ubi
2286 2740 2361 2773 haec
2387 2741 2577 2784 leguntur:

1455 2790 1548 2823 Sane
1573 2790 1758 2833 Originule
1791 2797 1990 2832 peccatum,
2035 2790 2122 2830 quoti
2154 2801 2196 2819 ex
2231 2791 2354 2830 primis
2381 2787 2583 2820 Parentibus

1454 2841 1490 2869 in
1517 2844 1620 2868 totam
1645 2840 1784 2878 generis
1810 2836 1909 2881 hujus
1933 2838 2182 2866 succes-sionem
2202 2835 2380 2873 defluxit,
2407 2834 2577 2876 aliquibus

1453 2884 1618 2914 remediis
1643 2885 1791 2924 oportuit
1817 2884 1952 2923 erpiari
1968 2901 1978 2919 ,
2005 2883 2090 2912 licet
2117 2886 2179 2913 vim
2197 2883 2330 2922 plenum
2350 2879 2577 2926 justificandi

1453 2941 1517 2961 non
1546 2928 1724 2960 habuerint
1742 2949 1752 2967 ‚
1777 2929 1886 2960 clonec
1912 2929 2040 2959 adrem
2066 2931 2172 2970 ipsum
2191 2936 2317 2959 uentum
2344 2937 2416 2959 esc.
2445 2925 2577 2956 Verum

1455 2974 1629 3007 acutiores
1656 2974 1780 3006 Critici
1809 2971 1894 3005 illud
1921 2984 2006 3016 opus
2034 2973 2067 3004 S.
2098 2975 2247 3016 Μαι-ψη
2278 2972 2410 3016 jamdiu
2436 2969 2578 3013 abjudi-

1454 3028 1579 3053 carunt
1599 3041 1610 3060 ,
1636 3029 1674 3052 ut
1695 3018 1800 3052 Card-
1817 3019 1910 3051 Bonas
1937 3019 2013 3051 Lib.
2031 3020 2070 3051 li.
2097 3021 2140 3052 cle
2168 3021 2263 3052 rebus
2280 3019 2472 3058 Litargicis
2502 3027 2576 3061 cap.

1459 3067 1541 3107 14,
1584 3067 1683 3098 Rem.
1710 3065 1851 3098 Ceillier
1885 3067 1929 3097 cle
1951 3065 2097 3098 Auctor.
2131 3065 2228 3099 Eccl.
2260 3065 2358 3096 Tom-
2396 3062 2456 3094 ΙΙΙ.
2495 3073 2573 3106 pag.

1459 3113 1561 3150 1⁶30„
1599 3112 1773 3155 Dupinius
1809 3112 1843 3144 in
1871 3111 2039 3144 Btiltotlz.
2068 3112 2164 3144 lVowa
2192 3112 2290 3143 Tom.
2320 3108 2344 3139 1-
2365 3129 2375 3146 ,
2417 3121 2457 3140 ex
2484 3110 2577 3142 Aca-

1455 3157 1594 3190 tliolicis
1633 3159 1741 3189 Guill.
1779 3159 1870 3190 Cave
1908 3159 1940 3188 in
1968 3157 2066 3190 Hist.
2101 3158 2186 3190 Lm.
2227 3154 2400 3196 Scriptor.
2433 3153 2573 3187 Eccles.

1457 3204 1559 3236 Tom.
1588 3206 1636 3243 l.,
1675 3205 1824 3248 aliique.
1854 3202 1957 3236 Modo
1985 3203 2130 3237 dubium
2158 3212 2223 3234 non
2251 3208 2328 3239 est,
2365 3199 2457 3232 liunc
2485 3200 2578 3232 Tra-

1459 3258 1592 3282 ctatum
1621 3251 1793 3294 pertinere
1820 3249 1861 3282 ad
1890 3249 2082 3283 Arnoldurn
2100 3250 2349 3280 Carnotensem
2366 3266 2378 3287 ,
2403 3246 2578 3280 Abbatem

1457 3297 1559 3331 Bonae
1589 3297 1699 3333 Vallis
1717 3317 1729 3338 ,
1755 3296 1815 3342 qui
1841 3297 1928 3333 Saec.
1955 3297 2035 3332 ΧΗ.
2061 3293 2202 3330 floruit.
