2605 3624
904 112 984 157 DE
1019 111 1290 156 LOTIONE
1329 109 1540 153 PEDUM
1557 140 1568 152 .
2270 119 2326 164 45

77 199 168 240 tudo
198 200 509 239 Sacramentum
555 193 670 246 hujus
711 201 768 230 est
813 195 852 228 in
895 204 973 228 uno
1013 190 1196 240 Ordine,

76 257 226 293 scilicet
243 250 496 298 Sacerdotio,
525 247 651 286 sedin
680 245 769 284 aliis
799 254 857 283 est
885 245 1076 296 quoedam
1103 257 1197 294 par-

80 311 256 358 ticipatio
278 304 438 343 Ordinis
459 327 516 341 ....
537 300 592 339 Et
621 299 708 339 ideo
736 311 876 338 omnes
907 297 1078 337 Ordines
1105 307 1197 335 sunt

78 373 202 398 unum
227 364 532 398 sacramentum
550 381 560 393 .

136 425 223 463 277.
252 411 429 462 Denique
463 409 623 447 diversae
667 406 932 452 inunctiones,
979 417 1068 457 quae
1098 403 1197 458 fiunt

76 466 117 503 in
144 465 301 504 diversis
330 462 477 501 infirmi
507 462 704 513 partibus,
748 474 823 497 non
854 459 1011 497 tendunt
1046 459 1119 496 nisi
1148 457 1196 496 ad

77 530 210 565 unum,
224 516 394 568 adeoque
410 516 561 553 nonnisi
580 528 698 553 unum
717 513 883 552 efficiunt
901 519 1196 551 sacramentum.

136 570 295 618 Quaeres
322 573 476 620 primo,
506 581 576 606 cur
604 577 755 621 septem
784 566 1064 604 tantummodo
1081 596 1091 614 ,
1122 576 1197 603 nec

75 623 217 675 plura,
248 635 320 661 nec
348 627 540 675 pauct'ora
570 627 648 661 sint
678 618 992 659 Sacramenta?

131 676 224 728 278.
257 676 372 729 Resp.
390 707 401 725 ,
430 690 560 714 veram
583 675 698 728 liujus
717 674 814 713 sacri
830 673 981 711 numeri
1011 672 1197 710 rationem

74 742 147 767 non
175 744 255 768 esse
283 731 353 768 nisi
383 730 554 768 divinam
584 729 845 772 voluntatem3
875 738 987 764 nemo
1016 726 1116 762 enim
1140 725 1199 762 iu-

75 781 182 821 fictas
211 785 321 822 iverit
339 813 348 830 ,
379 785 540 835 potuisse
557 782 683 820 Deum
705 812 715 831 ‚
745 782 776 819 si
791 779 970 818 voluisset
987 809 998 826 ,
1027 786 1091 815 aut
1111 776 1200 830 plu-

76 848 148 884 ra,
179 845 241 875 aut
273 838 454 888 pauciora
473 836 717 874 Sacramenta
748 834 961 872 instituere.
991 831 1122 869 Variae
1145 839 1198 869 ta-

74 888 446 943 menaquibusdam
475 888 706 926 Doctoribus
734 886 863 924 allatae
892 894 979 924 sunt
1009 886 1196 933 rationes,

106 955 243 981 uarum
272 942 420 995 aliquas
436 941 680 980 Protestantes
694 953 768 978 non
788 938 913 978 solum
933 947 1197 986 contemnunt,

73 957 108 1032 gt
138 997 326 1045 irrident,
370 995 433 1033 sed
463 995 578 1032 etiam
609 1007 708 1033 novo
736 992 945 1032 cavillandi
976 1006 1114 1043 genere
1143 993 1196 1030 ita

73 1050 326 1101 impugnant,
368 1049 527 1101 perinde
555 1061 600 1086 ac
629 1050 659 1086 si
690 1049 737 1086 iis
768 1048 990 1085 inniteretur
1021 1046 1196 1084 firmissi-

70 1115 179 1140 mum
209 1111 375 1140 nentrum
403 1102 570 1153 dogma.
612 1101 688 1139 Nos
717 1101 866 1138 caeteris
909 1101 1034 1138 missis
1054 1129 1064 1146 ‚
1109 1113 1196 1136 eam

69 1154 294 1204 afferemus,
324 1168 440 1209 quam
455 1154 718 1194 catechismus
747 1154 940 1191 Romanus
967 1167 1010 1190 ex
1032 1153 1073 1190 S.
1091 1152 1198 1190 Tho-

70 1222 136 1246 ma
166 1208 202 1247 5.
233 1207 274 1246 P.
302 1218 438 1261 quaest.
458 1208 526 1248 65.
556 1217 626 1247 art.
654 1222 689 1246 i.
717 1209 768 1246 ita
797 1208 973 1260 proponit
995 1205 1035 1243 P.
1054 1207 1100 1244 ll.
1131 1205 1195 1243 De

67 1261 260 1300 Sacram.
288 1265 330 1300 in
355 1275 449 1315 gen.
478 1276 563 1315 cap.
592 1275 624 1299 ι.
654 1275 764 1300 num.
788 1273 851 1299 20.
883 1262 1085 1312 inquiens:
1118 1258 1200 1297 Cur

76 1323 214 1353 autem
243 1328 368 1368 neque
382 1316 498 1366 plura
513 1347 524 1365 ,
553 1329 681 1367 neque
699 1318 893 1366 pauciora
911 1322 1199 1362 numerentur,

74 1381 129 1407 ex
157 1372 203 1406 iis
231 1373 355 1408 etiam
385 1367 518 1418 rebus,
547 1382 637 1421 quae
664 1381 734 1420 per
761 1367 1060 1406 similitudinem
1077 1380 1104 1405 a
1119 1381 1194 1405 na-

75 1423 196 1460 turali
224 1426 303 1461 vita
330 1422 386 1461 ad
411 1424 658 1473 spiritualem
687 1421 989 1474 transferuntur
1005 1452 1015 1468 ‚
1054 1420 1196 1472 proba-

77 1473 143 1513 bili
170 1475 348 1527 quadam
377 1481 531 1516 ratione
558 1476 712 1515 ostendi
753 1480 891 1528 poterit
913 1501 924 1514 .
956 1474 1126 1512 Homini
1155 1488 1196 1514 e-

77 1532 162 1565 nim
190 1528 246 1566 ad
272 1530 497 1579 vivendum,
534 1535 734 1581 vitamque
762 1529 1085 1569 conservandam.
1108 1559 1118 1577 ‚
1148 1529 1203 1570 <9⁷

75 1593 130 1620 ex
158 1594 231 1620 sua
248 1612 259 1631 ,
307 1587 438 1634 reique
464 1583 630 1635 publicae
657 1584 827 1622 utilitate
868 1582 1165 1622 traducendam
1188 1612 1201 1631 ,

78 1634 166 1673 haec
193 1644 343 1688 septem
379 1642 615 1676 necessaria
652 1637 832 1675 videntur
851 1651 866 1680 ‚·
909 1645 950 1673 ut
980 1636 1127 1673 scilicet
1157 1639 1199 1671 in

74 1688 204 1726 lucem
232 1689 402 1738 edatur,
430 1699 655 1743 augeatur,
685 1691 821 1728 alatur
836 1704 852 1732 ‚·
879 1692 914 1726 si
944 1692 985 1725 in
1016 1687 1198 1725 morbum

75 1741 228 1778 incidat
249 1771 260 1790 ,
288 1751 480 1791 sanetur,
517 1742 766 1782 imbecillitas
793 1745 933 1779 virium
961 1740 1198 1794 reficiatur:

74 1792 217 1832 deinde
243 1795 346 1846 quod
373 1795 429 1833 ad
457 1795 741 1846 rempublicam
778 1798 920 1832 attinet
938 1824 949 1842 ,
997 1803 1036 1831 ut
1068 1798 1199 1846 magi-

77 1855 228 1884 stratus
256 1861 460 1900 nunquam
477 1848 604 1886 desint
623 1880 632 1897 ,
662 1862 825 1900 quorum
849 1852 1088 1886 auctoritate
1107 1878 1118 1895 ‚
1147 1848 1198 1888 ὢ

77 1903 240 1950 imperio
275 1911 438 1953 regatur
457 1917 474 1946 ;
519 1915 568 1939 ac
597 1912 795 1952 postremo
837 1902 1017 1953 legitima
1059 1899 1198 1938 sobolis

74 1956 360 2007 propagatione
388 1957 560 2003 seipsum
581 1985 591 2003 ,
621 1955 670 1995 <9-
699 1953 922 1991 humanum
949 1966 1075 2005 genus
1104 1966 1197 1991 con-

76 2013 230 2050 servem
272 2019 361 2056 quoe
388 2011 556 2055 omnia,
585 2011 776 2058 quoniam
807 2011 895 2045 vitae
924 2007 1000 2055 illi,
1044 2020 1123 2058 qua
1152 2019 1198 2044 a·

71 2062 188 2096 m'ma
218 2057 306 2097 Deo
333 2063 445 2109 vivit,
492 2060 733 2111 respondere
772 2064 874 2098 satis
903 2069 1099 2110 apparet,
1143 2074 1197 2099 ex

73 2115 122 2149 iis
150 2111 284 2163 facile
319 2112 680 2152 Sacramentormn
723 2126 912 2152 numerus
959 2114 1197 2167 colligetur.

74 2164 189 2204 Haud
217 2165 393 2205 dissimili
423 2169 567 2206 ratione
596 2181 807 2220 congruum
837 2182 914 2206 esse
934 2169 1197 2220 septenarium

75 2218 408 2259 sacramentorum
430 2234 631 2259 numerum
647 2222 862 2260 observavit
879 2221 1095 2260 Concilium
1108 2222 1197 2260 Flo-

72 2273 267 2332 rentinum
289 2299 301 2311 .
330 2273 407 2312 Alii
437 2274 532 2313 alias
560 2273 725 2314 afferunt
753 2277 947 2324 rationes,
990 2289 1089 2327 quas
1114 2275 1196 2314 lon-

73 2337 158 2376 gius
185 2328 359 2380 persequi
388 2341 464 2367 nou
494 2337 628 2368 vacat.

130 2377 286 2426 Quaeres
315 2380 511 2431 secundo,
548 2395 605 2420 an
633 2382 802 2434 aequalis
832 2385 880 2420 sit
910 2385 1092 2420 omnium
1119 2382 1197 2421 Sa-

72 2441 373 2471 cramentorum
401 2439 619 2475 necessitas
636 2466 646 2484 ‚
675 2437 724 2478 <9¹
754 2435 972 2489 dignitas?

128 2497 218 2538 279.
249 2484 458 2539 Respondet
472 2489 739 2529 catechismus
768 2489 879 2529 Rom.
900 2489 941 2528 P.
965 2489 1011 2527 11.
1040 2489 1104 2528 De
1119 2489 1195 2528 Sa-

72 2549 202 2577 cram.
230 2543 272 2577 in
298 2554 392 2594 gen.
420 2556 506 2596 cap.
533 2557 566 2582 ι.
596 2557 636 2583 n.
669 2557 733 2582 22.
765 2544 822 2582 liis
861 2544 1011 2582 verbis:
1046 2542 1196 2591 „Illud

75 2617 104 2638 „
130 2604 220 2630 vero
249 2595 416 2634 maxime
444 2597 830 2636 animadvertendum
847 2606 896 2636 est
915 2628 925 2645 ,
956 2598 1134 2649 quamvis
1153 2610 1195 2634 o-

75 2670 104 2690 „
131 2646 232 2683 mnia
246 2645 492 2689 Sacramenta
520 2651 724 2700 divinam,
755 2651 787 2687 8<
818 2650 1088 2689 admirabilem
1119 2653 1195 2690 vir-

75 2722 103 2742 „
130 2703 245 2759 ‘ute-m
274 2701 314 2740 iu
343 2716 383 2741 se
421 2705 668 2752 contineant,
712 2713 840 2743 tamen
877 2718 952 2742 nou
997 2719 1127 2758 parem
1156 2718 1196 2742 o-

77 2775 104 2793 „
133 2760 260 2800 mma,
302 2754 334 2792 &
364 2757 555 2810 aequalem
597 2759 883 2806 necessitatem,
927 2768 991 2796 aut
1030 2759 1195 2810 dignita-

77 2828 106 2847 „
136 2807 235 2850 ¹0¹¹),
276 2817 339 2845 aut
369 2823 484 2849 unam
502 2841 513 2860 ,
561 2812 814 2865 eamdemque
842 2811 1084 2864 significandi
1115 2813 1196 2849 vim

77 2881 105 2900 e,
136 2851 303 2895 habere·
345 2861 467 2915 Atque
496 2877 542 2902 ex
572 2867 616 2903 iis
653 2867 724 2904 tria
754 2874 837 2904 stunt
858 2895 869 2914 ,
911 2879 1000 2918 quae
1045 2867 1193 2904 tametsi

76 2934 105 2953 τι
133 2919 210 2967 1190
241 2909 369 2968 {adem
388 2918 558 2966 ratione,
595 2927 722 2957 tamen
754 2933 835 2971 prae
865 2922 998 2957 ceteris
1028 2933 1194 2958 necessa·

77 2987 107 3007 a»
137 2972 193 2997 fla
221 2961 424 3018 dicuutur.
466 2969 703 3022 Baptismum
733 2974 836 3011 euim
875 2974 1085 3025 unicuique
1114 2975 1196 3011 sine

77 3041 109 3060 2,
135 3011 219 3050 ulla
237 3015 484 3074 ’adjunctione
513 3027 763 3063 necessarium
793 3040 871 3065 esse
893 3056 903 3075 ,
933 3026 1107 3065 Salvator
1136 3026 1198 3065 his

79 3094 107 3114 2,
136 3065 264 3128 verbis
293 3069 501 3110 declaravit
515 3075 574 3112 Jo.
596 3077 661 3114 111.
690 3077 780 3116 Nisi
808 3084 893 3129 quis
921 3079 1196 3132 renatitssue-

76 3147 106 3167 κ
134 3128 184 3157 Πε
212 3120 300 3161 &a
343 3122 569 3163 Paenitentia
597 3140 684 3165 vero
719 3129 800 3169 illis
838 3134 1103 3171 tantummodo
1131 3148 1198 3172 ne·

81 3199 112 3220 2,
138 3176 298 3235 cessaria
328 3186 407 3226 est,
437 3179 504 3231 qui
534 3192 571 3217 se
601 3180 931 3233 postBaptismum
947 3185 1077 3239 aliquo
1095 3201 1199 3225 mor-

82 3252 114 3274 „
140 3226 206 3265 tali
236 3239 390 3281 peceato
408 3232 712 3278 obstrinxerunt3
742 3246 864 3285 neque
881 3239 980 3275 einim
1011 3249 1198 3279 aeternum

85 3305 116 3324 ς»
141 3281 298 3340 Uitium
329 3283 495 3337 effugere
515 3295 711 3337 poterunt,
743 3288 812 3324 nisi
842 3299 902 3324 eos
929 3291 1080 3330 admissi
1110 3308 1200 3345 pec·

88 3360 115 3379 η
142 3339 215 3370 ⁰²²¹
242 3336 312 3377 rite
346 3340 596 3390 poeuituerit.
638 3340 744 3379 Ordo
780 3349 991 3392 praeterea,
1034 3346 1099 3381 etsi
1127 3358 1203 3385 non

1268 220 1294 240 ‚‚
1325 188 1484 240 singulis
1514 188 1719 234 fidelibus,
1761 190 1824 227 toti
1855 199 1980 230 tamen
2011 190 2194 230 Ecclesiae
2224 194 2385 229 omnino

1266 273 1293 293 „
1322 242 1553 281 necessarius
1583 250 1659 279 est.
1692 241 1835 278 Verum
1866 244 1895 279 si
1910 245 2069 294 dignitas
2099 247 2136 283 in
2168 258 2383 283 sacramen·

1269 326 1295 346 „
1325 297 1370 333 tis
1399 303 1607 347 spectetur,
1651 293 1891 331 Eucliaristia
1920 299 2135 345 sanctitate,
2179 298 2211 334 8(
2243 309 2384 350 myste-

1266 379 1293 398 ,‚
1323 349 1469 387 riorum
1499 360 1689 396 numere,
1733 361 1779 386 ac
1808 348 2068 398 magnitudine
2105 350 2215 402 louge
2250 353 2385 390 ceteris

1266 431 1292 451 „
1321 400 1512 440 antecellit
1528 427 1539 439 .
1556 402 1578 417 ”

1322 455 1413 494 280.
1447 455 1542 492 Haec
1570 454 1743 492 doctrina
1783 461 1933 504 sumpta
1975 461 2026 490 est
2057 467 2099 490 ex
2130 455 2169 492 S.
2199 456 2349 496 Thoma
2371 488 2384 508 ,

1296 510 1332 547 ui
1363 509 1401 547 3.
1423 507 1465 547 P.
1494 516 1630 560 quaest.
1651 507 1717 546 65.
1747 514 1816 544 art.
1832 506 1872 551 4.
1903 515 2098 559 postquam
2128 507 2383 558 observasset,

1265 523 1473 615 dupliciter
1488 561 1637 614 aliquid
1658 560 1734 599 dici
1757 562 2008 598 necessarium
2029 575 2038 606 3
2069 572 2145 597 uno
2165 562 2275 598 modo
2292 568 2385 600 ,ςιύι-

1265 616 1444 668 pliciter,
1472 616 1568 653 sicut
1597 615 1706 653 cibus
1735 623 1785 651 est
1806 615 2042 652 necessarius
2072 616 2158 651 vitae
2176 613 2386 664 hunianazy,

1266 670 1345 707 alio
1373 669 1486 706 modo
1514 681 1595 706 non
1623 667 1880 717 simpliciter,
1923 668 2019 705 sicut
2060 681 2179 719 equus
2218 682 2387 706 necessa·

1267 724 1346 761 rius
1374 731 1427 760 est
1455 722 1501 760 ad
1533 723 1628 769 iter,
1659 723 1708 759 ita
1740 722 1885 772 pergit:
1914 750 1940 769 „
1961 719 2090 758 Primo
2120 720 2230 759 modo
2261 737 2390 759 neces-

1269 805 1296 826 „
1325 777 1443 814 sitatis
1471 784 1555 813 sunt
1572 775 1644 813 tria
1659 774 1907 813 Sacramenta
1934 775 2162 812 necessaria:
2198 774 2272 811 duo
2301 777 2390 827 qui-

1268 859 1296 878 „
1325 829 1412 867 dem
1442 842 1614 881 personae
1645 827 1853 879 singulari:
1883 828 2096 880 Baptismus
2116 826 2273 880 quidem
2290 842 2385 866 stm-

1268 912 1295 932 „
1324 883 1501 935 pliciter,
1529 883 1580 924 (θ’
1609 881 1816 927 absolute5
1851 879 2078 919 Poenitentia
2107 892 2260 928 autem,
2297 896 2387 934 sup-

1264 965 1291 985 „
1322 938 1443 988 posito
1472 945 1625 988 peccato
1654 935 1805 973 mortali
1837 944 1914 987 post
1943 934 2209 986 Baptismum5
2253 935 2390 974 Sacra-

1265 1019 1291 1039 „
1322 1000 1493 1029 mentum
1523 1000 1648 1028 autem
1678 990 1833 1028 Ordinis
1875 997 1926 1026 est
1969 990 2223 1026 necessarium
2255 989 2391 1027 Eccle-

1267 1074 1293 1092 „
1323 1046 1422 1090 siae3
1453 1045 1545 1095 quia
1575 1042 1636 1080 ubi
1653 1056 1731 1081 non
1762 1052 1818 1080 est
1832 1041 2096 1090 gubernator,
2126 1043 2286 1091 populus
2302 1055 2390 1080 cor-

1267 1127 1294 1146 „
1325 1107 1439 1144 ruet,
1470 1107 1508 1135 ut
1531 1098 1670 1134 dicitur
1699 1096 1810 1133 Prov.
1831 1095 1900 1133 ΧΙ.
1938 1096 1998 1140 14.
2028 1095 2101 1133 Sed
2132 1096 2294 1134 secundo
2310 1109 2392 1134 mo-

1266 1181 1294 1199 „
1321 1152 1371 1188 do
1398 1160 1481 1189 sunt
1510 1151 1722 1188 necessaria
1752 1148 1828 1186 alia
1858 1158 2091 1186 sacramenta
2109 1174 2121 1186 .
2164 1149 2263 1186 Nam
2292 1151 2390 1187 Con-

1266 1234 1295 1253 „
1323 1204 1490 1243 firmatio
1517 1203 1800 1255 quodammodo
1829 1201 1978 1254 perficit
2008 1201 2270 1252 Baptismum,
2315 1201 2394 1239 Ex-

1265 1287 1294 1307 „
1326 1267 1446 1295 trema
1475 1256 1617 1295 Unctio
1647 1255 1940 1300 Poenitentiam3
1979 1253 2271 1292 Matrimonium
2303 1268 2394 1292 vero

1266 1340 1294 1360 ,5
1323 1309 1510 1351 Ecclesiae
1554 1309 1840 1348 multitudinem
1870 1321 1938 1360 pet
1969 1310 2276 1360 propagationem
2304 1320 2395 1347 eon-

1266 1394 1295 1414 „
1322 1373 1444 1406 servat
1461 1365 1511 1404 .’'
1542 1363 1642 1403 Vide
1671 1364 1771 1404 dicta
1799 1362 1975 1415 superius
2003 1376 2043 1401 n.
2066 1362 2161 1408 204.

1674 1470 1846 1509 CAPUT
1884 1469 1990 1507 VIII.

1358 1578 1422 1618 De
1451 1579 1620 1616 Auctore
1648 1576 2007 1615 Sacramentorum
2037 1587 2150 1614 novae
2178 1577 2303 1630 Iegis.

1326 1685 1418 1723 281.
1440 1663 1619 1730 Sanctus
1649 1683 1818 1721 Thomas
1850 1681 1886 1721 3.
1918 1681 1958 1721 P.
1988 1692 2123 1734 quaest.
2154 1683 2220 1730 64.
2250 1692 2320 1723 art.
2356 1697 2394 1723 ῐ.

1268 1752 1379 1789 agens
1407 1739 1453 1775 de
1483 1751 1597 1775 causa
1625 1736 1960 1775 Sacramentorum
1977 1766 1988 1784 ,
2031 1741 2160 1785 primo
2185 1738 2391 1786 observat,

1267 1792 1490 1829 interiorem
1534 1789 1756 1827 eorumdem
1802 1788 2008 1836 effectum,
2057 1792 2126 1842 qui
2165 1800 2216 1828 est
2243 1792 2392 1842 gratia,

1267 1858 1347 1882 non
1373 1857 1478 1895 posse
1507 1857 1610 1890 esse,
1641 1843 1715 1881 nisi
1745 1857 1767 1880 a
1797 1842 1907 1890 Deo,
1937 1844 2029 1894 quia
2051 1872 2062 1891 ,
2092 1854 2131 1882 ut
2160 1843 2301 1882 dicitur
2319 1843 2392 1880 Ro-

1265 1911 1372 1935 man.
1392 1896 1496 1934 Vlll.
1522 1896 1586 1934 35.
1605 1926 1616 1944 ,
1646 1895 1758 1934 Deus
1779 1927 1790 1945 ,
1819 1900 1882 1947 qui
1907 1895 2104 1948 justificat
2122 1912 2138 1942 ‚·
2165 1906 2250 1936 tum
2277 1899 2395 1935 etiam

1265 1951 1359 2002 quia
1386 1950 1491 1988 solus
1519 1948 1629 1988 Deus
1658 1949 1829 1987 illabitur
1857 1954 2039 1998 animae,
2071 1954 2111 1987 in
2140 1964 2220 2002 qua
2247 1964 2388 1989 sacra-

1266 2007 1393 2042 menti
1422 2001 1587 2053 effectus
1615 2008 1749 2042 existit
1768 2031 1780 2042 .
1816 2003 1900 2042 Non
1931 2004 2125 2042 inficiatur
2154 2015 2280 2043 tamen
2311 2007 2393 2042 An-

1266 2056 1409 2109 gelicus
1427 2087 1437 2106 ,
1481 2062 1606 2095 etiam
1635 2057 1839 2096 hominem
1867 2070 1979 2108 posse
2007 2062 2165 2108 operari
2194 2057 2249 2096 aa
2291 2062 2394 2095 inte-

1267 2115 1417 2149 riorem
1445 2109 1635 2160 effectum
1665 2111 1953 2160 Sacramenti‚
1983 2116 2221 2162 inquantum
2250 2125 2391 2161 opera-

1267 2174 1329 2203 tur
1357 2177 1427 2216 per
1457 2164 1621 2203 modum
1650 2169 1822 2204 ministri
1830 2180 1848 2210 ,·
1889 2178 1990 2203 nam
2028 2165 2174 2204 eadem
2203 2170 2305 2202 ratio
2334 2169 2393 2201 esc

1271 2223 1444 2271 ministri
1462 2249 1471 2267 ‚
1515 2220 1565 2260 (9‘
1594 2223 1847 2257 instrumenti
1865 2233 1882 2263 ‚·
1922 2223 2119 2270 utriusque
2148 2223 2254 2256 enim
2286 2222 2396 2256 actio

1267 2277 1444 2312 exterius
1473 2271 1693 2311 adhibetur:
1731 2273 1802 2312 sed
1828 2276 1990 2310 sortitur
2018 2271 2204 2321 effectum
2234 2275 2396 2309 interio-

1267 2340 1354 2366 rem
1385 2340 1437 2365 ex
1454 2330 1590 2364 virtute
1603 2327 1834 2378 principalis
1849 2329 2034 2378 agentis,
2063 2323 2164 2376 quod
2179 2334 2236 2362 est
2257 2324 2393 2363 Deus.

1264 2380 1508 2419 Gohaerenter
1537 2381 1584 2417 ad
1615 2380 1697 2418 liaec
1721 2383 1760 2417 in
1788 2388 1857 2417 art.
1877 2392 1913 2416 2.
1933 2378 2089 2426 statuit,
2119 2378 2247 2416 solum
2263 2378 2394 2416 Deum

1265 2449 1342 2473 esse
1358 2435 1692 2473 Sacramentorum
1724 2434 1973 2471 institutorem
1996 2461 2006 2479 ‚
2035 2433 2129 2483 quia
2157 2448 2179 2470 a
2207 2431 2289 2469 solo
2309 2432 2398 2471 Deo

1266 2497 1318 2527 est
1347 2490 1466 2527 virtus
1497 2487 1757 2526 sacramenti:
1786 2499 1911 2538 neque
1942 2486 2045 2523 euim
2076 2483 2159 2522 haec
2189 2487 2310 2524 virtus
2325 2500 2393 2538 po·

1266 2550 1332 2579 test
1365 2555 1441 2579 esse
1470 2541 1518 2579 ab
1550 2539 1733 2589 homine,
1763 2541 1831 2592 qui
1863 2540 1981 2577 utitur
2009 2547 2266 2578 sacramento:
2298 2543 2396 2591 quia.

1264 2594 1381 2633 homo
1409 2608 1490 2632 non
1518 2603 1705 2645 operatur
1722 2624 1731 2642 ‚
1762 2595 1838 2631 nisi
1865 2605 1936 2642 per
1965 2591 2128 2633 modum
2158 2596 2393 2631 ministerii.

1321 2649 1412 2687 232.
1444 2647 1540 2686 Tota
1584 2648 1682 2686 hanc
1709 2648 1923 2686 doctrinam
1966 2654 2094 2699 postea
2135 2645 2327 2695 declarat,
2356 2645 2394 2682 δε

1265 2702 1467 2741 confirmat
1497 2702 1538 2741 in
1567 2711 1636 2740 art.
1659 2702 1697 2741 5.
1728 2714 1925 2753 quaereus,
1955 2709 2084 2738 utrum
2104 2699 2303 2748 Christus,
2333 2714 2396 2737 se-

1264 2757 1434 2795 cuudum
1463 2755 1562 2808 quod
1595 2755 1730 2803 homo,
1763 2754 1937 2792 habuerit
1955 2762 2173 2805 potestatem
2203 2755 2389 2806 operandi

1264 2811 1485 2848 interiorem
1531 2808 1710 2846 effectum
1751 2805 2122 2846 sacramentorum?
2179 2805 2397 2860 Respondet

1263 2874 1389 2903 autem
1412 2895 1424 2912 ,
1465 2862 1659 2901 Christum
1691 2863 1908 2899 interiorem
1938 2860 2273 2899 Sacramentorum
2305 2859 2395 2899 effe-

1264 2927 1368 2957 ctum
1399 2917 1580 2969 operari,
1612 2915 1646 2951 ἀ
1665 2914 1875 2954 secuudum
1905 2914 2008 2967 quod
2039 2923 2089 2953 est
2111 2914 2243 2962 Deus,
2274 2913 2306 2950 St
2337 2928 2394 2952 se-

1264 2973 1432 3011 cundum
1461 2971 1563 3022 quod
1584 2978 1635 3008 est
1665 2968 1779 3007 homo
1795 2983 1806 3014 3
1836 2969 1955 3006 aliter
1982 2977 2124 3007 tamen
2141 2999 2152 3017 ,
2182 2974 2231 3007 Θ·
2252 2968 2394 3005 aliter.

1266 3056 1293 3075 „
1321 3026 1423 3065 Nam
1451 3024 1657 3062 secundum
1688 3022 1790 3074 quod
1819 3032 1870 3061 est
1899 3022 2033 3071 Deus,
2061 3029 2240 3075 operatur
2271 3024 2308 3059 in
2323 3020 2395 3058 Sa-

1268 3109 1294 3129 „
1323 3078 1530 3118 cmmemis
1557 3090 1625 3129 per
1655 3081 1938 3114 auctoritatem
1959 3090 1973 3113 .·
2021 3076 2231 3114 secundum
2261 3084 2392 3112 autem

1268 3163 1293 3183 „
1326 3133 1428 3186 quod
1458 3140 1508 3169 est
1539 3131 1678 3178 homo,
1722 3139 1900 3181 operatur
1929 3130 1976 3167 ad
2007 3130 2205 3167 interiores
2235 3127 2394 3165 effeetus

1268 3216 1293 3236 „
1321 3187 1657 3226 Sacrameutorum
1687 3187 1888 3222 meritorie
1911 3214 1922 3231 ‚
1964 3183 2013 3223 <J
2043 3181 2260 3231 efficienter
2281 3211 2291 3228 ,
2328 3181 2391 3217 sed.

1268 3269 1295 3289 „
1324 3240 1683 3294 instrumentaliter
1704 3237 1865 3275 .....sed
1894 3237 1986 3289 quia
2016 3247 2067 3274 est
2096 3238 2390 3274 instrumentum

1269 3322 1297 3341 „
1325 3292 1574 3344 conjunctum
1603 3292 1794 3329 divinitati
1826 3293 1865 3328 in
1894 3302 2052 3341 persona
2075 3318 2085 3335 ,
2115 3288 2227 3325 habet
2254 3297 2390 3335 quam-

1268 3374 1300 3395 »
1325 3346 1415 3385 dam
1456 3344 1777 3398 principalitatem
1799 3374 1809 3392 ‚
1852 3342 1886 3379 &
1915 3342 2175 3381 causalitatem
2215 3343 2389 3393 respectu

2038 3407 2045 3412 ”
2229 3399 2337 3437 „m-
